3234 4975
1215 355 1331 404 LIB.
1371 355 1405 403 Ι.
1477 355 1533 402 C.
1574 353 1700 403 xm.

2500 347 2584 409 835

1130 618 1897 682 cmm

934 762 1096 828 Cum
1140 770 1236 835 tu,
1287 759 1521 849 Lydia,
1570 757 1827 846 Telephi

854 882 1187 949 Cervicem
1230 901 1519 957 roseam,
1568 900 1762 947 cerea
1804 879 2062 967 Telephi

936 1002 1190 1069 Laudas
1233 1000 1533 1076 brachia,
1581 1022 1701 1067 vae
1746 1022 1963 1067 meum

855 1127 1138 1190 Fervens
1183 1122 1420 1190 difficili
1462 1121 1593 1189 bile
1639 1133 1839 1187 tumet
1886 1122 2082 1188 iecur.

936 1285 1094 1348 Tum
1138 1303 1259 1349 nec
1302 1302 1485 1348 mens
1528 1280 1682 1346 mihi
1727 1300 1848 1347 nec
1889 1280 2068 1349 color
2544 1285 2583 1347 5

851 1406 1041 1472 Certa
1087 1403 1246 1470 sede
1290 1412 1578 1481 manent,
1627 1402 1858 1468 humor
1899 1412 1965 1468 et
2008 1402 2070 1467 in
2117 1423 2315 1490 genas

555 1565 684 1616 XIII.

753 1565 917 1615 Inscr.
953 1564 1091 1628 volg.
1146 1565 1222 1615 Aa
1246 1563 1475 1626 Lydiam.
1503 1591 1555 1599 —
1576 1563 1653 1613 Ad
1684 1564 1895 1624 Lydiam
1928 1564 1988 1613 de
2019 1562 2218 1625 Telepho
2245 1564 2295 1612 S.
2324 1565 2437 1614 Om.
2464 1565 2520 1614 Τ.

497 1668 550 1676 -
588 1641 637 1689 2.
674 1639 834 1702 cerea]
869 1640 1030 1689 lactea
1060 1653 1089 1689 e
1127 1638 1301 1689 Flavio
1336 1639 1508 1702 Capro
1541 1651 1594 1702 p.
1631 1637 1778 1689 2242.
1821 1637 1987 1688 Bentl.
2030 1665 2083 1674 —
2119 1638 2166 1690 4.
2203 1640 2338 1688 iecor
2367 1641 2422 1690 T.
2466 1668 2518 1675 —

488 1717 538 1764 5.
580 1715 711 1763 Tunc
742 1715 946 1773 BS‚LCt
978 1717 1031 1763 et
1063 1713 1251 1774 Bentl.,
1294 1726 1428 1763 sono
1460 1712 1753 1763 admodum
1789 1714 1991 1776 ingrato
2024 1716 2145 1763 ante
2174 1728 2263 1763 nec
2294 1740 2323 1750 -
2354 1741 2382 1751 -
2415 1728 2519 1765 nec.

493 1815 549 1824 —-
588 1790 844 1838 6.·manet
891 1788 947 1848 B,
1001 1788 1231 1838 Pottierii
1279 1786 1340 1848 4,
1392 1787 1485 1848 23,

1538 1788 1667 1838 item
1727 1801 1851 1838 cum
1911 1789 2076 1839 C2dd.
2136 1787 2406 1840 Pulmanni
2462 1803 2524 1839 ac

493 1865 694 1913 Veneta
729 1862 871 1914 ⁴478.
910 1861 1076 1912 Bentl.
1113 1865 1167 1913 et
1199 1864 1275 1923 F„
1310 1860 1464 1926 prob.
1501 1863 1693 1926 Zumpt
1721 1863 1833 1913 Lat.
1868 1864 1957 1914 Gr.
1995 1864 2042 1926 ἓ.
2081 1864 2193 1915 374.

491 1986 622 2035 XIII.
683 1985 892 2034 Poetica
926 1984 1222 2050 φαντασίᾳ
1261 1983 1409 2046 fingit
1441 1996 1472 2031 a
1546 1984 1744 2045 qualem
1769 1986 1993 2048 praefert
2034 1986 2249 2035 Latonia
2289 1987 2467 2046 Luna,
2524 1987 2589 2035 Ee

426 2058 628 2125 puella,
679 2072 840 2123 quam
886 2059 1122 2120 amabat,
1172 2058 1275 2109 sibi
1320 2072 1474 2123 prae-

426 2136 596 2186 latum
630 2147 751 2185 esse
796 2132 1192 2184 adolescentem
1232 2133 1468 2195 rivalem,

425 2221 535 2271 qua
569 2207 637 2257 de
673 2221 731 2257 re
764 2205 1075 2277 ζηλοτυπίᾳ
1121 2210 1343 2272 agitatus
1375 2222 1473 2258 ve-

427 2283 711 2333 hementer
733 2283 988 2347 queritur,
1024 2283 1246 2347 Lydiam
1269 2285 1469 2343 monet,

428 2371 499 2408 ne
535 2356 766 2421 Telepho
800 2360 956 2409 nimis
990 2359 1145 2421 fidat,
1183 2362 1238 2409 et
1270 2362 1472 2410 sortem

426 2444 581 2482 suam
618 2431 899 2497 deplorans
921 2433 1107 2484 fideles
1130 2437 1369 2484 amantes
1394 2433 1472 2483 t'e-

423 2506 556 2557 lices
578 2508 864 2570 praedicat.
903 2510 1310 2572 compositionis
1331 2512 1473 2559 tem-

430 2595 533 2646 pus
567 2582 828 2632 incertum
852 2585 949 2632 est.

472 2657 522 2704 2.
558 2657 770 2719 roseam]
794 2655 1045 2720 «pulchre
1065 2657 1468 2706 rubicundam.»

422 2731 564 2792 virg.
619 2733 748 2779 Aen.
806 2731 860 2791 4,
915 2730 1043 2782 402:
1103 2732 1283 2783 Venus
1325 2745 1472 2781 rosea

423 2805 613 2855 cervice
627 2804 835 2867 refulsit.
864 2807 995 2855 Aen.
1015 2806 1065 2864 2,
1090 2806 1211 2855 593:
1235 2820 1473 2867 roseoque

424 2879 765 2939 Μαίη-νυμον
781 2880 972 2928 addidit
989 2893 1091 2929 ore.
1117 2907 1171 2915 —
1188 2882 1348 2944 cerea]
1364 2894 1470 2929 non

424 2957 536 3002 tam
561 2952 792 3012 «mollia,
831 2952 1078 3003 flexibilia
1106 2952 1266 3004 veluti
1292 2968 1467 3015 ceram

425 3039 589 3090 quam
626 3026 913 3086 «candida,
952 3030 1010 3077 ut
1033 3042 1153 3077 cera
1190 3027 1339 3078 alba»
1378 3029 1470 3091 (sic

425 3103 572 3151 enim
613 3099 794 3150 malim
833 3115 958 3152 cum
991 3103 1273 3165 Doeringio
1308 3116 1470 3166 quam

423 3189 552 3226 cum
586 3176 647 3225 fl.
677 3174 1013 3241 Peerlkamp:
1054 3179 1193 3227 «tam
1227 3175 1467 3241 pulchra,

424 3263 591 3334 quam
646 3249 820 3300 solent
874 3264 994 3301 esse
1049 3252 1102 3301 in
1157 3251 1470 3314 imaginibus

420 3325 635 3375 cereis»
722 3325 876 3374 affert
922 3326 1219 3376 Ennodium
1267 3328 1318 3376 in
1363 3326 1469 3375 vita

423 3399 704 3464 Epiphanii
737 3413 790 3463 p.
829 3400 953 3450 36⁴:
988 3401 1130 3464 frons
1161 3415 1334 3451 cereae
1356 3403 1474 3464 pul-

420 3474 734 3524 chdwdinis.
739 3474 780 3538 )‚
837 3476 1061 3538 imagine
1118 3475 1336 3539 quidem
1379 3490 1470 3526 re-

420 3549 723 3599 centiorum
757 3548 1049 3612 linguarum
1093 3550 1252 3600 indoli
1293 3552 1469 3601 minus

417 3625 568 3687 apta,
615 3622 757 3673 unde
792 3625 1109 3687 interpretes
1152 3625 1204 3673 in
1240 3638 1303 3674 ea
1337 3625 1469 3674 hae-

418 3699 635 3756 serunt;
673 3697 866 3746 acriter
886 3700 1102 3760 poetam
1124 3699 1470 3762 reprehendit

415 3769 655 3833 Scaliger
709 3773 891 3834 pater,
951 3772 1143 3837 cupide
1199 3774 1466 3825 Bentleius

413 3845 641 3908 arripuit
686 3845 843 3909 Capri
887 3843 1136 3912 σφάλμα
1181 3864 1466 3914 μνημονι-

413 3915 532 3969 κὸν
566 3920 742 3969 lactea.
815 3922 956 3982 (Stat.
1007 3922 1128 3974 Silv.
1180 3925 1229 3986 2,
1277 3925 1324 3985 4,
1367 3926 1461 3975 50:

413 3994 516 4043 heu
549 3994 712 4043 lactea
742 3995 872 4044 colla
893 3996 1209 4060 brachiaque.
1248 3999 1466 4063 Cupidi-

412 4071 502 4118 nis
537 4069 750 4118 cervices
782 4070 969 4121 lacteas
1001 4072 1276 4137 praedicat
1305 4073 1461 4137 Apul.

410 4145 541 4196 Met.
597 4144 653 4204 ὅ,
691 4146 792 4208 22.)
862 4146 1050 4198 Similis
1088 4142 1378 4212 ἀντίθεσις
1412 4150 1464 4200 in

1544 2059 1683 2108 color
1734 2060 1786 2108 in
1840 2061 1982 2110 niveo
2030 2073 2242 2121 corpore
2281 2074 2583 2122 purpureus.

1549 2159 1605 2169 —
1657 2133 1860 2197 Telephi]
1903 2135 2165 2184 Amatoris
2206 2147 2403 2184 nomen
2442 2134 2588 2184 iden-

1546 2208 1711 2257 tidem
1741 2209 1792 2257 in
1816 2222 1909 2258 ore
1934 2208 2221 2259 habentem
2244 2209 2464 2271 Lydiam
2488 2209 2587 2258 hac

1545 2283 1818 2333 iteratione
1850 2282 2119 2333 describit.

1610 2394 1658 2444 3.
1696 2393 1743 2445 4.
1780 2395 1888 2459 vae]
1925 2395 2005 2445 Ad
2041 2407 2197 2444 usum
2231 2395 2387 2445 huius
2412 2395 2580 2445 interi.

1546 2467 1848 2520 absolutum
1900 2469 2035 2520 conf.
2082 2467 2418 2532 Virgilianum
2460 2467 2585 2520 illud

1547 2543 1654 2594 Ecl.
1695 2545 1742 2604 9,
1780 2546 1871 2594 28:
1907 2547 2124 2595 Mantua
2153 2559 2249 2594 vae
2278 2545 2491 2593 miserae
2510 2546 2587 2592 ni-

1544 2621 1703 2668 mium
1763 2620 1932 2668 vicina
1996 2620 2294 2669 Cremonae!
2361 2620 2587 2666 Senten-

1545 2695 1673 2743 tiam
1692 2693 1991 2742 extenuavit
2025 2695 2154 2743 Dan.
2177 2693 2418 2741 Heinsius
2453 2704 2585 2740 con-

1545 2769 1727 2817 iiciens
1759 2781 1856 2816 nae
1886 2781 2067 2816 meum.
2115 2792 2170 2802 —-
2205 2766 2431 2828 Famem]
2466 2766 2583 2814 Ari-

1544 2841 1763 2893 stoteles
1797 2842 1864 2892 de
1901 2843 2060 2892 anim.
2101 2842 2149 2900 4,
2193 2842 2282 2891 44.
2343 2834 2486 2910 ὀργὴ
2530 2841 2586 2891 τί

1543 2918 1732 2976 eoum
1775 2911 1810 2966 6
1841 2915 1951 2981 μὲν
1982 2911 2092 2986 γὰρ
2137 2909 2324 2987 ὄρεξιν
2356 2911 2584 2965 ἀντιλυ-

1545 2989 1775 3057 πήσεως
1805 3019 1836 3029 -
1868 3019 1900 3030 -
1934 2985 1968 3040 6
2010 2988 2075 3041 δὲ
2118 2993 2270 3054 ζέσιν
2312 2987 2415 3040 τοῦ
2459 2990 2585 3060 περὶ

1543 3064 1781 3136 καρδίαν
1829 3064 2076 3131 αἵματος
2130 3060 2172 3131 ἢ
2224 3062 2462 3135 θερμοῦ.
2527 3093 2580 3100 -

1544 3142 1751 3208 difficili]
1817 3156 2069 3193 «morosa
2132 3145 2187 3191 et
2248 3140 2581 3191 truculenta»

1546 3221 1720 3282 (Corn.
1760 3220 1891 3281 Nep.
1928 3219 2031 3266 Att.
2058 3218 2114 3266 δε
2154 3219 2211 3278 Q.
2251 3217 2582 3267 Caecilius--

1543 3295 1839 3358 difficillima
1870 3297 2077 3354 natura,
2114 3293 2255 3341 cuius
2285 3293 2355 3339 sic
2389 3291 2584 3352 asperi-

1541 3374 1694 3418 tatem
1740 3368 1927 3417 veritus
1970 3373 2039 3417 est
2086 3367 2244 3428 cet),
2299 3367 2356 3414 ut
2400 3367 2583 3414 contra

1539 3443 1706 3507 facilis
1746 3442 1890 3492 idem
1934 3441 2044 3491 sere
2079 3439 2344 3490 interdum
2387 3437 2584 3500 signifi-

1543 3520 1629 3567 cat
1652 3531 1714 3566 ac
1739 3517 1937 3576 «mitiS,
1975 3516 2143 3566 comis
2160 3533 2202 3562 n.
2234 3541 2290 3550 -
2314 3511 2467 3575 iecur]
2493 3524 2584 3562 se-

1542 3592 1640 3642 des
1675 3591 2133 3656 perturbationum
2168 3589 2345 3648 animi,
2382 3590 2440 3637 ut
2475 3587 2580 3635 Sat.

1543 3668 1589 3728 4,
1645 3668 1694 3726 9,
1733 3668 1819 3716 66:
1874 3680 2037 3716 meum
2080 3667 2220 3715 iecur
2260 3676 2408 3712 urere
2453 3662 2577 3710 bilis.

1541 3741 1683 3791 Iliad.
1704 3758 1743 3801 ι,
1772 3741 1891 3792 642:
1931 3737 2215 3790 οἰδάνεται
2235 3735 2439 3808 κραδίη
2473 3732 2581 3797 χό-

1539 3814 1638 3883 λῳ.
1720 3815 1852 3866 Alibi
1913 3815 2073 3864 sedes
2122 3815 2203 3863 est
2250 3812 2582 3862 vehementis

1539 3891 1754 3940 amoris.
1793 3889 1888 3940 Od.
1927 3887 1975 3948 4,
2015 3889 2061 3949 4,
2090 3889 2177 3937 ⁴2:
2215 3887 2271 3936 Si
2302 3887 2583 3937 torrereie-

1535 3978 1631 4015 cur
1662 3965 1864 4028 quaeris
1893 3965 2139 4014 idoneum.

1603 4076 1653 4125 6.
1676 4077 1724 4125 7.
1759 4076 1979 4139 maneat]

1539 4149 1637 4201 sed
1661 4149 1949 4200 identidem
1972 4151 2293 4200 mutantur.»
2335 4145 2575 4212 Apollon.

2015 4088 2151 4125 «non
2180 4073 2281 4125 sibi
2315 4075 2576 4133 constant,

413 4219 723 4270 Pseudotib.
761 4221 818 4282 3,
855 4221 912 4282 4,
951 4223 1039 4273 30:
1090 4224 1292 4274 Candor
1334 4230 1462 4288 erat,
1539 4225 1707 4277 Rhod.
1735 4226 1784 4286 3,
1810 4225 1931 4275 297:
1970 4215 2164 4288 (οὖλος
2180 4218 2389 4296 ’Ἐρωω
2423 4217 2578 4272 ἁπα-
