3234 4975
1145 381 1259 430 Lm.
1301 381 1335 430 Ι.
1408 382 1464 429 (2.
1507 380 1742 431 xxxvn.

834 538 1118 624 Corpore
1163 535 1561 604 combiberet
1604 558 1959 609 venenum,

748 695 1112 761 Deliberata
1156 707 1360 762 morte
1410 696 1722 773 ferocior,

754 818 978 883 Saevis
1024 815 1320 884 Liburnis
1367 818 1612 884 scilicet
1657 818 1949 884 invidens

2489 822 2570 883 30

878 940 1129 1005 Privata
1173 938 1409 1006 deduci
1455 939 1740 1027 superbo

640 1075 647 1109 ¹
968 1064 1103 1126 Non
1149 1061 1402 1126 humilis
1448 1061 1682 1127 mulier
1723 1062 2060 1150 triumpho.

548 1282 625 1330 28.
662 1282 859 1329 Pectore
894 1279 1024 1327 Cod.
1065 1277 1274 1329 Mentel.

417 1476 690 1528 absolutus
723 1490 885 1541 quam
922 1474 1362 1535 instrumentalis»,
1401 1479 1461 1526 ut

417 1550 647 1601 nonnulli
680 1548 888 1600 volunt:
928 1563 1056 1614 «per
1089 1553 1321 1601 mortem
1360 1549 1459 1599 de-

416 1625 693 1676 liberatam
735 1626 962 1675 ferocior
1002 1625 1191 1675 facta.»
1260 1627 1456 1675 Lucan.

415 1701 475 1761 4,
511 1700 634 1752 534:
668 1700 832 1750 stabat
863 1702 1040 1749 devota
1067 1701 1317 1759 timentia-s,
1353 1701 1462 1749 Do-

414 1781 593 1824 mnata
624 1776 729 1824 iam
761 1775 868 1824 luce
898 1776 1062 1838 ferooe.
1122 1775 1250 1823 Stat.
1288 1772 1454 1823 Theb.

420 1850 508 1909 42,
561 1849 682 1899 760:
740 1851 849 1899 Iam
897 1850 1043 1897 letale
1092 1849 1263 1910 furens
1310 1853 1461 1909 atquo

418 1925 596 1973 audam
627 1929 787 1973 morte
815 1924 1009 1985 littura.

481 2026 561 2075 30.
632 2026 819 2089 Saeuis]
880 2024 1194 2076 «hostilibus
1252 2025 1456 2089 ipsique

418 2099 655 2150 ultimam
688 2099 937 2163 triumphi
985 2101 1322 2162 ignominiam
1358 2103 1459 2150 mi-

418 2173 765 2225 uitantibus.»
824 2202 876 2210 —
932 2174 1183 2223 Liburnae
1224 2173 1460 2246 (Λιβυρ-

416 2246 582 2311 νίδες)
618 2261 809 2306 naves3
848 2262 1011 2311 parva
1047 2262 1110 2298 ac
1144 2247 1345 2298 velocia
1370 2263 1462 2299 na-

416 2325 575 2387 vigia,
613 2322 681 2372 ad
706 2335 892 2371 eorum
916 2321 1313 2373 similitudinem
1337 2337 1463 2373 con-

416 2400 643 2457 structa,
682 2396 876 2460 quibus
910 2395 1032 2446 olim
1058 2396 1297 2456 Liburni,
1336 2396 1460 2461 Illy-

416 2472 526 2522 rica
549 2484 706 2536 genS,
737 2470 1014 2535 piraticam
1041 2474 1355 2522 exercentes
1379 2472 1461 2522 usi

419 2549 592 2606 erant,
619 2546 729 2596 fere
753 2546 1008 2597 biremes.
1047 2545 1200 2597 Silius
1226 2546 1304 2607 43,
1330 2546 1456 2597 240:

419 2621 566 2685 aqilis
582 2621 821 2671 Liburna.
844 2622 1043 2670 Harum
1058 2622 1285 2671 maxime
1298 2635 1459 2685 opera

418 2696 623 2745 Antonii
669 2708 833 2745 naves
878 2695 1020 2758 apud
1054 2697 1263 2745 Actium
1298 2696 1461 2746 disie-

418 2773 531 2820 ctas
566 2783 685 2820 esse
722 2770 818 2819 Dio
862 2773 915 2819 et
958 2768 1043 2818 alii
1087 2772 1359 2820 testantur.
1403 2798 1457 2806 —

416 2845 652 2908 &miden-3]
702 2845 805 2894 «iis
858 2844 1092 2908 (propter
1141 2858 1460 2907 generosum

419 2918 797 2982 contemptum)
844 2919 1060 2969 minime
1104 2918 1459 2969 concedens.»

484 3021 563 3070 34.
613 3021 844 3085 stivam]
902 3021 1159 3085 «pristina
1210 3021 1459 3084 dignitate

419 3094 636 3158 spoliata
656 3133 668 3155 ‚
705 3109 811 3146 non
845 3096 951 3146 iam
986 3096 1218 3158 regina.»

482 3187 560 3236 32.
600 3189 711 3237 Non
744 3189 958 3252 hmilis]
1004 3189 1198 3239 «immo
1233 3200 1463 3252 genero-

586 4367 765 4413 noim.
802 4378 912 4412 vot..
950 4366 981 4410 l.
1024 4364 1121 4412 ἰιι
1155 4378 1306 4412 anon
1339 4365 1412 4410 111.

1320 1305 1371 1313 -
1410 1278 1686 1327 conbiberet
1720 1280 1774 1328 T.

1531 1476 1794 1526 sissima.»
1848 1476 2010 1525 «Nam
2035 1478 2088 1525 et
2110 1477 2166 1526 Τ.
2194 1477 2370 1527 Livius
2394 1478 2572 1538 refert,

1532 1548 1704 1609 illam,
1740 1564 1864 1599 cum
1899 1550 1966 1600 de
2003 1550 2258 1601 industria
2291 1564 2322 1600 a
2347 1552 2575 1602 Caesare

1532 1621 1885 1687 indulgentius
1907 1627 2248 1684 tractaretur,
2285 1625 2576 1676 identidem

1533 1699 1712 1749 dicere
1757 1697 1992 1749 solitam:
2054 1694 2135 1750 Οὐ
2179 1698 2577 1769 θριαμβεύσο-

1530 1788 1690 1838 μαι.»
1760 1775 2004 1823 Ροιηπι.
2077 1774 2183 1824 Ctr.
2221 1774 2355 1826 Flor.
2391 1775 2451 1836 4,
2495 1777 2575 1826 44.

1532 1849 1590 1897 In
1612 1847 1882 1910 triumpho
1906 1850 2089 1910 postea
2116 1846 2427 1913 Cleopatrae
2451 1851 2582 1899 ima-

1532 1922 1709 1983 ginem
1759 1920 1976 1983 alligatis
2034 1921 2252 1972 brachio
2306 1923 2581 1988 aspidibus

1533 1993 1899 2045 circumlatam
1935 2009 2055 2045 esse
2090 1995 2249 2046 docet
2277 1997 2580 2061 Propertius

1533 2070 1590 2129 3,
1648 2070 1739 2129 44,
1787 2071 1876 2119 52:
1931 2070 2171 2132 Accepere
2212 2076 2329 2121 tuae
2369 2073 2583 2122 Romula

1529 2144 1699 2193 vincla
1717 2158 1916 2194 manus.
1947 2146 2168 2195 Brachia
2187 2149 2404 2207 spectavi
2424 2149 2584 2196 sacris

1533 2220 1773 2268 adunorsa
1812 2219 2026 2268 colubris
2067 2221 2134 2269 Et
2176 2221 2374 2271 trahem
2412 2222 2580 2271 occul-

1533 2298 1640 2341 tum
1670 2293 1894 2342 membra
1926 2296 2119 2355 soporis
2149 2296 2259 2344 iter
2331 2298 2579 2346 Ponanus

1535 2367 1585 2416 in
1622 2365 1827 2417 Anthol.
1869 2370 2047 2418 Burm.
2086 2370 2133 2418 4.
2172 2383 2225 2433 p.
2263 2371 2387 2419 225:
2440 2371 2582 2420 Picta

1530 2442 1630 2506 fuit
1662 2445 1914 2505 quondam
1943 2445 2116 2494 Hiar-ii
2146 2446 2324 2510 ruffina
2358 2446 2576 2508 Canopi,

1532 2517 1725 2580 Artifici
1755 2519 1980 2581 somata
2015 2534 2199 2579 mmm
2251 2534 2373 2570 nam
2413 2523 2582 2571 vivore

1533 2605 1733 2652 ser-pem
1781 2593 2011 2642 Creditur
2059 2600 2106 2644 et
2146 2608 2318 2644 morsa
2357 2597 2581 2658 qaudam

1535 2668 1659 2716 dare
1706 2666 1818 2728 sata
1859 2668 2070 2729 papilla.
2165 2670 2205 2718 Ο
2256 2683 2409 2731 quam
2455 2670 2580 2719 vivit

1535 2744 1691 2802 opus!
1747 2755 1900 2803 quam
1943 2756 2104 2803 paona
2141 2745 2313 2806 flaura
2360 2745 2581 2794 dolorem

1536 2817 1696 2865 Sentit
1744 2821 1791 2864 ot
1839 2830 1905 2866 ev
1953 2817 2060 2878 ipso
2108 2819 2327 2867 moritur
2371 2819 2581 2881 pictura

1532 2893 1750 2940 veneno!
1796 2918 1851 2926 -
1888 2892 2165 2955 Sapienter
2207 2894 2389 2943 autem
2421 2897 2578 2957 poeta

1536 2965 1731 3016 desinit
1762 2965 1813 3013 in
1837 2966 2182 3029 proponenda
2206 2967 2362 3018 nobis
2386 2967 2577 3018 ferocis

1536 3041 1748 3102 reginae
1795 3039 2006 3090 iamiam
2053 3039 2402 3091 moribundae
2445 3043 2578 3093 ima-

1534 3115 1679 3177 gine,
1717 3127 1894 3177 neque
1929 3114 1997 3164 ad
2022 3113 2396 3167 exultationem
2419 3117 2574 3177 redit,

1534 3203 1563 3238 a
1599 3201 1703 3251 qua
1739 3202 1956 3239 carmen
1992 3202 2213 3240 exorsus
2248 3193 2377 3239 erat.

2183 4368 2232 4412 m
