3234 4975
1175 414 1291 465 us.
1331 414 1367 465 l'.
1440 416 1497 464 C.
1537 415 1642 465 xli.

652 569 1009 636 Concidunt
1049 570 1221 636 venti
1265 569 1642 658 fugiuntque
1690 568 1915 645 nubes

2471 413 2551 477 77

651 691 725 756 Et
765 690 980 757 minax
1017 727 1104 741 —
1145 690 1321 778 quod
1367 691 1462 758 sic
1503 690 1771 758 voluere
1814 729 1901 742 —
1942 702 2138 779 ponto

898 811 1080 880 Unda
1122 810 1456 879 recumbit.

645 987 983 1055 Romulum
1026 998 1172 1076 post
1213 987 1332 1055 hos
1376 989 1585 1076 priuS,
1635 1010 1717 1055 an
1762 1000 2054 1078 quietum

650 1108 918 1197 Pompili
964 1130 1234 1197 regnum
1277 1130 1649 1188 memorem,
1694 1131 1776 1177 an
1820 1111 2141 1199 superbos

522 1324 605 1375 3⁴.
639 1325 805 1374 mas
824 1327 879 1376 Τ.
910 1353 966 1361 -
992 1326 1124 1388 quod
1148 1326 1220 1375 sic
1242 1327 1300 1387 T,
1327 1338 1464 1376 corr.
1491 1324 1623 1375 Cod.
1649 1326 1787 1385 niv..
1823 1325 2004 1387 Aldus,
2032 1327 2160 1377 LCt:
2198 1329 2300 1391 qui.
2328 1330 2400 1379 sic
2421 1331 2483 1391 B,

458 1400 669 1461 quoiasie
689 1399 780 1460 bS,
806 1413 993 1451 omnes
1028 1401 1274 1461 Pottierii,
1311 1401 1434 1463 quia
1467 1401 1682 1464 (omisso
1705 1401 1790 1464 sic)
1812 1419 1878 1467 μ,
1915 1403 2107 1465 mauric
2130 1403 2260 1454 Cod.
2288 1406 2485 1455 Gotha-

458 1486 561 1523 nus
584 1476 638 1524 et
659 1475 869 1535 Pottier,
906 1475 969 1525 H.
1007 1473 1318 1539 Peerlkamp
1353 1478 1519 1537 coni.,
1557 1490 1688 1538 quae
1718 1477 1789 1526 sic
1822 1491 1958 1527 corr.
1997 1493 2052 1537 κ,
2089 1478 2233 1529 idem
2267 1481 2318 1529 di
2353 1481 2491 1531 inter

458 1561 672 1609 versus,
720 1563 841 1600 nam
871 1552 943 1599 sic
987 1550 1152 1600 cedd.
1202 1548 1471 1600 Gemblac.
1510 1550 1654 1615 apud
1687 1549 1885 1611 Pulm.,
1921 1566 2036 1602 cum
2070 1553 2143 1602 sic
2175 1552 2259 1603 alii
2295 1555 2486 1616 Codd.‚

463 1623 516 1673 di
545 1624 615 1673 sic
650 1623 697 1686 (e
733 1624 978 1675 chisiano
1010 1624 1069 1687 B)
1103 1625 1246 1686 ΠΗ,
1291 1626 1361 1675 sic
1387 1625 1440 1674 dn·
1473 1638 1598 1677 cum
1631 1626 1836 1677 Mureto
1869 1624 2064 1689 Bentl.,
2107 1629 2217 1689 quis
2245 1629 2316 1678 sic
2347 1631 2490 1681 Doe-
2539 1627 2547 1636 '

459 1696 678 1748 derlein.

461 1893 540 1943 28.
578 1892 661 1943 29.
705 1894 974 1954 «Quorum
997 1892 1285 1960 splendens
1307 1893 1437 1946 dum

393 1969 561 2018 oritur
592 1968 757 2027 sidus,
784 1970 1129 2032 tempestates
1152 1968 1355 2019 sedat.»
1380 1995 1435 2005 .-

393 2041 596 2106 Deflm't]
635 2039 927 2091 «relabitur
946 2055 978 2091 a
1002 2043 1141 2093 saxis
1163 2042 1299 2093 litori
1320 2054 1443 2106 pro-

397 2116 554 2166 ximis
588 2128 779 2180 spuma
812 2117 974 2167 maris
1007 2116 1255 2166 turbati.»

462 2190 544 2241 30.
584 2190 858 2240 Concidmit
887 2190 1038 2254 venui]
1080 2189 1437 2255 «placantur»,

397 2267 460 2315 ut
489 2268 619 2314 Aen.
658 2265 706 2324 ⁴,
746 2264 864 2315 ⁴54:
923 2270 1129 2315 cunctus
1154 2265 1326 2329 pelaqi
1358 2278 1441 2314 ce-

462 2414 543 2465 3⁴.
581 2414 713 2476 quod
743 2415 815 2463 sic
843 2414 1059 2479 voluere]
1103 2419 1354 2479 «propter
1383 2392 1450 2463 id'

395 2501 562 2539 unum
585 2528 597 2550 ,
651 2489 796 2552 quod
848 2488 1154 2541 Castoribus
1204 2490 1274 2538 ita
1324 2487 1441 2553 pla-

396 2564 564 2622 cuit3·
600 2576 707 2626 quo
730 2562 980 2627 loquendi
1002 2563 1164 2614 modo
1193 2576 1440 2626 magnam

397 2650 586 2688 eorum
607 2639 901 2701 potentiam
924 2639 1153 2702 graviter
1174 2638 1438 2703 exprimit.

396 2713 612 2762 Sincera
645 2712 781 2762 haec
816 2710 974 2763 lectio
1011 2713 1205 2777 partim
1238 2711 1444 2775 glosse-

399 2787 580 2845 matis,
636 2788 829 2851 partim
880 2788 1005 2850 quia
1054 2800 1106 2836 v.
1158 2788 1290 2849 quod
1343 2799 1442 2850 pro

397 2862 711 2927 pronomine
745 2860 963 2912 relativo
983 2861 1271 2922 habebant,
1296 2860 1441 2910 varie

399 2938 647 3001 corrupta
700 2939 784 2987 est
803 2975 815 2998 ,
875 2937 1160 2987 novissime
1210 2937 1263 2986 in
1320 2949 1441 2998 qua,

401 3009 748 3074 «ubicunque
806 3013 1183 3075 tempestatem
1250 3010 1441 3061 sedare

397 3083 749 3135 voluerunt.»
831 3087 977 3136 Inter
1027 3088 1236 3138 ceteras
1286 3083 1443 3135 falsas

399 3160 629 3222 optimae
682 3162 806 3209 sunt
855 3172 918 3209 ea
933 3198 945 3220 ,
993 3172 1155 3223 quam
1196 3157 1445 3225 praetulit

397 3234 666 3284 Meineke:
705 3234 758 3283 di
794 3234 865 3283 sic
891 3234 1092 3284 volvem
1125 3233 1240 3299 (sed
1273 3236 1447 3298 ingra-

397 3310 514 3357 tum
536 3307 761 3371 praebet
782 3309 989 3370 sonum)
1027 3311 1083 3359 et
1105 3322 1240 3359 nova
1260 3308 1443 3370 Perryi

399 3384 484 3432 συί
514 3384 602 3442 sic,
639 3384 853 3446 antiqua
886 3396 991 3434 scr.
1029 3384 1147 3446 quoi
1176 3385 1275 3443 sic,·
1323 3397 1446 3433 nom

397 3459 469 3507 sic
502 3458 663 3508 etiam
699 3458 830 3508 Cod.
868 3459 1093 3522 Franeq.
1129 3460 1285 3509 Bosii.
1324 3459 1447 3509 For-

397 3530 573 3581 mulae
607 3532 790 3583 huius:
826 3532 897 3582 sic
929 3533 980 3581 di
1009 3533 1235 3592 voluere,
1271 3546 1336 3583 ac
1368 3533 1445 3583 si-

399 3604 629 3666 milium,
667 3606 889 3669 quibus,
926 3609 987 3656 ut
1019 3608 1090 3656 ait
1123 3607 1335 3657 Servius
1375 3606 1444 3656 ad

397 3683 528 3730 Aen.
565 3679 614 3740 3,
654 3681 729 3741 4.,
782 3682 1005 3731 utuntur
1035 3682 1224 3744 poetae
1248 3719 1260 3742 ,
1314 3693 1446 3744 quo-

399 3755 712 3817 tiescunque
745 3755 879 3804 ratio
921 3754 1008 3805 vel
1051 3755 1303 3805 iudicium
1337 3768 1444 3804 non

400 3832 659 3892 apparet,
714 3827 878 3879 multa
937 3828 1179 3894 exempla
1236 3828 1444 3892 collegit

400 3904 660 3966 Cuningh.
696 3904 1007 3955 Animadvv.
1044 3917 1097 3968 p.
1124 3904 1205 3955 95.
1237 3932 1291 3941 -
1310 3918 1444 3967 pon-

398 3977 466 4041 to]
502 3976 555 4026 in
577 3976 813 4040 pedestri
847 3991 1009 4029 serm.
1048 3978 1133 4028 «in
1165 3980 1441 4043 pontum.»

399 4052 486 4100 Sic
519 4053 648 4100 Aen.
685 4054 735 4112 5,
772 4052 897 4103 45⁴:
951 4053 992 4102 it
1039 4052 1231 4102 clavum·
1278 4052 1443 4110 caelo,·

400 4126 586 4174 contra
629 4127 759 4175 Aen.
797 4125 847 4186 4,
884 4126 1009 4177 665:
1067 4127 1106 4176 it
1154 4125 1446 4176 cloenor-ad

400 4199 510 4247 alta
541 4201 695 4249 atria.

1512 1894 1602 1959 qui
1648 1906 1713 1944 ex
1757 1896 1882 1945 Iove
1928 1896 2086 1960 geniti
2121 1900 2246 1948 sunt
2265 1936 2277 1959 ,
2326 1913 2432 1950 non
2469 1901 2557 1950 lu-

1513 1981 1711 2018 nonem
1766 1982 1942 2034 neque
1998 1971 2331 2034 Neptunum;
2386 1977 2440 2024 et
2490 1988 2556 2025 ex

1513 2042 1610 2093 illis
1633 2043 1849 2094 numina
1882 2045 2088 2094 tantum
2118 2045 2390 2107 benefica,
2429 2063 2559 2113 qna-

1513 2119 1732 2181 propter
1763 2118 1903 2169 Mars
1936 2117 2143 2169 silentio
2179 2124 2559 2184 praetermitti-

1512 2192 1613 2239 tur.
1686 2191 1776 2241 His
1810 2192 2080 2241 consociat
2112 2206 2269 2256 reges
2292 2208 2355 2245 ac
2390 2196 2559 2248 duces

1513 2266 1810 2325 Romanos,
1866 2267 2014 2331 quasi
2049 2267 2296 2329 anthitau-³,
2334 2284 2470 2334 quos
2504 2274 2557 2322 in

1513 2341 1656 2388 tanta
1719 2341 1955 2389 virorum
2022 2354 2355 2393 summorum
2406 2347 2558 2410 copia

1512 2414 1786 2463 nominare
1809 2451 1821 2474 ,
1876 2427 2012 2477 quos
2051 2416 2295 2466 omittere
2331 2417 2554 2479 debeat3

1514 2500 1639 2537 cum
1672 2487 1754 2538 dis
1788 2491 1968 2538 autem
2004 2491 2060 2539 et
2092 2491 2449 2545 Romanorum
2471 2508 2557 2544 re-

1512 2561 1667 2625 gibus
1688 2564 2018 2627 summisque
2042 2564 2268 2616 ducibus
2291 2567 2422 2617 mira
2445 2571 2561 2618 arte

1513 2636 1801 2687 Caesarem
1836 2637 2118 2700 coniungit.

1579 2710 1661 2760 33.
1700 2711 1809 2760 Liv.
1850 2711 1897 2770 ⁴,
1934 2711 2027 2762 2⁴:
2069 2711 2336 2773 (Romulus
2370 2717 2425 2765 et
2457 2716 2563 2765 Nu-

1515 2784 1616 2845 ma)
1671 2785 1771 2833 duo
1803 2785 2028 2847 deinceps
2057 2798 2199 2849 reyes
2212 2825 2231 2848 ,
2283 2788 2415 2838 alius
2454 2790 2562 2839 alia

1512 2860 1627 2920 via,
1683 2859 1766 2909 ille
1797 2858 1946 2921 bello,
1999 2860 2078 2909 hic
2103 2874 2257 2923 pace,
2310 2863 2561 2915 civitatem

1515 2938 1787 2983 auxerunt.
1857 2935 1936 2984 De
1985 2948 2071 2984 vv.
2121 2935 2377 2998 33—48,
2426 2952 2561 3003 quos

1515 3009 1630 3059 sine
1664 3007 1768 3058 ulla
1801 3021 1963 3060 causa
2004 3010 2064 3059 H.
2102 3010 2415 3077 Peerlkamp
2465 3027 2565 3063 ex-

1515 3085 1742 3147 punctos
1774 3082 1968 3145 voluit,
2007 3085 2433 3149 antiquissimum
2466 3102 2562 3138 ex-

1517 3159 1624 3208 stat
1644 3157 2009 3209 testimonium
2035 3158 2332 3219 Quintiliani
2346 3162 2394 3224 9,
2408 3162 2457 3222 3,
2477 3164 2556 3213 48.

1581 3231 1662 3283 34.
1699 3231 1948 3297 superbos]
1987 3236 2326 3298 «magnificos
2365 3238 2420 3286 et
2449 3240 2563 3286 ter-

1515 3318 1697 3356 rorem
1731 3307 2096 3369 incutientes»,
2134 3310 2315 3373 utpote
2350 3311 2441 3373 qui
2461 3323 2563 3374 po-

1518 3381 1720 3432 testatis
1754 3382 1806 3430 in
1839 3382 2001 3431 vitam
2048 3395 2347 3447 necemque
2388 3384 2564 3435 homi-

1517 3469 1647 3506 num
1697 3456 1918 3518 insignia
1964 3458 2161 3506 essent.
2234 3458 2376 3519 (Stat.
2437 3457 2558 3508 Silv.

1516 3531 1566 3589 ὅ,
1586 3531 1637 3590 2,
1660 3529 1782 3580 ⁴66:
1819 3530 2565 3595 cingiquesieperbisfwcibus.)

1516 3604 1694 3653 Fasces
1726 3605 1905 3654 autem
1940 3604 2024 3655 isti
2056 3603 2282 3666 superbi,
2332 3605 2561 3655 maxime

1518 3679 1867 3741 conspicuum
1902 3677 2273 3727 dominationis
2308 3689 2371 3727 ac
2394 3679 2564 3729 maie-

1517 3753 1667 3802 statis
1713 3753 1890 3815 regiae
1943 3752 2247 3816 specimen,
2302 3765 2562 3816 perquam

1518 3828 1641 3889 apte
1689 3827 1775 3876 hic
1822 3828 2342 3888 commemorantur,
2397 3827 2566 3891 siqui-

1518 3900 1643 3952 dem
1699 3901 2012 3964 Tarquinius
2067 3900 2276 3951 Priscus
2337 3913 2432 3952 eos
2498 3915 2566 3952 ex

1518 3975 1811 4038 Tarquiniis
1862 3975 2081 4024 Romam
2137 3972 2374 4025 intulisse
2430 3974 2568 4026 fere-

1518 4048 1692 4099 batur.
1755 4047 1960 4111 (strabo
1993 4049 2041 4106 ὅ,
2074 4049 2123 4097 2.
2148 4061 2202 4112 p.
2229 4048 2344 4100 346.
2382 4050 2560 4099 Kram.

1519 4121 1701 4173 Florus
1737 4123 1784 4182 ⁴,
1821 4123 1869 4182 5,
1908 4122 1977 4185 6.)
2019 4122 2170 4172 Hunc
2203 4124 2346 4173 enim
2378 4135 2563 4185 regem

1513 4196 2286 4259 paceetbeuopromptissiumaen
2304 4195 2502 4258 (Florus
2525 4194 2558 4246 l.

471 4273 574 4322 Eos
630 4273 900 4325 dumtaxat
966 4273 1098 4324 deos
1164 4275 1443 4332 memorat,
1520 4270 1574 4332 l.)
1613 4271 1802 4319 merito
1835 4270 2110 4334 praedicat
2140 4269 2225 4318 vel
2258 4271 2560 4333 propterea,
