3234 4975
645 364 773 429 440

1396 368 1652 419 HORATH
1686 368 2023 428 CARMIMJM

896 523 1150 611 Campis
1195 525 1574 591 continuem.
1621 522 1812 590 Multa
1853 524 2219 611 petentibus

891 645 1136 712 Desunt
1177 645 1405 712 multa:
1452 644 1621 712 bene
1666 654 1801 722 est,
1849 646 1952 713 cui
1997 646 2160 713 deus
2205 645 2431 713 obtulit

1059 768 1285 845 Parca,
1332 765 1509 855 quod
1551 767 1706 833 satis
1751 776 1877 845 est,
1924 788 2135 835 manu.

635 1003 696 1050 ut
725 998 940 1061 Achillei,
980 999 1167 1061 Ulixei,
1205 998 1273 1049 ab
1293 999 1548 1061 Alyattem
1577 1012 1674 1063 pro

634 1075 868 1137 Alyattos.
936 1072 1100 1124 Olim:
1136 1074 1401 1135 Atuatuci,
1438 1073 1583 1137 quod
1603 1072 1672 1123 de

638 1149 838 1200 Croeso
852 1186 865 1210 ,
916 1145 1137 1210 Alyattis
1171 1146 1302 1209 filio,
1355 1148 1674 1211 interpretu-

633 1221 844 1273 bantur.
875 1249 929 1258 —
967 1222 1251 1282 Quoniam,
1285 1225 1345 1271 ut
1367 1222 1677 1273 monstravit

634 1298 935 1361 postremus
977 1294 1156 1346 Editor
1204 1297 1462 1359 Batavus,
1523 1294 1675 1346 multi

635 1372 811 1423 adhuc
843 1373 992 1433 sunt,
1037 1371 1127 1435 qui
1159 1371 1302 1423 hunc
1335 1369 1509 1421 locum
1543 1372 1676 1421 sim-

634 1445 981 1511 plicissimum
1030 1458 1138 1496 non
1187 1447 1314 1496 satis
1362 1442 1671 1509 intelligant,

637 1523 716 1572 sic
748 1520 901 1572 brevi
924 1520 1250 1571 enarrandus
1271 1520 1505 1571 videtur:
1545 1521 1677 1570 «Cu-

633 1594 939 1660 piditatihus
961 1595 1196 1657 domitis,
1222 1594 1676 1659 quemadmodum

637 1671 937 1734 sapientem
960 1670 1141 1729 decet.
1180 1670 1432 1733 efficiam,
1467 1671 1675 1719 uivere

638 1744 788 1795 dives
837 1744 1134 1807 beatusque
1200 1743 1353 1803 flam;
1428 1743 1484 1794 id
1532 1744 1678 1808 quod

638 1820 856 1870 minime
894 1818 1145 1881 contingit
1176 1819 1268 1879 iiS,
1321 1820 1414 1882 qui
1453 1819 1677 1869 summis

636 1891 826 1957 opibus
860 1892 1084 1957 praedIti
1106 1929 1118 1952 ,
1155 1892 1289 1942 adeo
1322 1894 1382 1943 ut
1414 1892 1678 1956 amplissi-

637 1981 754 2018 mos
789 1967 978 2018 fundos
1010 1980 1110 2031 per
1147 1969 1311 2018 totam
1342 1969 1522 2018 Asiam
1556 1972 1678 2018 co&-

638 2043 816 2103 mant‚
886 2042 1149 2093 maiorum
1217 2045 1394 2093 tamen
1461 2056 1677 2109 semper

1748 1000 1924 1065 cupidi
1957 1001 2260 1052 maneant.»
2329 999 2559 1066 Alpheus
2601 1002 2653 1053 in
2688 1004 2795 1054 An-

1746 1073 1873 1126 thol.
1926 1073 2032 1125 Pal.
2081 1077 2142 1125 11.
2192 1088 2245 1139 p.
2282 1075 2379 1126 39·
2439 1070 2519 1127 Οὐ
2570 1078 2786 1148 στέργω

1745 1147 2103 1215 βαθυληΐους
2133 1143 2419 1239 ἀρούρας,
2455 1144 2574 1203 Οὔκ
2605 1145 2787 1213 ὄλβον

1746 1222 2139 1292 πολύχρυσον,
2175 1217 2274 1274 οἷα
2305 1221 2508 1293 Γύγης.
2575 1221 2792 1298 Αὐταρ-

1746 1314 1886 1362 κους
1916 1296 2130 1389 ἔραμαι
2160 1297 2325 1362 βίον,
2373 1299 2653 1387 Μακρῖνε·
2711 1302 2793 1353 To

1744 1374 1970 1441 μηθὲν
2011 1370 2123 1446 γὰρ
2160 1390 2339 1441 αγαν
2377 1391 2529 1442 αγαν
2557 1391 2634 1442 με
2664 1377 2794 1447 τέρ-

1747 1462 1857 1499 πει.
1919 1477 1975 1487 -
2042 1450 2159 1501 bone
2204 1451 2302 1516 est]
2359 1449 2639 1514 Supplo«
2615 1453 2749 1502 «ei»

1749 1522 1968 1576 «beatus
2001 1523 2086 1575 ille
2121 1526 2228 1586 est,
2265 1527 2481 1590 propter
2502 1525 2592 1576 id
2578 1539 2789 1590 ipsum,

1748 1598 1893 1662 quod
1913 1599 2089 1649 nimiis
2111 1598 2285 1659 bonis,
2312 1598 2794 1666 quibuscumsem-

1747 1687 1846 1739 per
1894 1685 2053 1723 curae
2116 1676 2172 1723 et
2226 1671 2601 1725 sollicitudines
2660 1688 2792 1727 con—

1748 1749 1958 1798 iunctae
1981 1750 2129 1809 sunt,
2168 1761 2294 1798 eum
2317 1747 2450 1799 deus
2473 1762 2580 1798 non
2604 1761 2794 1799 cumu-

1749 1821 1924 1871 lavit.»
1960 1823 2091 1886 Epp.
2137 1823 2197 1883 4,
2239 1823 2296 1883 4,
2342 1822 2436 1871 89;
2494 1823 2634 1873 iurat
2673 1823 2793 1874 bene

1749 1897 1864 1945 solis
1910 1909 2011 1947 esso
2057 1897 2269 1947 maritis,
2352 1896 2536 1949 Catuli.
2582 1899 2637 1948 2⁴
2701 1897 2784 1961 (al.

1749 1971 1848 2033 23),
1887 1972 1983 2022 ⁴5:
2031 1972 2789 2035 Qum-onontibisitbovoeac

1489 2929 1932 2954 ΙΙ
