3234 4975
647 371 770 435 608

1414 376 1672 426 HORATII
1707 376 2044 427 CARmNUM

978 1024 1330 1101 Audivere,
1377 1027 1586 1115 Lyce,
1637 1025 1702 1092 di
1750 1046 1896 1092 mea
1938 1036 2114 1103 vota,
2163 1026 2227 1093 di

978 1145 1300 1212 Audivere
1325 1197 1339 1223 ,
1384 1148 1598 1236 Lyce:
1649 1146 1727 1213 fis
1771 1167 1966 1223 anus,
2017 1158 2083 1214 et
2124 1158 2336 1214 tamen

1062 1267 1167 1334 Vis
1214 1268 1495 1335 formosa
1536 1268 1746 1335 videri

1144 1388 1476 1477 Ludisque
1521 1400 1586 1455 et
1628 1388 1798 1456 bibis
1843 1389 2185 1477 impudens

974 1545 1053 1611 Et
1094 1557 1283 1613 cantu
1327 1544 1603 1613 tremulo
1649 1556 1801 1634 pota
1848 1546 2232 1634 Cupidinem
2769 1550 2809 1611 5

766 1745 895 1795 xm.
945 1746 1107 1794 inser.
1145 1742 1282 1807 volg.
1319 1743 1396 1793 Aa
1428 1745 1607 1805 Lycen.
1651 1770 1705 1780 —
1750 1744 2032 1807 Conwotem
2074 1758 2125 1795 se
2166 1745 2269 1795 voti
2309 1746 2388 1794 sui
2417 1745 2610 1809 factum
2643 1759 2743 1795 csse

699 1819 823 1869 dicit
855 1819 986 1880 quod
1018 1819 1147 1879 Lyce
1178 1831 1308 1867 anu-s·
1336 1819 1477 1880 facta
1508 1820 1571 1867 sit
1604 1820 1699 1868 BS.

705 1893 760 1942 b.
804 1921 858 1928 —
897 1894 1012 1943 Om.
1052 1893 1107 1942 T.

698 2070 829 2119 Xlll.
883 2068 1087 2118 Referri
1128 2068 1341 2118 videtur
1381 2068 1448 2118 ad
1493 2068 1591 2119 0d.
1629 2069 1677 2129 3,

634 2144 753 2201 40..
802 2142 895 2192 ubi
940 2142 1008 2193 de
1046 2144 1215 2204 Lyees
1258 2142 1453 2192 ferocia
1488 2157 1552 2193 ac
1586 2156 1683 2193 su-

631 2217 818 2282 perbia
853 2219 1226 2280 conqueritur,
1265 2218 1376 2267 sive
1412 2217 1566 2268 fictus
1599 2220 1683 2269 est

632 2294 676 2343 is
711 2304 864 2342 amor
921 2305 1018 2342 seu
1079 2305 1256 2343 verus.
1329 2293 1423 2342 Hic
1468 2292 1678 2343 vetulae

631 2368 833 2417 interea
868 2366 1038 2417 factae
1062 2369 1117 2416 et
1151 2369 1333 2416 tamen
1365 2364 1561 2417 lascive
1596 2368 1681 2416 iu-

629 2440 832 2493 veniles
855 2454 1068 2492 amores
1091 2441 1321 2505 captanti
1346 2454 1537 2505 magno
1554 2454 1679 2492 cum

631 2518 941 2579 contemptu
997 2513 1240 2575 insultat,
1315 2518 1466 2578 grato
1521 2513 1679 2566 simul

630 2590 808 2640 animo
859 2589 1016 2639 bonae
1065 2590 1318 2649 Cinarae,
1378 2591 1535 2640 nimis
1570 2603 1683 2639 ma-

628 2665 748 2713 ture
801 2664 1122 2724 exstinctae,
1182 2676 1407 2713 memor.
1487 2662 1678 2714 Similis

629 2735 786 2801 plane
839 2738 1136 2800 argumenti
1187 2740 1313 2786 sunt
1358 2737 1453 2787 Od.
1494 2740 1553 2797 4,
1590 2739 1674 2787 25.

629 2812 686 2862 et
707 2811 762 2872 3,
792 2811 872 2860 45.
922 2812 1050 2861 item
1079 2810 1343 2873 Meleager
1376 2813 1530 2862 Anth.
1562 2811 1674 2861 Pal.

627 2885 666 2934 1.
704 2897 759 2948 p.
799 2883 927 2934 ⁴42:
999 2878 1204 2936 Οὖκέτι
1239 2882 1553 2956 Τιμάριον,
1606 2881 1677 2934 τὸ

630 2959 763 3028 πρὶν
795 2956 1122 3028 γλαφυροῖο
1156 2958 1396 3024 κέλητος
1438 2958 1673 3025 Πῆγμα,

627 3034 792 3102 φέρει
836 3029 1061 3082 πλωτὸν
1095 3029 1382 3104 Κύπριδος
1426 3036 1678 3104 εἰρεσίην

626 3105 746 3156 κτλ.
789 3132 843 3142 ——-
880 3108 1137 3171 Tempus,
1177 3121 1283 3171 quo
1319 3111 1676 3172 compositum

627 3182 718 3241 sit,
772 3179 982 3230 definiri
1024 3183 1222 3244 nequit.
1260 3184 1518 3232 Kirchner
1559 3184 1668 3247 opi·

628 3257 785 3306 natur
807 3267 855 3304 a.
883 3268 935 3304 u.
961 3268 1008 3304 c.
1032 3255 1168 3316 736.,
1196 3256 1390 3306 Grotet'.
1417 3271 1465 3307 a.
1484 3270 1536 3306 u.
1558 3258 1671 3309 738.

695 3330 776 3379 4-
799 3328 847 3380 4.
900 3342 1015 3379 mea
1047 3330 1191 3394 vota]
1247 3332 1348 3379 «ut
1398 3332 1677 3395 puniretur

625 3401 910 3467 aliquando
945 3403 1111 3455 fastus
1136 3406 1257 3455 tuus
1286 3405 1671 3468 importunus»

629 3507 685 3515 —
722 3478 986 3542 Ludisqiae]
1027 3480 1116 3528 «ut
1154 3478 1547 3530 adolescentula
1590 3479 1674 3529 lu-

625 3553 724 3604 dos
776 3554 1031 3617 iocosque
1078 3555 1364 3604 amatorios
1406 3556 1577 3605 tentas
1619 3554 1673 3603 in

628 3627 1149 3679 comissationibus»

689 3704 720 3751 ὅ
742 3729 772 3740 -
793 3704 841 3754 8.
879 3704 1106 3767 ινοηιιιιο]
1142 3705 1201 3753 ιιι
1233 3701 1370 3754 solet
1392 3716 1511 3754 esse
1537 3714 1672 3753 anus

622 3774 762 3826 bene
797 3779 974 3841 potae.
1046 3779 1131 3827 Sic
1173 3777 1241 3828 de
1286 3776 1464 3827 vetula
1499 3778 1670 3827 amica

620 3851 869 3913 Agathias
915 3853 1069 3902 Anth.
1125 3850 1231 3902 Pal.
1278 3853 1317 3901 1.
1366 3864 1486 3915 pag.
1537 3852 1667 3902 ⁴68:

620 3921 833 3976 Χείλεα
864 3923 1180 3990 βαμβαίνει
1229 3926 1523 3992 φθέγματι
1564 3942 1671 3992 γη-

621 3995 824 4070 ραλέῳ.
877 4001 1017 4063 Virg.
1052 4003 1184 4052 Aen.
1212 4003 1271 4063 7,
1298 4001 1412 4051 395.
1451 4000 1518 4051 de
1544 4002 1673 4051 Bac-

623 4074 736 4125 chis
770 4073 1096 4125 furentibus:
1150 4075 1238 4125 Ast
1276 4075 1413 4125 aliae
1449 4075 1673 4125 tremulis

619 4148 893 4201 ducatibus
931 4150 1135 4199 aethera
1166 4151 1425 4213 complent.
1484 4150 1672 4200 Differt

621 4237 841 4289 prorsus
877 4224 1041 4276 Persii
1074 4223 1199 4275 illud
1236 4226 1291 4286 4,
1330 4226 1385 4275 24
1412 4240 1422 4273 :
1461 4224 1670 4276 ενοιηιιιο

1760 1847 1814 1855 -
1867 1819 1945 1870 Aa
1975 1821 2138 1881 Lycen
2180 1821 2400 1870 vetulam
2429 1820 2740 1869 meretricem

1755 2069 2051 2131 scalpuntur
2081 2068 2167 2119 ubi
2199 2070 2380 2120 mena
2397 2085 2562 2122 versu.
2593 2099 2648 2108 —
2675 2073 2806 2122 Len-

1755 2144 1877 2207 tum]
1914 2142 2309 2207 “tranquillum,
2347 2159 2450 2195 non
2476 2150 2807 2197 commotum

1757 2230 1820 2266 ac
1853 2221 2134 2281 propterea
2171 2222 2291 2269 tuas
2325 2233 2516 2283 preces
2560 2233 2664 2269 non
2708 2233 2805 2270 ex-

1756 2292 2082 2353 audientem,
2103 2286 2481 2363 ἀδιάφορον.»
2506 2293 2654 2344 ovid.
2675 2294 2801 2344 Her.

1757 2366 1814 2425 4,
1855 2367 1909 2415 4;
1962 2367 2107 2416 Hanc
2144 2372 2235 2416 tua
2270 2368 2503 2430 Penelope
2540 2368 2670 2417 lento
2708 2367 2797 2417 tibi

1753 2440 1934 2502 mittit,
1977 2441 2134 2490 Ulixe.
2171 2443 2353 2491 Amor.
2382 2442 2442 2502 3,
2470 2442 2529 2502 ὃ,
2557 2442 2647 2491 60;
2704 2442 2802 2504 Qm‘

1753 2516 2710 2566 tmerolacrimaslmtusinomvidet.
2742 2544 2799 2552 —

1753 2590 2016 2654 sollicitas]
2070 2591 2320 2641 «canticis
2354 2591 2624 2641 amatoriis
2659 2592 2801 2640 iuve-

1754 2676 1850 2713 nes
1894 2663 2145 2727 pellicere
2189 2664 2382 2714 frustra
2425 2665 2684 2714 conariS.»
2741 2690 2798 2700 —

1751 2739 1958 2788 virentis
1993 2765 2024 2776 -
2046 2764 2076 2774 -
2115 2739 2291 2802 Chiae]
2331 2739 2413 2788 «in
2449 2740 2598 2801 genis
2633 2738 2796 2788 Chiae

1754 2815 1925 2862 aetate
1950 2812 2186 2863 florentis
2222 2815 2276 2861 et
2303 2811 2559 2876 psallendi
2596 2812 2798 2876 peritae

1753 2886 1872 2948 vigil
1900 2885 2090 2948 cubat,
2128 2899 2252 2936 cum
2287 2887 2340 2936 in
2377 2889 2428 2935 te
2465 2887 2668 2950 sopitus
2699 2886 2795 2946 sit,

1753 2958 2058 3023 nullamque
2090 2963 2147 3009 tu
2178 2961 2284 3009 iam
2318 2961 2515 3010 excites
2538 2959 2800 3024 cupidita-

1753 3035 1864 3083 tem
1894 3036 1944 3083 te
1970 3032 2229 3083 fruendi.»
2257 3059 2314 3070 —
2341 3034 2465 3083 Chia
2485 3036 2665 3083 autem
2698 3047 2798 3083 no—

1752 3121 1878 3160 men
1918 3110 2194 3172 proprium
2236 3108 2380 3172 apud
2419 3111 2564 3158 Grut.
2610 3111 2701 3169 45,
2743 3111 2793 3159 9.

1752 3182 1865 3244 642,
1893 3183 1964 3242 9.,
1984 3185 2044 3232 ιιι
2058 3182 2251 3243 Lesbia,
2274 3184 2440 3234 Delia.
2472 3210 2527 3218 -
2561 3182 2793 3246 psallere]

1749 3270 1831 3319 pr.
1848 3256 2028 3318 digito,
2055 3270 2157 3306 non
2177 3256 2400 3321 plectro,
2427 3257 2681 3308 chordam
2701 3258 2797 3306 im-

1749 3329 1967 3394 pellere,
1996 3335 2053 3380 ut
2071 3331 2265 3381 Herod.
2281 3333 2302 3381 4
2318 3370 2330 3392 ,
2352 3333 2463 3382 455.
2488 3332 2796 3401 κιθαρίζειν

1749 3419 1809 3454 τε
1830 3404 1930 3454 καὶ
1961 3401 2241 3468 ψάλλειν;
2278 3406 2375 3455 sed
2410 3405 2552 3469 apud
2585 3406 2794 3455 Latinos

1748 3479 1853 3529 hoc
1871 3478 2157 3529 discrimen
2175 3492 2281 3529 non
2298 3492 2514 3543 semper
2531 3480 2791 3529 servatur.

1752 3581 1806 3589 —
1841 3555 1896 3603 in
1916 3554 2078 3617 aenis]
2114 3554 2304 3604 Athen.
2333 3553 2411 3603 43.
2439 3566 2559 3617 pag.
2585 3552 2699 3603 564.
2739 3555 2795 3602 et

1749 3627 1873 3679 604:
1913 3625 2196 3699 Φρύνιχος
2219 3654 2247 3665 -
2269 3627 2364 3679 ἐπὶ
2395 3624 2499 3678 τοῦ
2537 3625 2791 3697 Τρωίλου

1747 3696 1864 3768 ἔφη
1937 3699 2202 3768 Λάμπειν
2273 3701 2368 3753 ἐπὶ
2437 3703 2794 3772 πορφυρέως

1748 3774 1966 3848 παρῇσι
1998 3775 2125 3840 φῶς
2159 3771 2389 3847 ἔρωτος.
2458 3777 2608 3827 Pind.
2635 3779 2789 3827 Nem.

1746 3851 1795 3912 8,
1835 3853 1856 3901 4
1882 3867 1893 3900 :
1921 3844 2071 3923 “Ilpa
2091 3848 2298 3903 πότνια
2322 3879 2352 3890 -
2374 3879 2404 3889 -
2430 3843 2555 3900 ‘lire
2575 3849 2792 3921 παρθε-

1746 3924 1933 3990 νηΐοις
1957 3924 2174 3977 παίδων
2197 3928 2243 3976 τ’
2268 3925 2536 3989 ἐφίζοισα
2569 3921 2790 4014 ζλεφά-

1747 4015 1886 4070 ροις.
1941 4001 2289 4065 Soph.Antig.
2323 4001 2549 4050 782.D.:
2593 3999 2789 4068 Ερως,

1746 4103 1778 4114 -
1798 4103 1829 4113 -
1850 4069 1949 4137 Ὃς
1982 4074 2044 4125 ἐν
2075 4072 2362 4139 μαλακαῖς
2386 4076 2648 4145 παρειαῖς
2679 4073 2792 4122 Νε-

1743 4145 1942 4212 άνιδος
1974 4145 2316 4210 ἐννυχεύεις.

1809 4224 1841 4273 9
1863 4250 1893 4260 -
1917 4225 1995 4274 42.
2032 4221 2366 4286 Importunas]
2405 4220 2703 4286 «superbus
2739 4223 2794 4271 et
