3234 4975
639 346 764 411 616

1410 347 1667 398 HoRA‘rn
1706 347 2044 399 CARulNUM

973 504 1245 570 Exercet
1288 502 1553 579 Auster,
1601 501 1934 569 Pleiadum
1979 500 2179 569 choro

972 623 1317 691 Scindente
1361 622 1604 699 nubea,
1653 623 1926 711 impiger
1966 623 2245 690 hostium

1055 747 1301 811 vexare
1346 754 1589 809 turmas
1635 753 1701 810 et
1739 744 2117 812 frementem

1142 866 1387 932 Mittere
1432 885 1675 952 equum
1721 865 1971 931 medios
2015 884 2134 951 per
2177 864 2377 951 ignes,

973 1026 1080 1091 Sic
1123 1022 1509 1091 tauriformis
1554 1021 1831 1088 volvitur
1871 1021 2173 1097 AufiduS,

2732 1023 2817 1088 25

982 1145 1107 1225 Qui
1150 1164 1351 1232 regna
1394 1143 1601 1208 Dauni
1645 1140 1947 1230 praefluit
1989 1141 2212 1230 Apuli,

1061 1266 1223 1333 Cum
1265 1265 1470 1331 saevit
1510 1262 2034 1351 horrendamque
2077 1263 2264 1330 cultis

765 1445 848 1496 24.
883 1457 976 1507 per
1006 1456 1144 1495 enses
1173 1441 1410 1493 malebat
1438 1440 1727 1493 Bentleius.
1783 1468 1842 1479 -
1899 1442 1981 1492 26.
2021 1443 2134 1504 Qua
2176 1440 2445 1493 Bentleius
2507 1445 2643 1493 coni.
2685 1471 2741 1480 —

696 1522 901 1586 perfluit
930 1521 985 1570 L.
1025 1522 1104 1582 (Ut
1135 1531 1255 1582 nos,
1292 1517 1514 1579 bSTcd.)

642 1690 749 1728 non
785 1681 1028 1729 amantes
1074 1676 1428 1742 hyperbolas,
1480 1678 1558 1728 sic
1605 1676 1688 1727 lo-

641 1754 890 1815 quuntur.
939 1753 1049 1802 Liv.
1085 1752 1144 1812 2,
1180 1752 1272 1801 23:
1330 1750 1494 1800 narba
1525 1763 1689 1812 prope

639 1826 695 1874 iu
717 1826 960 1874 contionis
978 1825 1183 1874 modum
1202 1825 1524 1887 cirenensis-sa.
1558 1824 1690 1874 Hor-

643 1913 746 1950 tum
790 1902 1103 1949 Pssnmur.
1161 1900 1306 1949 Inest
1343 1898 1457 1948 veri
1490 1898 1689 1962 aliquid

645 1975 699 2023 in
732 1973 834 2023 hac
870 1973 1304 2037 reprehensione.
1366 1974 1471 2023 Cfr.
1508 1976 1689 2023 tamen

643 2047 751 2096 Sat.
789 2048 848 2107 2,
902 2047 961 2107 3,
1012 2047 1137 2097 268:
1190 2046 1490 2109 tempestatis
1532 2060 1691 2108 prope

636 2121 757 2169 ritu.
793 2118 1052 2169 Videlicet
1078 2134 1239 2183 prope
1271 2123 1331 2170 ut
1363 2122 1688 2170 Graecorum

640 2190 852 2254 σχεδὸν
886 2195 938 2245 in
972 2192 1164 2245 talibus
1199 2194 1458 2257 significat
1496 2192 1689 2244 crebro

552 2290 563 2297 ·
640 2268 697 2318 id
730 2269 871 2330 fieri,
927 2282 1034 2333 quo
1070 2269 1137 2319 de
1180 2270 1378 2332 agitur;
1432 2270 1485 2319 in
1529 2282 1689 2333 prosa

639 2343 902 2393 oratione:
944 2341 1144 2407 «qualis
1178 2343 1349 2394 undas
1383 2342 1521 2394 solet
1553 2344 1694 2393 exci-

639 2418 752 2466 tare
788 2418 1032 2468 Auster.»

705 2493 762 2542 2⁴
793 2518 823 2529 -
844 2491 927 2542 24.
985 2492 1270 2557 nevaeum]
1321 2484 1691 2558 Ἀτλαγενέων

641 2565 857 2616 Hesiod.
893 2559 980 2616 Ἒ.
1007 2582 1060 2615 κ.
1083 2560 1163 2615 Ἡ.
1190 2565 1305 2616 384.
1332 2565 1397 2615 αἳ
1414 2564 1689 2629 (Pleiades)

640 2636 714 2703 δή
749 2653 842 2689 τοι
872 2639 1076 2709 θέρεος
1108 2639 1208 2690 καὶ
1229 2640 1508 2704 χείματος
1529 2632 1695 2705 ἅγγε-

641 2712 735 2764 λοι
761 2715 923 2774 εἰσίν,
983 2716 1162 2765 Moero
1192 2713 1334 2778 apud
1372 2714 1559 2764 Athen.
1606 2716 1686 2765 Η.

639 2802 760 2854 pag.
798 2789 945 2848 49⁴.;
1014 2788 1195 2839 Latine
1242 2789 1486 2851 Vergiliae
1542 2786 1687 2850 (Gell.

643 2862 724 2925 43,
752 2863 852 2924 9.);
892 2865 1030 2925 Quae
1049 2867 1232 2924 septem
1255 2862 1378 2924 dici,
1414 2876 1504 2911 sav
1525 2867 1692 2912 tamen

642 2951 743 2987 esse
775 2938 956 2997 solent,
994 2937 1143 2987 Ovid.
1180 2937 1317 2986 Fast.
1345 2936 1405 2997 i,
1445 2938 1555 2987 ⁴70.
1608 2937 1686 2987 ld.

641 3012 794 3061 Trist.
822 3011 880 3070 4,
920 3012 1008 3070 44,
1049 3009 1135 3060 tt:
1173 3011 1335 3072 Saepe
1364 3012 1548 3061 minax
1578 3012 1693 3063 Ste-

639 3097 785 3146 ropes
828 3082 1083 3145 (Pleiadis)
1132 3084 1293 3133 sidere
1333 3090 1517 3146 pontus
1557 3091 1689 3136 erat.

643 3159 879 3221 Propert.
917 3157 974 3217 3,
1011 3158 1071 3217 ὅ,
1109 3157 1199 3206 36:
1248 3159 1505 3209 Pleiadum
1537 3161 1692 3222 spisso

640 3245 734 3280 cur
749 3231 846 3280 coit
866 3229 1022 3280 imbre
1042 3231 1237 3281 chorus.
1265 3232 1453 3295 Hygin.
1474 3236 1686 3285 Astron.

640 3305 699 3366 2,
736 3306 829 3354 2⁴:
869 3305 1087 3355 Chorum
1118 3305 1298 3355 ducere
1328 3307 1550 3356 Pleiades
1584 3310 1693 3358 exi-

642 3380 911 3429 stimantur
942 3379 1108 3430 stellis.
1150 3379 1403 3438 «Quando
1427 3378 1689 3444 Vergiliae

644 3451 731 3503 vel
777 3455 1079 3504 exoriuntur
1120 3465 1185 3503 νι.
1223 3454 1294 3502 Id.
1336 3453 1560 3517 Octobr„
1597 3455 1692 3506 ubi

641 3529 892 3578 Favonius
938 3533 985 3577 et
1034 3529 1285 3578 interdum
1332 3530 1530 3593 Africus
1577 3544 1694 3580 oum

637 3601 818 3663 pluvia
854 3600 1077 3664 (Colum.
1107 3603 1197 3664 44,
1234 3603 1292 3663 2,
1330 3603 1454 3667 74),
1489 3603 1575 3654 vel
1609 3618 1694 3655 ce-

643 3677 817 3725 lantur
852 3689 959 3726 νιιι.
1007 3678 1079 3727 ld.
1123 3676 1317 3739 April„
1372 3678 1421 3726 in
1458 3691 1693 3740 sequens

643 3750 878 3800 triduum
899 3751 1069 3799 Austri
1103 3754 1149 3799 et
1168 3750 1326 3812 Amen·
1359 3755 1694 3812 tempestatem

643 3824 993 3886 significantes.
1042 3823 1134 3887 (ld.
1174 3823 1300 3873 ibid.
1340 3823 1387 3887 5.
1425 3823 1558 3887 34.)»
1600 3826 1696 3876 Est

644 3898 832 3960 igitur:
895 3917 919 3941 ιι
940 3897 1213 3949 Pleiadum
1271 3898 1437 3948 choro
1490 3898 1694 3950 imbres

646 3971 951 4021 effundente
986 3986 1016 4021 e
1052 3972 1285 4024 nubibus
1306 3986 1336 4022 a
1358 3976 1521 4023 vento
1555 3976 1693 4025 scis—

645 4045 745 4106 sis,
783 4046 1013 4109 ruptis‚=›
1051 4048 1162 4097 sive
1205 4050 1261 4097 ut
1294 4047 1468 4098 Schol.
1516 4062 1696 4099 «ven-

647 4122 701 4168 to
744 4121 1108 4182 tempestuoso
1144 4122 1365 4172 faciente
1404 4122 1692 4187 pluviam.»

648 4194 789 4258 Virg.
828 4195 958 4246 Aen.
1001 4195 1087 4254 ⁴⁴,
1126 4195 1249 4247 548:
1288 4200 1458 4247 tantus
1476 4210 1526 4248 se
1545 4198 1696 4249 uubi-

1762 1675 1853 1725 bus
1899 1675 2060 1725 imber
2107 1676 2357 1738 Ruperat,
2416 1675 2499 1726 his
2554 1675 2810 1727 discissio.

1760 1749 1858 1801 Alii
1892 1748 2180 1814 explicant:
2237 1768 2262 1794 «ι
2280 1749 2494 1812 quando
2540 1749 2714 1800 clarae
2749 1764 2815 1800 ac

1762 1825 2077 1876 manifestae
2140 1825 2192 1873 in
2249 1823 2386 1874 sudo
2440 1823 2590 1874 caelo
2644 1838 2816 1890 appa-

1762 1900 1910 1958 rent;
1928 1918 1953 1944 1·
1990 1900 2362 1949 verumtamen
2396 1900 2618 1962 propter
2639 1899 2814 1963 ipsam

1764 1975 2174 2038 comparationis
2206 1975 2317 2024 vim
2349 1975 2528 2037 potius
2562 1974 2813 2025 horridae

1763 2049 2114 2112 tempestates
2180 2048 2459 2110 significari
2527 2046 2778 2097 videntur
2797 2085 2810 2108 ,

1764 2134 1926 2184 quam
1975 2133 2202 2172 serenus
2256 2119 2607 2183 Vergiliarum
2651 2134 2814 2184 aspe-

1766 2197 1900 2245 ctus.
1942 2223 1997 2232 --
2035 2197 2299 2260 irripiqer-
2327 2196 2535 2261 Venere]
2574 2208 2731 2245 «acer
2758 2196 2815 2244 et

1765 2270 2013 2320 strenuus
2064 2271 2116 2319 in
2168 2269 2411 2320 hostibus
2458 2269 2709 2332 urgendis
2749 2282 2814 2319 ac

1763 2344 2204 2407 persequendis.»
2249 2343 2344 2394 Od.
2383 2343 2438 2404 3,
2476 2344 2532 2404 2,
2570 2343 2630 2392 3:
2681 2344 2814 2393 Par-

1764 2418 1871 2468 thos
1916 2419 2104 2480 feroces
2155 2419 2302 2468 Vexet
2345 2430 2490 2479 eques
2526 2418 2816 2468 metuendus

1763 2493 1925 2542 hasta.
1957 2521 2013 2529 —
2037 2494 2223 2543 medios
2248 2506 2342 2555 per
2361 2493 2516 2557 iques]
2552 2507 2681 2557 «per
2701 2506 2817 2543 me-

1766 2567 1913 2617 dium
1948 2566 2242 2629 fervorem,
2290 2567 2567 2628 ardorem,
2614 2565 2815 2617 tumul-

1765 2643 1879 2691 tum
1913 2640 2168 2704 proelii;n
2211 2654 2344 2705 «qua
2372 2653 2548 2705 pugna
2582 2642 2665 2691 est
2705 2640 2815 2690 fer-

1766 2716 2104 2777 ventissima,
2167 2715 2423 2766 audacter
2470 2727 2671 2779 equum
2715 2728 2817 2779 per

1764 2789 1999 2839 hostium
2033 2791 2274 2839 catervas
2308 2790 2577 2839 immisit.»
2612 2790 2689 2839 De
2714 2801 2816 2838 no-

1766 2864 1965 2913 cturnis
1999 2862 2344 2913 excubiarum
2380 2861 2591 2924 ignibus
2638 2863 2816 2913 minus

1766 2937 2007 3002 apposite
2042 2935 2127 2986 alii
2160 2937 2594 3000 interpretantur.
2649 2938 2811 2986 Recte

1766 3010 2048 3074 explicavit
2069 3009 2222 3059 Silius
2243 3009 2304 3060 44
2320 3048 2332 3069 ,
2361 3011 2483 3060 ⁴75:
2514 3024 2611 3072 per
2627 3010 2818 3059 medios

1765 3085 1904 3148 ὄφιος
1923 3085 2313 3146 mediosqueper
2334 3097 2495 3145 enses,
2534 3087 2589 3133 et
2612 3084 2691 3144 45,
2717 3083 2810 3133 tt:

1764 3161 1859 3210 Per
1899 3159 2090 3208 medias
2119 3158 2330 3208 volitare
2362 3159 2496 3207 acies
2534 3158 2818 3218 mediosque

1760 3247 1856 3297 per
1903 3234 2056 3296 ignes.
2115 3232 2265 3281 ovid.
2316 3233 2436 3281 Met.
2475 3232 2532 3292 8,
2588 3232 2682 3280 76:
2739 3232 2817 3281 ire

1758 3322 1857 3371 per
1903 3307 2068 3370 iquos,
2125 3307 2218 3356 Per
2270 3306 2466 3370 aladios
2515 3305 2695 3354 ausim.
2755 3331 2811 3340 —

1767 3382 2041 3432 Artissima
2078 3381 2257 3429 autem
2294 3381 2377 3429 est
2409 3379 2710 3429 coniunctio
2733 3380 2816 3428 in-

1768 3458 1851 3506 ter
1884 3454 2155 3517 rapidam,
2193 3456 2254 3503 ut
2285 3454 2353 3503 ita
2392 3452 2595 3512 dicam,
2639 3452 2818 3502 Austri

1767 3530 2056 3593 imaginem
2090 3531 2144 3578 et
2177 3541 2266 3588 ea,
2314 3540 2450 3590 quae
2485 3525 2820 3589 praecedunt

1770 3617 2015 3668 quaeque
2045 3603 2366 3666 sequuntur:
2408 3600 2610 3664 «qualis
2644 3600 2817 3650 undas

1767 3679 2099 3729 incessanter
2131 3677 2293 3739 agitat
2323 3677 2542 3735 Auster,
2593 3675 2819 3739 impiger

1771 3753 1956 3803 hostes
1989 3752 2200 3802 vexavit
2235 3752 2402 3810 Nero,
2440 3764 2548 3814 quo
2581 3750 2699 3814 ipso
2721 3750 2820 3798 im-

1767 3828 1896 3890 petu
1931 3827 2094 3876 ruinis
2129 3837 2224 3875 eos
2259 3823 2540 3887 fatigavit.»

1834 3901 2011 3951 25-28.
2050 3898 2381 3963 tauriformis]
2418 3899 2625 3948 taurino
2643 3936 2656 3958 ‚
2694 3910 2819 3947 cor-

1769 3975 1899 4025 nuto
1934 3974 2135 4038 capite,
2185 3975 2245 4024 ut
2277 3971 2525 4023 solebant
2557 3972 2681 4034 fingi
2714 3971 2819 4020 tlu-

1767 4050 1872 4109 vii,
1934 4049 2162 4111 imagine
2214 4048 2380 4111 petita
2431 4046 2500 4097 ab
2551 4044 2816 4096 undarum

1772 4124 1975 4186 mugitu
2025 4123 2186 4186 atque
2238 4121 2459 4186 impetu.
2541 4119 2686 4170 lliad.
2736 4132 2814 4178 φ,

1771 4198 1885 4251 237.
1936 4197 2004 4248 de
2037 4196 2275 4248 Xantho:
2335 4191 2639 4262 μεμυκώς,
2679 4185 2820 4256 ἠΰτε
