3234 4975
1198 424 1313 473 Lm.
1356 424 1435 472 lv.
1511 428 1567 474 (3.
1610 426 1715 474 Vll.

529 579 672 655 Quo
718 587 900 664 pater
941 580 1217 654 AeneaS‚
1266 600 1398 665 quo
1441 579 1623 645 dives
1671 580 1886 646 Tullus
1933 594 1996 647 et
2038 585 2280 659 AncuS‚

780 698 997 764 Pulvis
1042 708 1105 764 et
1150 699 1378 765 umbra
1423 722 1666 765 sumus.

526 855 684 935 Quis
730 856 876 930 scit,
925 878 1007 921 an
1052 856 1353 922 adiiciant
1398 856 1751 926 hodiernae
1797 862 2077 927 crastina
2122 882 2412 928 summae

780 978 1095 1063 Tempora
1139 976 1202 1042 di
1249 978 1528 1063 superi?

527 1100 767 1162 Cuncta
811 1117 1038 1162 manus
1084 1096 1306 1163 avidas
1349 1098 1589 1185 fugient
1635 1098 1927 1173 heredis,
1978 1102 2182 1169 amico

779 1218 962 1295 Quae
1008 1216 1271 1283 dederis
1316 1218 1549 1285 animo.
2525 1229 2606 1292 20

576 1379 653 1426 45.
686 1378 851 1438 pater]
874 1378 989 1438 pius
1009 1375 1177 1436 Bbcd,
1200 1378 1357 1427 LCtF.
1409 1379 1487 1440 (Ut
1514 1392 1636 1439 n08,
1667 1380 1758 1439 ST,
1790 1381 1919 1430 Cod.
1945 1380 2124 1433 Bland.
2148 1387 2339 1448 antiq.‚
2366 1401 2543 1447 κνω,χ

506 1452 629 1511 duo,
655 1464 736 1515 pr.
756 1449 837 1511 β.)
861 1478 914 1487 —-
939 1451 1103 1500 Tullus
1118 1452 1253 1501 dives
1268 1451 1363 1512 Bb,
1392 1455 1524 1502 Pott.
1553 1456 1781 1515 septem,
1810 1456 1929 1515 LCt,
1958 1457 2138 1519 Tullus,
2165 1460 2299 1508 dives
2320 1467 2366 1510 et
2381 1462 2544 1512 Ancus

507 1525 673 1575 Bentl.
700 1563 711 1585 ,
743 1524 1195 1586 paupe-rotatum
1216 1525 1360 1576 idem
1384 1525 1635 1577 malebat.
1676 1529 1755 1590 (Ut
1790 1542 1910 1587 nos,
1946 1531 2093 1591 STd.)
2132 1559 2185 1568 —-
2226 1534 2304 1583 46.
2341 1536 2540 1600 umbra]

504 1613 616 1649 ossa
633 1614 697 1649 ω.
724 1628 778 1636 -
807 1602 886 1650 47.
908 1601 1206 1650 adiciantB.
1239 1628 1293 1637 -
1330 1602 1571 1661 summae]
1606 1602 1743 1651 vitae
1764 1603 1858 1662 Τό,
1884 1603 2067 1654 Bland.
2095 1608 2257 1670 antiq.
2286 1610 2340 1657 et
2372 1612 2536 1672 quatt.

504 1677 635 1724 Pott.
664 1700 716 1710 -
744 1674 825 1723 49.
855 1675 993 1724 avidi
1022 1675 1326 1725 dubitanter
1347 1688 1494 1739 susp.
1522 1676 1690 1726 Bentl.
1728 1704 1780 1712 —
1809 1678 2019 1741 fuqient.
2044 1680 2270 1729 haerebis
2297 1685 2460 1733 amico
2482 1685 2539 1733 T.

437 1823 755 1886 positionem
800 1822 1103 1883 efficerent,
1158 1825 1310 1887 quasi
1351 1837 1482 1874 vero

438 1901 646 1948 Aeneas
670 1911 775 1947 non
808 1899 965 1960 dives,
1003 1896 1180 1948 Tullus
1215 1900 1269 1947 et
1306 1901 1483 1949 Ancus

437 1986 542 2022 non
588 1972 665 2033 pii
715 1971 952 2022 fuissent.
1007 1998 1063 2009 —
1117 1972 1352 2024 Aliorum
1388 1987 1485 2035 quo

441 2046 606 2094 Mus
639 2046 773 2094 dives
806 2050 853 2094 et
891 2046 1056 2094 Ancus
1089 2046 1227 2095 hanc
1267 2060 1482 2110 quoque

437 2120 826 2169 distinctionem
858 2119 1112 2170 admittit:
1151 2134 1250 2181 quo
1285 2120 1449 2170 Tullus
1469 2159 1481 2181 ‚

437 2194 570 2243 dives
600 2198 647 2242 ec
678 2194 875 2253 Ancus,
930 2206 1092 2256 quam
1138 2196 1356 2244 secutus
1401 2196 1486 2244 est

436 2265 720 2318 Bentleius.
793 2269 1030 2318 Praestat
1062 2270 1245 2317 tamen
1293 2266 1485 2318 ἐπίθε-

436 2356 537 2391 τον
588 2342 799 2404 utrique
850 2341 1029 2391 tribui.
1099 2342 1250 2392 Dives
1303 2344 1484 2391 autem

437 2430 502 2466 ex
551 2415 687 2478 volgi
748 2417 996 2478 opinione
1049 2415 1115 2464 de
1167 2414 1359 2480 opibus
1421 2428 1485 2464 ac

436 2493 673 2556 potentia
705 2493 951 2541 veterum
987 2504 1198 2553 regum,
1254 2503 1483 2554 quorum

436 2568 639 2616 statuas
664 2566 715 2615 in
741 2564 996 2629 Capitolio
1032 2564 1315 2616 collocatas
1348 2579 1486 2630 quo-

435 2640 560 2690 tidie
586 2639 857 2689 videbant.
913 2640 998 2688 Sic
1022 2640 1196 2690 Livius
1223 2642 1243 2689 4
1267 2678 1279 2700 ,
1307 2640 1360 2689 34
1377 2678 1388 2689 .
1430 2640 1485 2688 in

434 2728 625 2778 maqna
705 2715 873 2778 gloria
937 2715 1236 2778 magnisque
1311 2714 1485 2776 opibus

433 2802 645 2852 reynum
697 2789 820 2837 Tulle·
860 2803 923 2837 ac
964 2794 1122 2838 totam
1154 2803 1263 2838 rem
1293 2790 1485 2838 Barna-

434 2876 554 2912 nam
586 2863 747 2914 fuisse
784 2864 926 2913 dicit.
988 2863 1183 2913 Contra
1208 2861 1485 2912 elevantur

436 2936 640 2987 illorum
693 2938 904 2988 divitiae
939 2950 969 2986 a
1004 2936 1253 2987 Iuvenale
1288 2939 1343 2996 5,
1382 2937 1478 2985 57:

439 3012 561 3060 Tulli
598 3025 769 3060 census
798 3011 1048 3074 pugnacis
1088 3016 1135 3059 et
1161 3011 1284 3059 Anci
1301 3047 1314 3070 ‚
1352 3022 1484 3060 con-

436 3087 696 3149 temptim.
755 3084 978 3135 Bentleii
1017 3085 1251 3147 suspicio
1282 3097 1485 3146 pauper

433 3162 657 3223 repetita
692 3161 776 3210 est
808 3173 873 3209 ex
909 3158 1196 3209 Claudiano
1229 3157 1298 3208 de
1337 3156 1481 3208 Bello

433 3233 703 3283 Gildonico
730 3235 823 3283 408
854 3246 936 3296 sq.
964 3247 974 3281 :
1001 3234 1117 3294 Ipsa
1137 3238 1278 3282 nocet
1307 3233 1476 3282 moles.

437 3308 638 3356 Utinam
687 3320 913 3357 ronwaro
960 3308 1127 3357 liceret
1173 3308 1251 3357 Aa
1297 3312 1484 3357 veteres

428 3383 552 3445 fines
572 3388 619 3430 et
646 3383 844 3430 moenia
866 3383 1111 3444 pauperis
1134 3382 1295 3431 Anci!
1350 3384 1479 3433 Anci

433 3456 614 3505 autem
649 3456 909 3505 memoria
939 3457 1199 3519 imprimis
1230 3470 1352 3506 cara
1377 3458 1483 3507 Ro-

431 3529 620 3579 manis.
680 3530 954 3579 Lucretius
987 3531 1214 3580 Ennium
1246 3531 1480 3582 imitatus

432 3602 493 3662 3,
533 3601 693 3651 4037;
760 3603 978 3652 Lumina
1026 3604 1093 3652 sis
1142 3605 1297 3653 ocidis
1326 3606 1481 3655 etiam

432 3675 588 3724 bonus
612 3676 767 3725 Ancu’
800 3677 1019 3738 reliquit.
1057 3678 1187 3742 Epp.
1218 3679 1273 3739 4,
1299 3679 1356 3737 6,
1381 3680 1474 3729 273

430 3750 511 3799 Ire
541 3755 709 3799 tamen
747 3754 928 3810 restat,
964 3752 1136 3801 Numa
1164 3765 1261 3813 quo
1291 3753 1483 3803 devenit

430 3829 477 3873 et
516 3825 694 3873 Ancus.
746 3848 802 3860 —
846 3825 1038 3888 Pulvis]
1085 3827 1246 3890 Soph.
1285 3824 1475 3877 Electr.

432 3898 589 3949 ⁴⁴58:
618 3891 745 3948 ἀντὶ
768 3894 1049 3964 φιλτάτης
1069 3897 1318 3970 Μορφῆς
1340 3915 1481 3950 σπο-

428 3968 532 4021 δόν
565 3986 627 4022 τε
658 3973 758 4022 καὶ
792 3969 963 4023 σκιὰν
998 3968 1288 4038 ἀνωφελῆ.

497 4047 671 4096 47-20.
721 4048 843 4109 Quis
873 4050 988 4109 scie,
1026 4048 1111 4112 an]
1148 4048 1382 4108 omisso,
1420 4050 1480 4097 ut

424 4133 620 4184 saepe,
679 4120 846 4171 altero
903 4122 1246 4173 dubitationis
1302 4134 1480 4171 mem-

428 4195 550 4245 bro:
606 4196 763 4256 «Quis
799 4198 923 4256 scit,
960 4199 1141 4247 utrum
1174 4195 1336 4246 hodie
1372 4196 1477 4246 iam

429 4268 581 4320 nobis
616 4270 955 4322 moriendum
990 4272 1085 4332 sit,
1123 4284 1190 4321 an
1226 4273 1382 4330 σου,
1423 4271 1479 4319 ut

1560 1823 1669 1874 volt
1702 1825 1854 1875 Hand
1889 1827 2038 1878 Turs.
2075 1830 2114 1877 1.
2153 1841 2206 1893 p.
2245 1829 2357 1881 304.
2398 1832 2608 1897 Simpli-

1558 1899 1673 1949 cius
1707 1900 1926 1950 Beierus
1962 1901 2031 1950 ad
2068 1902 2175 1953 Cic.
2215 1904 2360 1954 Offic.
2398 1906 2456 1955 T.
2481 1908 2521 1955 Ι.
2549 1920 2602 1971 p.

1558 1971 1685 2022 338:
1742 1975 1949 2024 «Nemo
1984 1976 2108 2037 scit,
2159 1976 2471 2041 ambiguum
2495 1970 2603 2041 est,

1559 2058 1626 2095 an
1664 2048 1800 2096 cet.»
1839 2050 1898 2097 ut
1935 2049 2110 2113 Eurip.
2146 2050 2256 2101 Alc.
2300 2052 2427 2102 783:
2482 2048 2605 2104 Οὐκ

1556 2113 1682 2169 ἔστι
1739 2119 1969 2187 θνητῶν
2021 2117 2184 2187 ὅστις
2238 2122 2606 2189 ἐξεπίσταται

1560 2190 1679 2259 Τὴν
1723 2189 1928 2265 αὔριον
1975 2196 2305 2262 μέλλουσαν
2358 2203 2412 2250 εἰ
2461 2202 2607 2262 βιω-

1558 2283 1738 2318 σεται.
1776 2270 1982 2321 Similes
2019 2273 2216 2323 Horatii
2252 2274 2350 2324 loci
2386 2278 2511 2325 sunt
2546 2279 2601 2338 4,

1559 2342 1617 2402 9,
1664 2342 1741 2391 43.
1797 2344 1854 2402 2,
1899 2344 1984 2403 46,
2028 2346 2108 2393 25.
2165 2347 2385 2409 Ερρ.4,
2419 2348 2479 2409 4,
2519 2350 2601 2399 42.

1560 2418 1613 2477 4,
1655 2416 1745 2476 44,
1783 2417 1865 2465 22.
1919 2442 1972 2453 ·-
2021 2418 2603 2484 hodiernae-summae]

1558 2493 1889 2555 temporum,
1925 2491 2132 2542 dierum
2170 2497 2506 2556 nostrorum,
2545 2499 2607 2548 οἳ

1556 2566 1761 2615 θνατοὶ
1795 2560 2130 2630 πελόμεσθα
2148 2603 2162 2625 ,
2209 2563 2279 2616 τὸ
2312 2567 2360 2617 δ’
2395 2563 2605 2640 αὔριον

1558 2635 1667 2690 οὐκ
1702 2636 2012 2710 ἑσορῶμες.
2067 2643 2168 2690 Pro
2201 2654 2424 2692 sumnum
2456 2644 2605 2695 multi

1559 2713 1728 2764 Codd.
1781 2715 1918 2763 vitae
1972 2728 2002 2762 e
2060 2712 2222 2776 gloss.
2283 2743 2336 2751 —-
2397 2718 2604 2780 avidas]

1558 2790 1662 2838 Sat.
1707 2788 1769 2848 2,
1806 2786 1863 2844 3,
1912 2787 2042 2836 454ε
2104 2788 2283 2837 avidus
2330 2790 2436 2838 iam
2484 2792 2606 2841 haec

1557 2862 1752 2925 auferet
1791 2861 1944 2908 heros.
2005 2859 2111 2908 Sed
2145 2861 2197 2910 h.
2238 2861 2270 2912 l.
2311 2862 2604 2926 elegantius

1556 2938 1717 2996 atque
1769 2933 2038 2984 efficacius
2086 2938 2169 2984 est
2211 2949 2395 2986 manus
2426 2940 2606 2988 avidas

1556 3021 1749 3072 quam,
1826 3007 1972 3070 quod
2034 3007 2249 3059 volebat
2301 3011 2566 3063 Bentleius
2588 3052 2600 3073 ,

1556 3083 1694 3132 avidi
1710 3082 1960 3131 -heredis.
1987 3083 2153 3146 Epod.
2176 3084 2224 3142 3,
2249 3086 2269 3133 4
2296 3099 2307 3133 z
2333 3086 2561 3136 Parentis
2581 3113 2604 3124 -

1554 3156 1717 3207 Smila
1731 3160 1922 3219 mittar,
1948 3156 2003 3206 id
2021 3161 2120 3218 est,
2141 3160 2363 3210 «senis».
2400 3162 2597 3212 Bosoes.

1558 3257 1613 3267 —
1642 3230 2087 3293 amico—-animnj
2123 3233 2181 3282 ln
2216 3234 2395 3284 Latina
2428 3233 2601 3297 lingua

1554 3302 1826 3368 aliquanto
1861 3305 2240 3367 significantius
2263 3321 2424 3370 quam
2458 3307 2601 3378 φίλῃ

1553 3375 1724 3448 ψυχῇ
1761 3375 2172 3448 χαριζόμενος,
2211 3382 2440 3430 maxime
2476 3395 2601 3432 cum

1553 3468 1604 3502 v.
1645 3454 1845 3502 animus
1878 3454 1931 3502 h.
1960 3453 1992 3502 1.
2018 3454 2281 3516 significet
2313 3468 2420 3503 non
2455 3468 2606 3505 men·

1554 3531 1689 3584 tem,
1729 3526 1827 3577 sed
1860 3525 2161 3576 facultatem
2195 3527 2479 3589 appetendi
2516 3541 2599 3589 ea,

1554 3614 1692 3664 quae
1726 3599 2060 3650 delectabilia
2105 3601 2378 3661 videntur,
2432 3601 2597 3662 unde,

1554 3678 1612 3725 ut
1647 3675 1802 3724 Genio
1834 3674 2117 3737 indulyere,
2176 3675 2331 3724 Genio
2365 3674 2495 3723 bona
2524 3676 2604 3737 fa-

1552 3762 1663 3798 cere
1714 3746 1896 3809 (Plaut.
1945 3749 2091 3797 Pers.
2138 3748 2195 3807 2,
2240 3747 2301 3808 3,
2345 3747 2476 3810 44.),
2530 3750 2601 3800 ita

1554 3824 1714 3873 etiam
1749 3823 1932 3872 dicunt
1982 3823 2153 3870 animo
2188 3835 2379 3871 morem
2409 3836 2600 3886 qorore,

1552 3897 1723 3947 animo
1746 3898 1960 3959 obsequi.
1992 3922 2046 3934 -
2075 3897 2375 3946 Simonides
2399 3898 2480 3949 Fr.
2507 3900 2597 3949 60:

1552 3967 1772 4036 Νήπιοι
1791 4007 1806 4030 ,
1864 3965 1953 4032 οἷς
2003 3967 2182 4040 ταύτῃ
2232 3974 2412 4020 κεῖται
2463 3968 2601 4036 νόος

1554 4041 1689 4098 οὐδὲ
1709 4043 1924 4105 ἴσασιν,
1944 4038 2045 4106 Ὡς
2067 4043 2279 4115 χρόνος
2302 4041 2428 4096 ἔσθ’
2449 4039 2603 4113 ἥβης

1552 4121 1653 4171 καὶ
1678 4116 1883 4180 βιότου
1912 4113 2107 4184 ὀλίγος
2137 4120 2401 4186 Θνητοῖς·
2453 4114 2601 4170 ἀλλὰ

1552 4190 1627 4245 σὺ
1687 4191 1871 4245 ταῦτα
1934 4189 2145 4257 μαθών
2198 4192 2410 4255 βιότου
2467 4197 2600 4244 ποτὶ

1552 4269 1733 4338 τέρμα
1783 4264 1951 4338 Ψυχῇ
1993 4264 2105 4318 τῶν
2147 4262 2385 4335 ἀγαθῶν
2426 4265 2600 4332 τλῆθι
