3234 4975
630 372 755 435 248

969 530 1153 594 Sensi
1210 530 1429 596 relicta
1474 552 1601 595 non
1645 533 1814 599 bene
1858 532 2183 620 parmula,

1410 374 1665 425 uonATn
1701 378 1944 426 CARMIN
1953 379 2040 429 ΠΜ

2722 533 2802 598 lo

1054 653 1213 719 Cum
1258 651 1455 717 fracta
1497 653 1815 737 virtus‘et
1857 654 2142 719 minaces

1134 774 1343 859 Turpe
1389 771 1599 838 solum
1643 774 1909 861 tetigere
1955 784 2189 840 mento.

760 954 837 1002 ⁴2.
879 953 1069 1014 Turpe!
1101 952 1262 1001 solum
1301 964 1427 1001 cum
1461 953 1553 1001 Ge.
1592 952 1833 1002 Fabricio
1868 953 1933 1002 Ct
1967 955 2023 1002 et
2055 952 2222 1002 Bentl.

624 1111 783 1161 nibus.
856 1111 932 1160 lta
977 1110 1121 1160 enim
1164 1110 1218 1159 in
1252 1108 1676 1172 contemplandis

624 1186 783 1235 variis
819 1185 1113 1235 earundem
1147 1197 1330 1235 rerum
1357 1184 1677 1246 imaginibus

625 1258 838 1310 lectoris
856 1263 1095 1310 mentem
1113 1259 1343 1310 retinere
1365 1258 1671 1309 studebant.

694 1336 774 1384 ⁴0.
811 1335 970 1398 Sensi]
1007 1334 1204 1384 sentire
1224 1347 1387 1397 saepe
1411 1334 1480 1384 de
1511 1333 1678 1385 rebus

627 1407 890 1470 molestis,
928 1409 1261 1459 aerumnosis
1295 1422 1358 1459 ac
1389 1408 1676 1459 detrimen-

628 1487 743 1534 tum
777 1484 1124 1534 afferentibus
1149 1483 1353 1533 dicitur.
1392 1483 1540 1534 Ovid.
1577 1484 1680 1534 He-

628 1559 763 1609 roid.
790 1557 838 1619 9,
878 1557 971 1609 46:
1006 1558 1204 1608 Arbiter
1229 1559 1534 1620 Eurystheus
1566 1560 1678 1609 irae

626 1635 831 1685 Iunonis
862 1635 1066 1696 iniquae
1087 1636 1311 1685 Sentian-
1337 1635 1477 1685 nobis
1496 1637 1679 1697 iraque

627 1709 779 1773 longa
823 1710 959 1758 deae.
1011 1710 1132 1758 Tac.
1169 1710 1290 1772 Agr.
1329 1710 1377 1759 6.
1428 1712 1560 1759 extr.
1615 1736 1671 1746 --

625 1797 725 1832 non
760 1783 893 1846 bene]
942 1795 1089 1832 «non
1130 1783 1416 1834 honeste.»
1457 1812 1512 1821 —
1543 1799 1677 1847 par-

625 1858 767 1907 mula
797 1858 1011 1921 proprie
1056 1856 1404 1921 gladiatorum
1448 1873 1675 1923 parvum

627 1934 859 1982 scutum.
929 1932 1041 1981 Hoc
1086 1945 1300 1996 quoque
1342 1947 1482 1993 voc„
1532 1934 1678 1997 quod

627 2008 793 2056 totam
829 2019 945 2056 rem
980 2009 1258 2066 extenuat,
1306 2007 1373 2057 de
1416 2008 1674 2058 industria

629 2079 897 2131 delectum
950 2081 1175 2130 videtur.
1250 2083 1363 2132 Iam
1414 2096 1478 2132 ex
1525 2096 1679 2133 com-

633 2157 779 2205 muni
815 2155 1034 2219 quidem
1068 2156 1407 2219 antiquorum
1431 2158 1676 2220 opinione

630 2230 765 2281 scuti
813 2230 1041 2280 abiectio
1086 2244 1331 2281 summae
1378 2234 1495 2282 erat
1526 2233 1677 2295 igno-

632 2304 827 2355 miniae
883 2318 1112 2370 eamque
1175 2307 1314 2355 inter
1366 2308 1449 2356 sui
1512 2304 1680 2357 seculi

633 2392 813 2429 mores
864 2382 1143 2444 corruptos
1200 2383 1465 2430 memorat
1517 2381 1679 2430 etiam

631 2453 845 2505 Plautus
874 2455 1011 2505 Trin.
1040 2453 1089 2516 4,
1126 2453 1175 2516 4,
1213 2455 1303 2505 27:
1340 2456 1497 2505 Scuta
1517 2456 1684 2506 iacere

631 2530 900 2593 macroque
943 2531 1093 2579 hostis
1133 2543 1273 2580 more
1304 2531 1481 2581 habent
1527 2532 1683 2581 licen-

631 2606 772 2654 tiam.
843 2605 1044 2655 Verum
1074 2617 1199 2655 cum
1232 2607 1368 2656 inter
1400 2607 1682 2670 primarios

634 2681 959 2729 Graecorum
1009 2683 1195 2744 poetas
1244 2682 1379 2741 tres,
1438 2679 1683 2730 Archilo—

632 2754 793 2812 chuS,
832 2752 1073 2815 Alcaeus,
1110 2756 1408 2814 Anacreon,
1442 2755 1586 2805 idern
1610 2755 1680 2804 de

633 2839 694 2878 se
742 2828 827 2879 vel
881 2829 1109 2879 confessi
1161 2832 1342 2880 essent
1384 2828 1469 2880 vel
1518 2831 1682 2880 etiam

634 2902 1064 2965 praedicassent,
1121 2902 1265 2953 idem
1310 2903 1555 2954 Horatius
1590 2917 1683 2953 re-

634 2975 1004 3039 prehensionis
1037 2989 1258 3040 prorsus
1281 2989 1505 3027 securus
1528 2977 1596 3026 de
1621 2990 1680 3027 se

635 3048 816 3098 dicere
850 3052 1078 3112 poterat,
1116 3052 1171 3099 et
1192 3050 1411 3112 quidem
1437 3063 1543 3099 non
1567 3050 1682 3100 sine

636 3121 972 3173 festivissima
1014 3125 1068 3172 iu
1101 3127 1277 3175 semet
1308 3125 1486 3188 ipsum
1520 3125 1685 3195 εἰρω-

637 3196 787 3262 νείᾳ,
826 3210 963 3259 quae
999 3201 1144 3260 grata
1169 3199 1416 3248 accidere
1451 3197 1687 3249 debehat

636 3271 897 3334 imprimis
932 3273 1214 3336 Pompeio,
1268 3274 1359 3336 qui
1402 3271 1597 3324 diutius
1633 3275 1685 3323 in

634 3344 876 3410 partibus
915 3347 1249 3410 Pompeianis
1292 3350 1682 3412 perseverarat,

636 3421 749 3471 sive
783 3434 843 3471 re
877 3433 1005 3470 vera
1044 3424 1203 3486 poeta
1236 3434 1480 3485 parmam
1514 3423 1689 3487 proie-

639 3496 740 3556 cit,
778 3496 919 3556 sive,
973 3497 1033 3545 ut
1074 3497 1251 3561 potius
1285 3510 1409 3547 reor
1443 3511 1565 3548 cum
1600 3499 1686 3549 Ia-

637 3569 823 3621 cobsio
880 3571 1044 3620 Lectt.
1103 3570 1234 3619 Ven.
1296 3572 1375 3621 ⁴5.
1437 3585 1488 3635 p.
1544 3573 1682 3636 326„

634 3646 809 3708 imago
828 3644 1101 3695 dumtaxat
1120 3645 1327 3708 poetica
1342 3644 1532 3697 celeris
1548 3646 1685 3698 illius

637 3719 791 3782 fugae
827 3721 912 3769 est
944 3733 1116 3783 aeque
1152 3732 1216 3768 ac
1250 3720 1495 3770 Mercurii
1534 3723 1687 3772 auxi-

633 3792 781 3843 lium.
840 3795 1011 3844 Nemo
1035 3795 1178 3844 enim
1208 3797 1525 3858 praesertim
1549 3797 1688 3847 inter

637 3880 758 3928 eos,
805 3869 895 3931 qui
938 3872 1153 3932 poetam
1197 3870 1409 3932 penitus
1444 3872 1682 3930 nossent,

636 3939 836 3990 idcirco
894 3954 1020 3992 eum
1075 3943 1470 4006 vituperatums
1537 3945 1682 4004 crat,

637 4013 783 4078 quod
807 4027 872 4063 eo
897 4017 1158 4079 tempore,
1186 4030 1293 4079 quo
1318 4017 1549 4067 Caesare
1578 4018 1686 4067 iam

638 4088 904 4152 principe,
954 4103 1174 4153 prorsus
1208 4103 1499 4154 oppressae
1534 4094 1688 4142 erant

1749 1110 1967 1160 minime
2043 1109 2420 1161 dissimularet.
2516 1112 2797 1178 Exempla,

1749 1197 1888 1246 quae
1923 1186 2141 1236 secutus
2176 1187 2284 1243 est,
2319 1185 2456 1234 haec
2491 1188 2645 1236 sunt:
2703 1189 2799 1236 Ar-

1750 1257 2026 1309 chilochus
2048 1258 2191 1321 Eleg.
2215 1260 2296 1309 Fr.
2319 1260 2400 1309 5⁴.
2431 1259 2579 1310 Lieb.
2606 1262 2792 1324 Bergk.

1747 1346 1800 1396 p.
1837 1332 1960 1384 468:
1993 1327 2208 1384 Ἀσπίδι
2239 1332 2349 1399 μὲν
2382 1332 2574 1383 Σαΐων
2610 1333 2802 1398 (Thra-

1749 1409 1863 1457 ciae
1909 1406 2137 1472 populus
2184 1409 2288 1471 est)
2337 1422 2423 1471 τις
2468 1401 2793 1475 ἀγάλλεται,

1747 1476 1822 1547 ἢν
1845 1477 2000 1553 παρὰ
2029 1478 2235 1549 θάμνῳ
2253 1476 2459 1546 Ἕντος
2479 1477 2802 1549 ἀμώμητον

1747 1552 2027 1607 κάλλιπον
2077 1551 2184 1607 οὐκ
2235 1556 2475 1619 ἐθέλων,
2529 1554 2719 1621 Αὐτὸς
2751 1557 2799 1608 δ’

1747 1628 2029 1698 ἐξέφυγον
2073 1628 2335 1683 θανάτου
2376 1632 2567 1696 τέλος·
2621 1627 2802 1696 ἀσπὶς

1746 1705 1936 1771 ἐκείνη
1954 1700 2212 1777 Ἐρρέτω·
2249 1703 2476 1770 ἐξαῦτις
2497 1704 2794 1773 κτήσομαι

1748 1775 1818 1831 οὐ
1854 1781 2054 1831 κακίω.
2126 1783 2316 1833 Critias
2350 1782 2494 1846 apud
2516 1782 2792 1833 Aelianum

1747 1852 1809 1905 V.
1837 1856 1899 1905 H.
1927 1856 2015 1917 ⁴0,
2053 1856 2134 1906 ⁴3.
2161 1854 2327 1906 multa
2349 1855 2647 1907 Archilochi
2671 1858 2797 1908 vitia

1750 1943 1814 1978 ex
1851 1930 2016 1993 ipsius
2049 1929 2324 1980 dumtaxat
2356 1932 2616 1992 poematis
2648 1932 2801 1981 inno-

1749 2005 1914 2054 tuisse
1948 2006 2199 2066 miratur,
2236 2005 2292 2055 in
2312 2004 2421 2063 his,
2460 1998 2552 2055 ὅτι
2584 2000 2795 2071 λάγνος

1750 2079 1850 2128 καὶ
1894 2073 2172 2149 ὑβριστὴς
2212 2078 2312 2129 καὶ
2357 2072 2425 2130 τὸ
2459 2072 2546 2128 ἔτι
2577 2076 2800 2131 τούτων

1751 2150 2086 2216 αἴσχιστον,
2138 2146 2230 2205 ὅτι
2261 2150 2368 2221 τὴν
2402 2148 2623 2204 ἀσπίδα
2654 2149 2799 2205 ἀπέ-

1749 2227 1942 2290 βαλεν.
1980 2230 2114 2279 Item
2129 2230 2409 2280 Anacreon
2427 2229 2495 2279 de
2513 2242 2573 2280 se
2593 2231 2798 2293 Fragm.

1750 2305 1833 2354 26.
1872 2303 2069 2365 Bergk:
2101 2297 2334 2354 Ἀσπίδα
2366 2297 2490 2373 ῥῖψ’
2524 2302 2585 2365 ἐς
2618 2316 2800 2352 ποτα-

1749 2375 1867 2443 μοῦ
1902 2374 2210 2448 καλλιρόου
2235 2372 2515 2448 προχοάς.
2570 2376 2797 2428 Alcaeus

1750 2453 1920 2518 Bergk
1955 2466 2075 2518 pag.
2114 2453 2235 2504 577:
2274 2447 2498 2524 Κᾶρυξ,
2534 2444 2805 2519 ἄγγειλον

1751 2527 1860 2594 μὲν
1891 2521 2059 2592 ἔμοις
2080 2523 2373 2598 ἑτάροισιν
2394 2526 2457 2577 ἐν
2478 2522 2638 2576 οἵκω.
2675 2524 2804 2588 Σῶς

1746 2597 2001 2664 Ἀλκαῖος
2021 2596 2157 2672 Ἄρη
2173 2638 2188 2663 ,
2209 2596 2416 2652 ”Bursa
2447 2597 2495 2649 δ’
2533 2593 2643 2650 οὐκ
2665 2594 2801 2650 ἀνέ-

1753 2692 1968 2736 νεικον,
2004 2670 2044 2725 ἃ
2065 2655 2138 2741 or}
2160 2677 2365 2747 κτέρας
2386 2675 2447 2738 ἐς
2467 2670 2799 2724 Γλαυκώπω

1741 2743 1890 2822 Ἶρον
1932 2745 2330 2821 ὀνεκρέμασαν
2357 2745 2622 2799 Ἄττικοι.
2695 2749 2804 2798 He-

1752 2828 1870 2877 rod.
1907 2827 1965 2887 5,
2019 2826 2106 2875 95:
2159 2819 2418 2887 Ἀλκαΐος
2468 2817 2504 2873 ὃ
2557 2819 2803 2889 ποιητὴς

1755 2895 2058 2965 συμβολῆς
2069 2900 2380 2966 γενομένης
2398 2897 2498 2948 καὶ
2515 2895 2805 2948 νικώντων

1755 2972 1868 3026 τῶν
1897 2968 2211 3040 Ἀθηναίων
2244 2969 2424 3036 αὐτὸς
2443 2971 2553 3038 μὲν
2574 2969 2805 3039 φεύγων

1756 3045 2051 3116 ἐκφεύγει,
2087 3044 2160 3098 τὰ
2191 3046 2255 3099 δέ
2279 3048 2342 3097 οἱ
2372 3040 2525 3097 ὅπλα
2567 3045 2806 3108 ἴσχουσι

1750 3118 2044 3190 Ἀθηναῖοι
2075 3126 2177 3175 καί
2209 3138 2367 3185 σφεα
2399 3117 2806 3193 ἀνεκρέμασαν

1756 3195 1900 3270 πρὸς
1933 3195 2000 3248 τὸ
2027 3193 2332 3264 Ἀθήναιον
2372 3192 2441 3247 τὸ
2478 3195 2541 3247 ἐν
2580 3196 2801 3263 Σιγείῳ·

1754 3268 1939 3324 ταῦτα
1970 3270 2034 3323 δὲ
2060 3267 2319 3335 Ἀλκαῖος
2352 3271 2415 3323 ἐν
2442 3270 2608 3336 μέλεῖ
2634 3268 2805 3337 ποιή-

1758 3365 1868 3411 σας
1892 3347 2139 3399 ἐπιτιθεῖ
2155 3348 2235 3410 εἰς
2261 3343 2607 3412 Μυτιλήνην,
2637 3342 2806 3411 ἑξαγ-

1756 3418 2101 3490 γελλόμενος
2131 3417 2200 3471 τὸ
2225 3417 2445 3472 ἑωυτοῦ
2482 3417 2672 3482 πάθος
2701 3419 2808 3469 Με-

1754 3496 2015 3562 ναλίππῳ
2039 3488 2206 3565 ἀνδρὶ
2229 3493 2454 3565 ἑταίρῳ.
2491 3493 2646 3558 Apud
2670 3493 2808 3544 Lub-

1757 3572 1946 3622 kerum
1963 3571 2202 3635 reperies
2220 3581 2575 3633 quaecunque
2594 3567 2662 3617 de
2682 3580 2808 3617 con-

1757 3648 2000 3696 troverso
2023 3646 2126 3695 hoc
2157 3643 2276 3694 loco
2299 3643 2476 3692 adhuc
2498 3643 2637 3692 dicta
2662 3643 2804 3701 sunt,

1758 3722 1885 3771 satis
1931 3721 2072 3770 hene
2108 3719 2345 3782 exposita
2392 3731 2456 3767 ac
2501 3716 2803 3766 diiudicata.

1825 3795 1905 3844 ll.
1950 3795 2123 3858 fracta
2164 3791 2342 3855 virtus]
2393 3791 2502 3841 Cic.
2548 3790 2617 3839 ad
2659 3791 2803 3840 Fam.

1758 3869 1814 3929 7,
1866 3868 1923 3930 3,
1971 3869 2029 3918 3:
2080 3882 2171 3917 nec
2211 3867 2419 3929 putavi,
2470 3878 2586 3914 cum
2625 3864 2810 3926 integri

1749 3955 1906 4004 pam
1950 3956 2050 3992 non
2093 3942 2383 4005 titis-somus,
2432 3941 2624 4004 fractos
2659 3951 2808 3999 supe-

1752 4017 1913 4067 riores
1944 4016 2072 4080 fore.
2143 4016 2417 4066 Memorne
2454 4014 2555 4065 l'uit
2588 4013 2804 4062 ultimae

1757 4091 1900 4140 Bruti
1922 4091 2100 4139 vocis:
2129 4080 2200 4138 ’.Ω
2223 4085 2445 4154 τλῆμον
2464 4082 2670 4174 ἀρετήέ
2707 4080 2809 4135 λό-

638 4164 819 4226 partes
841 4160 1041 4214 liberae
1065 4164 1143 4213 rei
1168 4162 1432 4228 publicae,
1471 4177 1530 4214 se
1555 4177 1688 4228 quo-
1756 4178 1859 4231 γος
1891 4154 1982 4233 ἆρ’
2008 4157 2165 4229 ἧσθ’·
2201 4159 2312 4230 ἐγώ
2335 4160 2399 4214 δέ
2420 4177 2490 4212 σε
2526 4162 2618 4224 ,Ως
2639 4175 2808 4230 εργον

639 4251 747 4308 que
806 4251 927 4292 cum
987 4240 1181 4289 ceteris
1237 4237 1507 4290 devictum
1564 4251 1683 4289 esse
1757 4232 1998 4303 ἤσκουν.
2053 4266 2106 4275 -
2142 4241 2170 4287 ‘i
2215 4239 2338 4300 (Dio
2385 4239 2537 4287 Cass.
2574 4234 2665 4296 47,
2705 4234 2806 4296 49.)
