3234 4975
535 356 748 437 '268

1401 375 1658 425 nonArn
1692 338 2027 425 cimanum

1367 843 2045 906 cmxl-

961 1014 1132 1095 Quid
1174 1012 1526 1080 bellicosus
1572 1011 1893 1079 Cantaber
1934 1020 1999 1078 et
2040 1011 2343 1100 Scythes,

960 1135 1228 1223 Hirpine
1273 1134 1522 1214 Quinti,
1570 1132 1806 1220 cogitet
1850 1130 2090 1197 Hadria

1043 1256 1307 1322 Divisus
1351 1254 1644 1330 obiecto,
1692 1253 1979 1319 remittas

751 1429 834 1479 XI.
871 1429 1036 1477 lnscr.
1073 1424 1209 1489 volg.
1262 1426 1338 1475 Ad
1374 1425 1647 1486 Quintium.
1677 1449 1733 1459 —
1757 1422 1834 1471 Ad
1866 1423 2136 1484 Hirpinum
2166 1434 2370 1471 monens
2400 1435 2727 1483 unumquem-

686 1517 781 1564 que
812 1501 1019 1552 utilitati
1049 1513 1172 1550 suae
1201 1500 1455 1549 considero
1475 1499 1534 1548 Β.
1576 1525 1632 1535 -
1662 1498 1739 1547 Ad
1762 1497 2017 1559 Quiritium
2038 1498 2304 1559 Hirpinum
2325 1509 2528 1546 wionem
2546 1510 2726 1546 mmu—

686 1589 927 1638 quemquo
959 1573 1386 1640 (unamquamque
1418 1572 1473 1635 Τ)

1505 1597 1531 1608 -
1558 1572 1857 1621 -consulore
1888 1570 1984 1622 bT.
2043 1599 2098 1607 -
2150 1571 2225 1620 Aa
2270 1571 2527 1633 Quintium
2557 1570 2726 1632 Hirpi-

683 1664 807 1700 num
841 1652 891 1699 S.
935 1676 990 1686 —
1026 1650 1102 1699 Ad
1124 1649 1380 1710 Quintium
1410 1646 1679 1708 Hirpinum
1710 1659 1914 1695 monens
1944 1660 2044 1695 non
2066 1658 2166 1694 esso
2186 1645 2508 1707 cogitationes
2526 1649 2726 1694 nostras

684 1726 738 1774 in
783 1726 1032 1774 diversum
1071 1723 1339 1772 mittendas
1383 1736 1430 1772 c.
1473 1746 1529 1755 —
1568 1721 1615 1769 4.
1654 1719 1889 1769 cantaber
1929 1720 1986 1770 T.
2028 1746 2083 1756 -
2121 1719 2171 1770 2.
2211 1719 2407 1782 Quincti
2448 1720 2606 1770 LCtF.
2647 1720 2724 1782 (Ut

684 1811 809 1860 noS,
846 1798 1014 1848 nostri
1047 1795 1237 1859 Codd.)
1276 1822 1332 1832 —
1367 1795 1528 1845 Adria
1559 1793 1645 1843 cd.

683 1947 769 1996 XI.
825 1945 1093 2005 Quintium
1142 1944 1418 2008 Hirpinum
1436 1982 1448 2004 ,
1503 1942 1667 1994 soda-

616 2019 726 2069 lem
743 2032 920 2080 suum,
946 2019 1015 2068 ad
1037 2020 1330 2084 sapientem
1348 2019 1487 2068 vitae
1505 2031 1667 2068 usum

619 2094 845 2143 comiter
890 2093 1217 2144 adhortatur.
1287 2094 1403 2142 Non
1445 2105 1678 2156 prorsus·

618 2169 839 2231 quidem
873 2170 1108 2228 certum,
1157 2180 1347 2217 verum
1386 2165 1664 2230 probabiIe

619 2245 729 2302 est,
789 2242 1023 2291 eundem
1069 2241 1337 2302 Quintium
1389 2254 1536 2300 esse,
1595 2240 1665 2289 ad

618 2329 781 2379 quem
817 2316 959 2366 misit
990 2317 1121 2380 Epp.
1163 2317 1222 2376 4,
1261 2315 1341 2364 46.
1381 2317 1566 2377 Aeque
1588 2315 1667 2364 in-

617 2394 823 2441 certum
868 2392 949 2442 est
992 2390 1387 2454 compositionis
1421 2391 1661 2452 tempus;

617 2466 841 2516 fortasse
865 2466 976 2515 728.
1004 2467 1096 2514 aut
1115 2464 1321 2514 initium
1346 2464 1467 2513 729:
1508 2476 1665 2513 «cum

618 2539 867 2590 Cantabri
901 2537 1224 2589 rebellarent
1258 2540 1312 2588 et
1334 2539 1562 2600 Scythae
1589 2538 1667 2588 in-

615 2615 838 2676 stigante
884 2614 1106 2664 Phraate
1152 2616 1334 2662 contra
1376 2612 1663 2663 Tiridatem

616 2688 1008 2752 expeditionem
1049 2689 1316 2751 pararent.
1386 2685 1481 2735 Od.
1519 2685 1580 2746 3,
1630 2685 1662 2735 8

615 2765 669 2811 et
703 2763 757 2824 4,
795 2763 909 2812 ⁴9.»
964 2764 1178 2811 Furem.
1234 2760 1332 2812 Alii
1366 2758 1663 2810 retulerunt

613 2836 682 2886 ad
732 2851 781 2887 a.
831 2836 945 2888 734.
1020 2838 1289 2900 (Ceterum
1341 2835 1660 2898 scripturam

615 2912 872 2973 Quinctius
936 2909 1186 2974 praetulit
1251 2911 1303 2959 in
1374 2909 1518 2958 Livio
1569 2906 1662 2957 Al-

613 2985 840 3035 schefski
877 2985 987 3035 Lib.
1026 2985 1083 3045 3,
1123 2985 1190 3047 4.)

680 3060 727 3107 4.
784 3057 1054 3121 Cantaber]
1107 3057 1196 3107 diu
1245 3054 1477 3107 rebelliS.
1550 3057 1655 3107 Cir.

613 3132 710 3183 Od.
747 3134 809 3193 2,
848 3132 907 3194 6,
945 3133 994 3181 2.
1054 3131 1149 3180 Od.
1189 3131 1247 3192 3,
1285 3132 1343 3192 8,
1382 3133 1462 3181 22.
1522 3132 1655 3195 Epp.

614 3207 668 3267 4,
719 3207 805 3264 42,
850 3206 934 3255 26.
992 3233 1048 3242 -
1101 3204 1317 3268 Scythes]
1368 3206 1452 3255 Sic
1500 3207 1659 3254 vocat

611 3278 834 3344 populos
884 3280 935 3328 in
987 3277 1385 3344 septentrionali
1430 3278 1658 3329 Danubii

610 3355 726 3418 ripa
759 3352 1083 3415 habitantes,
1121 3356 1389 3406 Sarmatas
1425 3356 1479 3404 et
1508 3352 1660 3404 Gelo-

609 3442 724 3479 nos».
777 3429 873 3478 Od.
911 3430 968 3490 2,
1006 3429 1065 3490 9,
1103 3428 1185 3479 23.

673 3504 723 3553 2.
745 3503 793 3552 3.
817 3503 1026 3566 Hirpine
1050 3503 1236 3567 Quinti]
1261 3503 1460 3567 Hirpini
1479 3502 1656 3552 adhuc

609 3578 770 3641 ignoti
815 3579 868 3628 in
913 3580 1068 3640 gente
1116 3580 1338 3638 Quintia.
1417 3578 1661 3639 Hirpinus

607 3666 737 3704 sane
758 3666 857 3717 pro
881 3666 1032 3704 mero
1056 3655 1371 3717 cognomine
1386 3691 1397 3713 ,
1435 3665 1540 3701 non
1563 3664 1659 3716 po-

607 3726 716 3791 puli
737 3729 979 3789 nomine,
1017 3727 1347 3788 babendum,
1384 3729 1443 3776 ut
1464 3727 1657 3777 usitata

607 3803 761 3852 erant
794 3803 956 3852 etiam
981 3803 1184 3863 Antias,
1223 3802 1465 3860 Sabinu-3,
1502 3802 1660 3851 Sora-

605 3890 716 3925 nus,
755 3877 831 3926 De
867 3876 1052 3926 ordine
1097 3877 1372 3927 nominum
1416 3876 1540 3926 vide
1588 3873 1658 3923 ad

606 3950 701 4000 Od.
757 3951 817 4009 2,
869 3951 931 4010 2,
984 3950 1046 4000 3:
1115 3951 1286 4013 Crispo
1334 3950 1538 3999 Salusti.
1596 3975 1653 3985 —

605 4023 811 4087 cogitet]
872 4025 1273 4086 «machinetur,
1344 4023 1654 4075 moliatur.»

609 4127 666 4136 —
716 4099 913 4148 Hadria
953 4100 1178 4165 Divinis]
1228 4114 1332 4151 «ac
1369 4104 1655 4165 propterea

607 4172 762 4223 nobis
787 4173 1003 4223 minime
1031 4173 1457 4226 formidolosus.»
1497 4175 1655 4226 Unice

605 4248 675 4297 ad
699 4259 750 4297 v,
771 4248 974 4310 Scythes
994 4246 1241 4309 refertur,
1270 4262 1375 4298 non
1400 4249 1468 4299 ad
1488 4250 1658 4313 Hirpi-

1741 1956 1895 2003 num,
1933 1945 1992 1992 ut
2024 1943 2157 1993 mire
2193 1942 2413 2006 quidam
2438 1941 2787 1993 calumniatus

1742 2018 1839 2067 est.
1894 2043 1950 2053 —
1996 2016 2240 2080 remittas]
2288 2018 2502 2067 Rariore
2549 2029 2651 2067 usu
2688 2030 2785 2081 pro

1742 2092 2038 2141 «omittas»
2086 2092 2297 2141 Terent.
2334 2089 2497 2141 Andr.
2536 2092 2592 2152 ὅ,
2632 2092 2687 2153 4,
2724 2093 2783 2141 8:

1738 2166 1874 2215 Nam
1922 2167 1964 2215 si
2011 2167 2221 2229 coyites,
2279 2167 2508 2216 remittas
2555 2167 2662 2216 iam
2707 2180 2788 2216 me

1740 2253 1953 2289 onerare
1998 2241 2214 2290 inim-iis.
2299 2239 2487 2291 Salust.
2535 2243 2645 2304 lug.
2692 2242 2781 2290 52:

1739 2315 1896 2364 aciem
1937 2320 2154 2364 evomat
2191 2328 2349 2377 neque
2388 2316 2620 2376 remittit,
2667 2316 2789 2377 quid

1736 2389 1917 2451 ubique
1949 2390 2100 2439 hostis
2133 2396 2332 2454 ageret,
2369 2391 2659 2452 explorare.

1803 2462 1853 2514 t.
1926 2464 2161 2529 trepides]
2220 2462 2368 2515 «Noli
2426 2463 2676 2516 sollicitus
2733 2468 2788 2516 et

1738 2541 1923 2590 anxius
1958 2554 2079 2590 esse
2103 2541 2154 2589 in
2179 2539 2500 2604 quaerendis
2529 2540 2692 2590 rebus
2715 2539 2786 2589 ad

1737 2614 1876 2663 vitae
1919 2627 2079 2664 usum
2123 2617 2282 2676 atque
2324 2615 2784 2664 conservationem

1738 2688 2107 2738 necessariis.»
2146 2687 2239 2739 Od.
2271 2688 2328 2747 3,
2366 2688 2455 2748 29,
2495 2688 2584 2738 34;
2621 2689 2785 2738 Ridet-

1738 2774 1859 2822 que,
1908 2762 1953 2810 si
1983 2761 2212 2811 mortalis
2242 2761 2382 2810 ultra
2413 2762 2515 2810 Fas
2546 2763 2778 2823 trepidat.

1741 2837 2008 2897 Trepidam
2047 2836 2101 2885 in
2140 2850 2287 2885 testem
2320 2837 2402 2886 est
2438 2837 2620 2886 «anxie
2653 2849 2784 2899 pro-

1735 2909 1919 2958 videre
1956 2911 2128 2960 usui.»
2162 2911 2240 2959 De
2275 2924 2326 2958 v.
2364 2910 2617 2971 trepidare
2650 2923 2782 2959 con—

1735 2982 1849 3033 sule
1895 2985 2120 3033 Gronov.
2160 2987 2213 3034 et
2253 2983 2518 3033 Drakenb.
2566 2985 2634 3034 ad
2669 2985 2776 3034 Liv.

1735 3057 1830 3119 27,
1887 3058 1942 3118 4,
1996 3058 2043 3108 8.
2116 3059 2199 3107 Sic
2246 3058 2564 3110 πτοεῖσθαι.
2636 3057 2781 3108 Plato

1735 3131 1933 3181 Phaed.
1972 3131 2053 3180 68.
2093 3133 2174 3182 C.:
2211 3127 2281 3181 τὸ
2315 3133 2441 3203 περὶ
2464 3127 2568 3194 τὰς
2591 3132 2783 3182 ἐπιθυ·

1731 3206 1873 3270 μίας
1903 3200 1988 3270 μὴ
2025 3203 2365 3271 ἐπτοῆσθαι.
2391 3209 2557 3259 Usum
2578 3210 2776 3267 autem,

1732 3283 1792 3330 ut
1826 3281 1935 3330 Liv.
1974 3280 2031 3342 6,
2085 3282 2175 3331 25ι
2229 3294 2333 3342 qua
2378 3294 2621 3343 quemque
2662 3295 2781 3330 suo-

1729 3369 1848 3404 rum
1894 3368 2077 3404 usuam
2108 3369 2291 3405 causae
2320 3357 2525 3420 ferrent.
2596 3357 2779 3418 Neque

1732 3444 1862 3481 vero
1898 3444 1963 3480 ex
1999 3431 2101 3480 hac
2135 3430 2367 3493 generali
2391 3432 2651 3481 sententia
2677 3428 2783 3479 col-

1730 3504 1816 3567 ligi
1839 3505 2019 3567 potest
2041 3504 2309 3562 Quintium
2328 3504 2490 3554 fuisse
2509 3505 2781 3554 hominem

1733 3580 1986 3628 contracti
2044 3592 2108 3629 ac
2162 3578 2336 3643 pusilli
2392 3579 2578 3640 animi,
2639 3578 2779 3628 curis

1732 3667 1950 3718 semper
1981 3654 2270 3705 obnoxium
2287 3693 2298 3714 ,
2335 3655 2396 3702 ut
2420 3652 2604 3704 volunt
2624 3652 2782 3718 pieri-

1733 3743 1857 3792 que.
1901 3730 2069 3779 Immo
2105 3731 2157 3780 in
2193 3728 2280 3779 tali
2314 3731 2428 3779 sine
2464 3728 2570 3778 ullo
2605 3729 2779 3778 fructu

1731 3802 1934 3854 abusus
1968 3806 2115 3854 esset
2159 3803 2418 3855 eiusmodi
2454 3804 2781 3853 exhortatio-

1732 3877 1912 3938 nibus,
1951 3878 2148 3941 quibus
2182 3877 2385 3928 indoles
2414 3879 2575 3940 atque
2600 3889 2779 3927 mores

1730 3953 2009 4012 hominum
2045 3955 2131 4002 vix
2163 3965 2401 4016 unquam
2438 3954 2725 4002 mutantur.

1797 4029 1845 4076 ὅ.
1871 4028 2117 4078 Poscentis
2132 4028 2243 4077 aevi
2257 4026 2447 4090 pauca]
2466 4028 2601 4076 Nam
2618 4025 2778 4075 etiam

1732 4114 1871 4164 quae
1895 4102 2029 4152 infra
2057 4103 2450 4162 memorantur,
2478 4098 2775 4157 Falernum,

1731 4175 1931 4226 nardus
1964 4178 2126 4240 atque
2162 4190 2255 4236 ea,
2304 4176 2482 4237 quibus
2521 4174 2649 4224 dolet
2679 4185 2778 4221 na—

1728 4254 1848 4300 cura
1878 4250 2096 4314 negatis,
2132 4263 2303 4315 pauca
2337 4251 2462 4300 sunt
2482 4250 2642 4313 atque
2665 4245 2779 4296 exi-
