3234 4975
653 409 780 475 6⁴0

1076 565 1253 631 Notis
1296 561 1554 630 condita
1597 562 1775 627 fastis

1430 408 1687 459 notum
1738 407 2074 459 CARmle

2747 560 2827 626 ⁴5

1161 684 1423 752 Inclusit
1464 683 1750 750 volucris
1794 681 1954 747 dies.

991 844 1135 923 Quo
1179 841 1337 928 sugit
1374 861 1610 916 venua,
1658 838 1814 915 heu,
1861 859 2078 926 quove
2122 837 2345 905 color?
2391 837 2632 905 decens

990 964 1134 1043 Quo
1177 962 1439 1028 motus?
1481 959 1643 1048 quid
1683 959 1887 1026 habes
1931 958 2130 1036 illius,
2175 957 2379 1036 illius,

1075 1083 1259 1162 Quae
1303 1080 1592 1168 spirabat
1638 1101 1898 1147 amores
1925 1131 1939 1156 ‚

1159 1203 1342 1282 Quae
1387 1221 1491 1267 me
1534 1210 1881 1288 surpuerat
1922 1198 2076 1265 mihi
2093 1252 2108 1277 ‚

993 1357 1167 1425 Felix
1210 1369 1358 1446 post
1404 1358 1700 1442 Cinaram
1719 1409 1733 1434 ‚

785 1557 865 1606 ⁴7.
904 1568 1096 1618 quoquo
1128 1556 1181 1605 d.
1225 1581 1279 1592 -
1318 1555 1397 1605 48.
1433 1555 1572 1604 notor
1602 1553 1814 1604 daem?
1847 1555 1956 1616 Quo
1997 1555 2179 1615 τμη.
2212 1581 2266 1591 -

652 1734 845 1796 inquit,
883 1733 967 1780 «te
1002 1743 1160 1780 ornas
1196 1730 1318 1781 Cois
1350 1729 1589 1781 vestibus
1624 1732 1703 1780 at-

653 1819 759 1869 que
782 1802 1066 1854 unionibus
1082 1841 1094 1863 ‚
1121 1815 1228 1866 quo
1252 1804 1425 1852 iunior
1444 1803 1695 1853 videaris.

650 1882 836 1941 Neque
880 1878 1023 1927 enim
1057 1877 1393 1940 propositum
1426 1879 1577 1926 tuum
1612 1878 1698 1925 at-

651 1954 833 2015 tingis,
893 1964 1016 2001 cum
1052 1952 1176 2010 dies,
1230 1950 1282 1999 id
1325 1951 1432 2009 est,
1484 1952 1699 2012 tempus

650 2026 806 2089 fugax
858 2024 1156 2075 condiderit
1204 2021 1371 2074 semel
1446 2022 1558 2086 (ein
1609 2024 1701 2085 fiir

648 2100 869 2162 attentat)
905 2102 960 2148 et
992 2096 1292 2158 incluserit,
1330 2097 1384 2146 id
1420 2099 1528 2158 est,
1567 2110 1701 2146 con-

649 2174 890 2236 signarit,
962 2172 1014 2221 in
1065 2170 1234 2231 fastis,
1305 2172 1396 2234 qui
1445 2170 1697 2221 omnibus

593 2279 605 2292 .
650 2247 809 2298 nimis
843 2246 952 2296 noti
972 2247 1120 2304 sunt,
1158 2258 1325 2296 annos
1348 2248 1493 2296 tuos:
1531 2246 1700 2308 siqui-

650 2319 778 2371 dem
826 2333 1041 2380 omnes.
1113 2332 1343 2383 quorum
1402 2322 1506 2371 hoc
1557 2321 1696 2370 scire

648 2396 900 2454 interest,
971 2392 1139 2458 probe
1204 2396 1423 2455 norunt,
1501 2393 1697 2457 quibus

648 2466 959 2520 consulibus
994 2469 1117 2519 nata
1150 2469 1224 2519 sis
1259 2470 1495 2532 quotque
1527 2480 1698 2518 annos

650 2556 923 2593 numeres.
942 2560 968 2586 ιο
1036 2543 1249 2592 Condita
1301 2545 1481 2591 autem
1536 2543 1696 2605 iungo

649 2630 776 2668 cum
807 2630 858 2667 ν.
895 2622 1151 2679 ternpore»,
1190 2628 1295 2665 non
1331 2628 1455 2666 cum
1485 2629 1537 2665 v.
1574 2618 1693 2677 dies,

649 2690 794 2754 quod
828 2703 987 2741 suum
1030 2689 1194 2739 habet
1233 2688 1500 2740 ἐπίθετον
1548 2691 1697 2740 volu-

647 2767 772 2824 oris,
809 2777 912 2814 nec
948 2764 1056 2814 duo
1090 2764 1302 2827 recipit,
1341 2764 1472 2814 dum
1499 2777 1551 2813 v.
1577 2770 1698 2816 tem-

636 2853 777 2902 pora
810 2851 876 2888 ex
910 2837 1134 2889 aliorum
1177 2839 1424 2902 opinione
1472 2837 1559 2888 tali
1603 2852 1696 2889 ca·-

647 2913 778 2962 reat.
833 2910 955 2974 (Csr.
984 2911 1277 2975 Hertzberg
1300 2913 1507 2963 Comm.
1534 2915 1690 2977 Prop.

646 2999 702 3050 p.
739 2984 854 3035 355.
879 3022 894 3044 ,
946 2986 1037 3047 qui
1069 2986 1209 3035 hanc
1243 2985 1523 3048 sequitur.)
1579 2985 1695 3036 Noli

648 3059 881 3121 cogitare
915 3071 1042 3109 cum
1066 3057 1328 3108 nonnuliis
1351 3057 1435 3108 vel
1459 3058 1528 3109 de
1561 3061 1696 3109 sim-

645 3130 873 3196 plicibus
923 3129 1249 3182 Kalendariis
1296 3131 1382 3182 vel
1434 3132 1501 3183 de
1551 3134 1695 3184 Actis

647 3204 872 3266 diurniS,
899 3203 998 3253 sed
1020 3204 1089 3254 de
1109 3206 1276 3255 Fastis
1299 3205 1690 3259 consularibus.

649 3306 707 3317 -
734 3279 905 3330 Minus
921 3281 1068 3328 recte
1086 3281 1267 3329 autem
1284 3280 1502 3343 quidam
1521 3294 1696 3345 nuper

643 3358 788 3403 notos
823 3353 981 3416 fastos
1018 3351 1255 3403 confudit
1292 3366 1418 3404 cum
1456 3355 1695 3405 memori-

645 3427 898 3490 bussastis
931 3425 1027 3477 Od.
1061 3425 1116 3488 3,
1153 3427 1241 3490 47,
1269 3426 1319 3478 4.
1358 3426 1493 3490 et4,
1522 3428 1613 3490 44,
1640 3428 1688 3480 4.

713 3503 774 3551 47
798 3528 828 3540 -
849 3501 931 3552 20.
967 3499 1215 3565 vmm]n
1191 3502 1441 3565 «pristina
1475 3506 1565 3552 tua
1596 3516 1695 3553 ve-

643 3579 829 3628 nustas
863 3577 919 3627 et
952 3577 1171 3640 gratiam
1219 3602 1279 3613 —
1324 3577 1520 3641 decan]
1557 3575 1691 3627 Male

642 3650 768 3702 olim
812 3663 937 3700 cum
986 3664 1040 3701 v.
1093 3650 1231 3700 color
1279 3651 1689 3713 conjungebant.

644 3723 854 3785 Quintil.
892 3725 947 3783 4,
981 3724 1071 3785 40,
1104 3724 1198 3774 26:
1246 3725 1483 3786 cor-poris
1519 3726 1694 3775 docens

644 3804 691 3849 ot
730 3804 896 3860 aptus·
931 3803 1121 3862 motus,
1175 3799 1263 3860 qui
1299 3798 1485 3847 dicitur
1523 3793 1692 3869 εῦρυ-

640 3872 808 3937 θμὶα,
833 3877 903 3922 est
924 3873 1249 3922 necessarius.
1274 3897 1332 3908 -
1362 3872 1512 3933 tum,
1539 3873 1688 3937 illins]

640 3947 718 3997 Ex
751 3959 1002 3997 sermone
1037 3947 1249 4010 poetico
1284 3946 1436 4008 quasi
1466 3947 1692 3997 confun-

642 4021 842 4070 duntur
873 4021 1008 4070 illius
1028 4021 1183 4082 Lucos
1205 4021 1256 4071 et
1279 4021 1414 4070 illius
1431 4021 1599 4084 faciei.
1630 4047 1687 4058 —

640 4092 936 4156 stupuerat]
990 4094 1347 4157 surripuerat,
1384 4095 1445 4144 ut
1483 4095 1590 4145 Sat.
1633 4095 1685 4155 2,

638 4168 700 4229 3,
743 4167 874 4218 283:
928 4168 1150 4230 suo-pito,
1198 4168 1408 4218 Lucret.
1451 4169 1509 4228 2,
1554 4168 1685 4219 3⁴3:

640 4254 871 4304 sumere,
941 4253 1006 4291 ex
1057 4252 1159 4291 usu
1208 4242 1472 4292 sermonis
1522 4242 1692 4305 quoti·

2736 1201 2823 1264 20

1781 1367 2062 1446 notaque
2105 1367 2171 1425 et
2213 1344 2445 1424 artium

2306 1555 2385 1606 49.
2419 1554 2654 1618 sperabas
2686 1557 2741 1606 T.

1772 1728 1938 1780 diani:
1978 1743 2148 1793 «quae
2182 1731 2440 1794 optimam
2473 1731 2579 1781 mei
2612 1734 2822 1795 partem

1771 1803 1952 1854 furtim
1985 1804 2114 1854 mihi
2148 1804 2481 1854 ademerat·
2538 1803 2671 1855 Male
2695 1807 2819 1869 qui-

1771 1876 1897 1927 dam
1933 1879 2344 1941 interpungunt:
2382 1878 2547 1928 milti?
2576 1880 2739 1929 Felix.

1834 1950 2012 2002 24-24.
2050 1954 2194 2002 Ροιάι)
2206 1957 2322 2015 post
2344 1953 2600 2018 Cinaram]
2628 1952 2817 2017 «Felix,

1771 2025 2003 2075 maxime
2048 2028 2270 2090 propter
2318 2025 2504 2077 laudes
2560 2028 2816 2087 sinceras,

1770 2111 1905 2161 quas
1928 2101 2050 2162 post
2075 2099 2324 2150 Cinaram
2359 2100 2470 2162 (Od.
2497 2100 2547 2159 4,
2581 2102 2632 2161 4,
2659 2100 2690 2150 3
2713 2100 2816 2163 sq.)

1770 2172 1876 2221 vita
1910 2172 2217 2224 defunctam
2264 2173 2357 2223 tibi
2408 2173 2780 2239 impertiebam
2802 2213 2815 2233 ,

1771 2248 1825 2295 et
1873 2249 2156 2310 propterea
2199 2247 2450 2299 omnibus
2490 2251 2616 2300 nota
2656 2253 2818 2313 atque

1769 2322 2044 2383 accepta,»
2119 2320 2264 2372 Multi
2317 2323 2418 2373 tria
2486 2325 2815 2373 constituunt

1769 2392 2006 2443 ἐπίθετα
2022 2409 2039 2443 .·
2087 2395 2242 2457 facies
2287 2397 2415 2460 seli-v
2459 2402 2677 2459 notaque
2701 2400 2818 2458 pose

1770 2467 2013 2519 Cinaram
2059 2474 2106 2519 ot
2157 2468 2351 2534 (facies)
2403 2477 2674 2535 arctae-um
2722 2484 2818 2521 ar·-

1767 2542 1928 2592 tium:
1985 2541 2085 2593 sed
2133 2543 2275 2594 malo
2330 2548 2644 2596 construere
2689 2557 2814 2595 cum

1767 2615 2036 2667 Bentleio:
2074 2622 2122 2666 et
2151 2623 2272 2667 nota
2305 2631 2520 2682 quoque
2541 2625 2815 2683 aratus-um

1767 2690 1959 2739 artium
1989 2690 2169 2752 facies,
2205 2691 2275 2741 ab
2298 2692 2546 2743 omnibus
2570 2687 2817 2744 celebra-

1768 2765 1847 2822 ta,
1886 2763 2060 2813 utOd.
2088 2766 2145 2824 2,
2171 2765 2232 2825 2,
2261 2765 2317 2815 6:
2354 2766 2513 2816 Notus
2543 2767 2597 2816 in
2625 2767 2817 2830 fratres

1765 2838 1926 2887 animi
1968 2839 2188 2900 paterni.
2247 2864 2301 2875 —
2353 2839 2524 2903 facies]
2573 2842 2811 2893 Donatus

1765 2910 1836 2961 ad
1869 2912 2081 2962 Terent.
2118 2912 2248 2962 Eun.
2286 2914 2347 2973 2,
2375 2913 2432 2974 3,
2459 2915 2525 2963 5:
2563 2915 2604 2963 Ο
2633 2915 2816 2978 faciem

1757 2986 2041 3048 pulchram]
2090 2985 2313 3037 «taciem
2359 2988 2520 3038 modo
2555 3002 2660 3038 non
2694 3002 2817 3053 par-

1766 3062 1877 3109 tem
1901 3061 2140 3124 corporis
2173 3062 2327 3122 dicit,
2363 3060 2463 3112 sed
2499 3065 2664 3113 totam
2686 3075 2815 3126 spe-

1766 3134 1906 3183 ciem
1928 3171 1940 3194 ,
1967 3146 2105 3197 quae
2128 3137 2350 3198 apparet
2370 3139 2425 3186 et
2447 3138 2731 3186 comitum·
2754 3163 2810 3172 —

1765 3208 1957 3257 artium
1978 3208 2273 3272 Gruterum]
2311 3210 2489 3269 «Quae
2511 3213 2662 3260 motu
2684 3222 2810 3260 ocu-

1764 3279 1938 3330 lorum
1955 3319 1967 3341 ,
1993 3280 2422 3345 superciliorum,
2450 3284 2676 3335 cervicis
2696 3282 2814 3347 pla-

1767 3356 1904 3404 cet.»
1940 3355 2122 3404 Senot..
2161 3355 2370 3406 Codicis
2403 3355 2641 3407 Blandin.
2669 3356 2813 3421 apud

1768 3430 1822 3478 P.
1850 3429 2114 3479 Nannium
2145 3429 2292 3479 Misc.
2318 3428 2376 3491 3,
2406 3430 2485 3479 47,
2529 3432 2605 3480 Ac
2627 3428 2813 3494 simili-

1766 3504 1851 3552 ter
1884 3503 2093 3552 Comm.
2137 3504 2334 3566 Cruq.:
2392 3504 2569 3562 «Quae
2612 3502 2809 3564 oculis,

1767 3578 1898 3626 nutu
1931 3576 2362 3640 superciliorum,
2408 3579 2634 3628 cervicis
2666 3575 2816 3626 volu-

1765 3648 1991 3711 bilitate,
2030 3651 2216 3715 capitis
2248 3651 2440 3714 gratia,
2477 3653 2636 3702 totius
2660 3651 2814 3701 deni-

1765 3736 1871 3788 que
1907 3725 2144 3787 corporis
2179 3726 2326 3774 motu
2371 3722 2599 3788 placet.»
2650 3724 2814 3774 Vide-

1764 3800 1851 3847 tur
1887 3800 2065 3848 tamen
2090 3796 2338 3861 amplecti
2361 3811 2470 3848 non
2506 3797 2681 3848 solum
2715 3790 2811 3848 εὖ·

1762 3870 2015 3941 (mom
2077 3872 2340 3934 corporis,
2411 3884 2601 3921 verum
2650 3872 2811 3921 etiam

1763 3947 1936 3994 artem
1957 3943 2218 4009 psallendi
2242 3943 2594 4009 canendique.
2624 3944 2729 3995 Cir.
2754 3956 2806 3993 V.

1763 4019 1812 4067 7.
1865 4020 1924 4069 ln
1956 4018 2039 4070 his
2073 4020 2217 4070 enim
2251 4016 2451 4069 ultimis
2483 4032 2572 4068 vv.
2604 4019 2809 4068 amicae

1761 4092 1924 4142 facies
1942 4093 1996 4142 et
2016 4094 2124 4143 tota
2143 4104 2374 4156 persona
2396 4129 2408 4153 ‚
2443 4095 2504 4143 ut
2523 4093 2595 4142 ita
2613 4091 2807 4152 dicam,

1762 4166 2118 4218 confunditur.
2157 4192 2213 4204 ·-·
2254 4164 2808 4229 somatum-parm]

1764 4240 1969 4292 «donec
2003 4240 2196 4293 effecta
2229 4240 2298 4291 sit
2329 4252 2480 4304 par.»
