3234 4975
1114 408 1378 461 CARMEN
1418 408 1765 461 secumass.
2480 403 2595 471 634

646 560 860 616 ''EvOev
895 562 1191 637 πορσύνῃς
1223 567 1613 632 μεμνημένος.
1669 558 1901 631 ’Ἥμασι
1932 557 2133 615 δ’ἔστω

660 646 807 713 Νυξί
835 648 1313 722 τ’ἐπασσυτέρῃσι
1346 649 1739 721 θεοπρέπτους
1770 644 1920 698 κατὰ
1952 644 2182 711 θώκους

659 728 1029 798 Παμπληθὴς
1060 726 1284 804 ἄγυρις·
1326 728 1555 798 σπουδὴ
1590 730 1655 783 δὲ
1687 730 1890 798 γέλωτι
1921 732 2211 797 μεμίχθαι.

761 813 954 867 Ταῦτά
989 831 1080 868 τοι
1113 815 1176 868 ἐν
1208 818 1386 887 φρεσὶ
1418 813 1595 888 σῇσιν
1628 810 1722 866 ἀεὶ
1752 816 2126 881 μεμνημένος
2158 810 2304 866 εἶναι
2320 853 2333 875 ,
2458 865 2482 882 ‚
2546 814 2610 864 35

663 900 777 952 Καὶ
809 916 909 951 σοι
942 898 1101 951 πᾶσα
1133 897 1297 962 χθὼν
1323 895 1518 966 Ἰταλή
1553 900 1655 950 καὶ
1688 896 1851 950 πᾶσα
1882 897 2102 965 Λατίνῃ

661 981 793 1034 Αἰὲν
829 980 942 1036 ὑπὸ
975 981 1357 1056 σκήπτροισιν
1389 979 1742 1044 ὑπαυχένιον
1775 978 1948 1050 ζυγὸν
1984 974 2113 1046 ἕξει.

967 1335 2092 1401 CAR-mamm

782 1487 1045 1555 Phoebe
1091 1487 1531 1575 silvarumque
1576 1494 1807 1573 potens
1851 1485 2055 1551 Diana
2079 1537 2093 1561 ,

785 1608 1100 1677 Lucidum
1143 1607 1306 1676 caeli
1352 1608 1587 1685 decus,
1637 1627 1677 1674 o
1721 1605 1974 1674 colendi

789 1731 1067 1820 Semper
1110 1739 1176 1797 et
1218 1729 1396 1807 culti,
1445 1729 1628 1806 date,
1676 1748 1847 1816 quae
1892 1748 2236 1816 precamur

954 1853 1270 1940 Tempore
1315 1871 1536 1927 sacro,

580 1994 845 2047 CARMEN
878 1994 1224 2047 SECULARE.
1295 1992 1463 2044 Abest
1496 2005 1528 2042 a
1562 1991 1731 2043 Codd.
1770 1991 1905 2043 meis
1940 1992 1974 2042 S
2009 1995 2063 2043 et
2096 1991 2165 2049 ἀς
2204 1991 2383 2043 deficit
2414 1994 2468 2043 in
2495 2006 2547 2043 v.

510 2070 592 2120 20.
633 2068 763 2120 Cod.
802 2069 1121 2119 Turioensis.
1164 2097 1216 2107 —
1265 2066 1520 2119 Notabilis
1556 2069 1639 2120 est
1672 2069 1946 2134 inscriptio
1983 2067 2191 2120 Codicis
2226 2069 2449 2120 Gothani
2482 2069 2547 2119 2:

509 2144 689 2206 Incipit
720 2156 926 2193 carmen
957 2143 1183 2193 seculare
1232 2144 1364 2203 quod
1405 2143 1550 2204 patri
1592 2155 1702 2193 meo
1747 2148 1793 2193 οι
1833 2142 1989 2193 matri
2035 2155 2178 2193 meae
2226 2148 2555 2194 cantaverant

511 2219 581 2267 ad
613 2218 821 2267 chorum
848 2230 1127 2279 puerorum
1150 2216 1535 2279 puellarumque
1568 2217 1637 2265 ad
1655 2216 1933 2278 Apollinem
1965 2220 2012 2266 et
2032 2217 2261 2266 Dianam
2274 2217 2558 2279 prosewice

515 2292 793 2340 tetracolos.
867 2290 1069 2351 Quibus
1112 2291 1165 2340 in
1205 2289 1387 2339 verbis
1432 2289 1532 2339 etsi
1575 2290 1723 2338 varie
1769 2290 2030 2352 corruptis
2077 2290 2357 2342 manifesto
2391 2290 2556 2341 latent

516 2364 652 2413 haec
708 2364 928 2414 Zosimi:
1001 2361 1199 2426 παῖδες
1248 2363 1548 2425 ἐπιφανεῖς
1607 2357 1757 2427 μετὰ
1806 2362 2107 2433 παρθένων
2129 2391 2187 2425 -,
2241 2364 2302 2413 οἳ
2349 2360 2555 2426 πάντες

513 2433 871 2504 ἀμφιθαλεῖς
890 2474 905 2500 ,
959 2430 1102 2510 ὅπερ
1136 2436 1322 2500 ἐστιν,
1372 2431 1748 2509 ἀμφοτέρους
1789 2433 1926 2501 τοὺς
1957 2441 2145 2503 γονεῖς
2187 2432 2421 2502 ἔχοντες
2455 2452 2556 2489 πε-

512 2510 746 2585 ριόντας
781 2515 1008 2577 (patrimi
1043 2517 1097 2564 et
1129 2514 1406 2576 matrimi),
1451 2505 1673 2578 ὕμνους
1705 2505 1914 2579 ᾅδουσι
1947 2511 2065 2562 κτλ.
2128 2513 2277 2564 Cous.
2315 2513 2554 2576 Berneys

512 2590 682 2640 Rhein.
719 2591 851 2640 Mus.
888 2590 954 2639 N.
978 2590 1034 2639 F.
1072 2589 1156 2639 VI.
1194 2602 1249 2652 p.
1289 2588 1402 2639 438.
1445 2592 1498 2639 et
1531 2600 1672 2652 quae
1707 2586 2077 2638 adnotavimus
2112 2585 2179 2637 ad
2212 2601 2264 2637 v.
2304 2587 2353 2637 6.

520 2711 541 2759 4
570 2737 600 2747 -
623 2709 671 2761 4.
723 2708 921 2772 Phoebe]
970 2710 1045 2759 Ex
1080 2708 1274 2759 Zosimi
1307 2721 1495 2759 narra-
1571 2707 1649 2767 3,4
1674 2707 2080 2772 :poten-soffri.)
2095 2704 2292 2758 ναπῶν
2307 2704 2616 2772 μεδέουσα.

449 2785 590 2835 tione
608 2785 815 2834 constat
838 2784 1097 2846 hymnum
1122 2783 1265 2833 huno
1288 2783 1341 2833 in
1360 2782 1495 2833 aede
1570 2783 1711 2845 virg.
1749 2783 1880 2832 Aen.
1919 2782 1976 2842 9,
2013 2781 2139 2832 405:
2178 2782 2444 2832 Astron-tim
2475 2783 2623 2833 demas

447 2857 698 2924 Apollinis
751 2857 969 2909 Palatini
1024 2859 1297 2908 cantatum
1353 2869 1493 2908 esse.

448 2934 717 2996 Optimum
768 2933 949 2981 autem
1002 2931 1142 2981 factu
1187 2931 1299 2981 lore
1343 2930 1499 2981 vide-

449 3008 563 3067 tur,
601 3009 659 3056 ut
693 3004 762 3055 ad
796 3004 1165 3069 explicandam
1198 3005 1337 3055 hanc
1365 3017 1497 3068 prae

449 3081 642 3131 ceteris
676 3079 758 3131 dis
789 3078 1042 3142 Apollinis
1078 3081 1133 3129 et
1169 3079 1368 3129 Dianae
1414 3079 1499 3128 in·

448 3153 784 3204 vocationem
819 3153 1105 3217 utrobique
1141 3155 1195 3203 et
1235 3154 1287 3203 in
1322 3149 1500 3214 Sibyl-

449 3228 566 3280 linis
617 3227 765 3279 libris
817 3229 872 3278 et
920 3227 1064 3293 apud
1121 3228 1394 3278 Horatium
1445 3226 1497 3276 in

448 3302 685 3353 Excursu
719 3314 844 3352 cum
884 3300 1086 3352 lectore
1131 3301 1499 3352 communice-

448 3387 601 3436 mus,
639 3388 777 3439 quae
814 3376 1027 3427 Iahnius
1061 3375 1218 3426 docte
1255 3377 1309 3425 et
1333 3387 1500 3426 accu-

446 3450 563 3498 rate
614 3448 864 3498 disseruit
911 3449 981 3499 ad
1031 3449 1229 3511 virgilii
1277 3448 1385 3500 Ecl.
1437 3448 1494 3510 4,

452 3522 544 3571 ⁴0:
604 3521 756 3571 Casta
793 3522 912 3584 [we
962 3522 1186 3573 Lucina:
1236 3529 1351 3574 tuus
1394 3524 1500 3573 iam

448 3600 629 3659 requae
647 3595 849 3658 Apollo:
887 3596 991 3646 hoc
1013 3596 1384 3647 tantummodo
1408 3596 1502 3647 ad-

450 3670 666 3730 dentes,
704 3667 881 3719 Solem
906 3671 961 3718 et
984 3670 1187 3720 Lunam
1211 3683 1337 3720 cum
1358 3672 1499 3720 aeris

449 3742 680 3794 salubris
723 3745 883 3806 atque
928 3756 1178 3805 agrorum
1221 3743 1499 3795 fertilitatis

450 3817 693 3878 datores,
747 3821 861 3868 tum
912 3817 981 3868 ad
1031 3820 1241 3881 pestem
1291 3816 1498 3882 aliaque

450 3889 587 3940 mala
624 3890 1030 3941 averruncanda
1062 3892 1499 3955 praesentissima

451 3976 574 4014 esse
600 3963 759 4014 dueta
783 3965 999 4015 numina
1024 3965 1136 4029 (cfr.
1164 3965 1258 4015 Od.
1287 3967 1336 4025 4,
1361 3966 1418 4015 24
1434 3965 1498 4027 .);

450 4041 732 4103 praeterea
754 4040 1050 4101 Augustum
1071 4052 1177 4090 non
1200 4040 1315 4089 sine
1339 4039 1504 4089 simu-

452 4112 649 4164 latione
680 4126 899 4177 semper
932 4113 984 4163 id
1021 4113 1330 4175 affectasse,
1367 4114 1500 4163 utin

452 4189 736 4252 praecipua
755 4185 1005 4252 Apollinis
1026 4186 1187 4237 tutela
1213 4200 1335 4238 esse
1358 4186 1502 4236 vide-

453 4263 614 4313 retur.
649 4291 702 4302 —
731 4262 1071 4324 silvamque
1089 4261 1279 4327 polens]
1308 4261 1420 4326 (οᾶ.
1449 4263 1498 4324 4,

1568 2862 1617 2906 et
1647 2869 1910 2906 amonem
1939 2857 2156 2906 Latonia
2186 2862 2364 2907 mastos.
2417 2859 2620 2907 Seneca

1571 2929 1781 2995 Hippol.
1819 2930 1945 2982 4⁴0:
2000 2930 2041 2980 0
2070 2944 2263 2995 mama
2303 2932 2457 2982 silvas
2491 2932 2625 2982 inter

1570 3010 1617 3055 et
1659 3005 1795 3055 lucos
1836 3005 1933 3055 dea
1974 3004 2277 3069 Glannnque
2318 3006 2445 3056 caeli
2486 3007 2625 3057 sidm

1570 3085 1619 3130 et
1666 3081 1824 3129 noctis
1877 3081 2038 3130 docus.
2096 3108 2151 3116 —
2205 3081 2449 3131 Lucidum
2495 3082 2623 3132 caeli

1570 3155 1743 3216 decus]
1797 3166 1945 3204 num.
1983 3155 2116 3218 sing.
2155 3154 2223 3205 de
2265 3155 2478 3207 duobus
2519 3169 2624 3206 nu-

1572 3227 1805 3279 minibus
1839 3229 2065 3291 geminis
2086 3266 2098 3290 ,
2131 3232 2190 3279 ut
2213 3229 2309 3280 Od.
2335 3229 2394 3291 4,
2432 3230 2489 3291 8,
2527 3230 2618 3281 3⁴:

1571 3303 1780 3353 Clamm
1815 3303 2129 3365 Tyndaridae
2172 3305 2325 3355 sidia.
2368 3333 2423 3340 —
2462 3319 2492 3354 o
2534 3318 2623 3354 co-

1570 3377 1703 3426 lendi
1743 3378 1948 3439 Semper
1979 3383 2026 3428 et
2065 3378 2208 3440 culti]
2275 3376 2454 3427 Verba
2498 3379 2624 3428 sunt

1570 3449 1719 3500 velut
1736 3465 1802 3501 ex
1819 3449 2169 3501 formularum
2186 3464 2457 3511 sermone,
2482 3462 2622 3513 quae

1571 3538 1604 3575 a
1638 3521 1903 3575 nonnullis
1937 3524 2269 3587 reprehensa
2298 3524 2506 3573 Steiner
2539 3536 2625 3573 re·

1573 3600 1660 3648 cte
1697 3597 1932 3648 vindicat
1963 3595 2165 3647 collatis
2208 3595 2357 3647 Ovid.
2399 3597 2523 3648 Met.
2560 3597 2619 3658 8,

1573 3671 1698 3723 349:
1733 3671 1943 3732 Phoebe,
1968 3670 2377 3732 aitAmpycides,
2413 3671 2458 3719 si
2478 3675 2525 3720 te
2544 3684 2627 3721 co-

1572 3745 1965 3807 luiquecoloque
1991 3773 2067 3794 —.
2095 3744 2192 3794 Od.
2222 3743 2276 3803 4,
2301 3745 2362 3803 2,
2388 3743 2478 3794 37:
2517 3746 2625 3806 Quo

1572 3819 1699 3868 nihil
1715 3821 1883 3870 maius
1902 3818 2139 3869 meliusve
2158 3819 2308 3868 ten-is
2320 3819 2453 3868 Fata
2469 3819 2627 3869 dona-

1571 3906 1690 3943 vere
1715 3893 1926 3955 bonique
1951 3893 2080 3953 divi,
2107 3893 2209 3941 Nec
2232 3891 2420 3942 dabunt
2437 3894 2538 3944 cet.
2565 3921 2620 3931 -

1579 3967 1812 4029 Tempore
1859 3968 2034 4028 sacro]
2084 3967 2251 4028 prisco
2284 3979 2350 4016 ex
2383 3968 2628 4032 Porphy-

1576 4042 1726 4092 rione
1763 4043 2087 4105 receperunt
2117 4042 2375 4094 Baxterus
2410 4045 2463 4093 et
2494 4044 2628 4094 Ges-

1576 4127 1757 4165 nerus.
1796 4115 1995 4165 Verum
2025 4101 2353 4180 Porphyrion
2376 4117 2512 4167 haec
2536 4115 2628 4166 ad-

1578 4190 1753 4238 notat:
1811 4190 1969 4240 «Non
2019 4190 2264 4255 tempore
2314 4192 2491 4255 prisco
2542 4190 2627 4240 di-

1577 4262 1811 4314 cendum
1864 4265 1973 4324 est,
2038 4264 2136 4316 sed
2188 4267 2456 4330 tempore,
2519 4276 2625 4327 quo
