3234 4975
1197 470 1206 475 ι
1253 394 1371 443 Lm.
1411 394 1493 443 111.

1566 393 1625 443 e.
1663 395 1746 443 n1.
2484 391 2609 456 349

779 550 917 614 Non
961 548 1200 614 civium
1243 547 1439 614 ardor
1481 567 1682 634 prava
1734 545 2129 625 iubentium,

863 671 1000 735 Non
1043 668 1254 735 voltus
1298 668 1590 735 instantis
1634 668 1886 757 tyranni

946 790 1154 856 Mente
1200 789 1409 876 quatit
1449 787 1658 855 solida
1702 808 1918 875 neque
1964 791 2226 865 Auster,

774 948 919 1011 Dux
962 946 1229 1033 inquieti
1273 944 1571 1012 turbidus
1620 944 1939 1019 Hadriae,
2569 948 2608 1009 5

776 1068 908 1132 Nec
953 1065 1341 1131 fulminantis
1385 1086 1622 1153 magna
1660 1058 1895 1132 manus
1940 1065 2145 1144 Iovis;

858 1186 924 1252 Si
969 1186 1206 1252 fractus
1252 1185 1549 1253 illabatur
1591 1184 1806 1263 orbiS‚
1888 1232 1896 1241 -

942 1305 1345 1393 Impavidum
1389 1307 1619 1374 ferient
1662 1306 1908 1373 ruinae.

563 1525 611 1573 6.
648 1522 777 1572 lovis
795 1533 977 1571 manus
998 1520 1185 1581 Aldus,
1223 1521 1330 1571 LCt
1352 1523 1535 1571 contra
1559 1520 1730 1571 Codd.
1757 1522 1999 1585 Cruquii,
2038 1520 2277 1581 Bentleii,
2315 1534 2466 1574 meos
2491 1528 2545 1575 et

496 1597 743 1647 Pottierii.
787 1622 841 1632 —
878 1595 928 1644 7.
965 1594 1197 1645 illabetur
1228 1594 1294 1655 T,
1332 1607 1416 1659 pr.
1451 1594 1608 1660 b,y,u.
1651 1622 1706 1631 -
1738 1595 1786 1644 8.
1824 1595 2121 1656 [inpavidum
2154 1596 2277 1646 STc.

436 1802 759 1853 magnopere
784 1787 935 1839 fallor
951 1827 963 1849 ,
1001 1789 1175 1839 tactus
1199 1787 1485 1852 aliquando

434 1865 747 1928 cogitatione
771 1862 1053 1925 malorum,
1076 1876 1216 1926 quae
1234 1864 1484 1914 Romanis

435 1939 542 1988 iam
590 1940 718 1987 tunc
767 1936 1025 1987 infixisset
1073 1936 1344 1989 translatio
1398 1935 1483 1987 illa

435 2013 669 2075 imperii,
729 2023 891 2074 quam
939 2013 1222 2062 exsecutus
1269 2014 1353 2062 est
1384 2010 1484 2061 de-

437 2098 587 2136 mum
621 2086 996 2135 Constantinus
1015 2122 1027 2146 ,
1080 2085 1220 2135 hanc
1258 2097 1483 2146 φαντα-

434 2161 569 2210 σίαν
601 2160 809 2223 poetice
834 2159 1124 2209 exornavit.
1178 2159 1285 2209 Cfr.
1314 2161 1485 2210 Luca—

369 2264 384 2277 ·
435 2247 564 2284 num
612 2235 669 2294 9,
706 2234 849 2294 997„
905 2231 996 2282 ubi
1048 2234 1247 2283 Caesar
1295 2234 1481 2283 Troiae

435 2307 634 2370 degens
668 2308 804 2357 haec
836 2307 1067 2371 profert:
1103 2307 1377 2357 Restituam
1391 2321 1487 2369 po-

427 2385 589 2447 pulos.
671 2385 836 2434 Grata
881 2384 990 2433 vice
1035 2383 1237 2432 moenia
1281 2385 1487 2433 reddant

432 2458 713 2510 Ausonidae
781 2457 1083 2521 Ρὴηιρίὺω,
1163 2458 1487 2520 flammaque

430 2536 679 2598 wama
708 2537 927 2595 sur-pent.
974 2530 1125 2581 Adde
1173 2530 1388 2581 Loebell
1431 2533 1484 2582 in

434 2605 704 2658 Raumer’s
757 2605 1093 2654 historischen·
1148 2604 1486 2654 Taaehmbuch

434 2680 579 2731 ⁴834.
620 2692 675 2743 p.
717 2679 833 2728 266.
876 2705 932 2714 —
970 2679 1370 2741 (Argumentum
1406 2680 1483 2730 sic

433 2752 806 2816 complectitur
849 2750 1251 2813 Dillenburger:
1315 2753 1484 2802 «Laus

434 2830 489 2878 et
522 2827 686 2890 gloria
722 2826 950 2876 nominis
983 2826 1236 2885 Romani,
1274 2825 1343 2875 ab
1377 2827 1486 2876 Ro-

433 2900 578 2951 mulo
610 2901 759 2964 parte
778 2937 790 2960 ,
852 2912 949 2962 per
983 2912 1246 2950 annorum
1286 2900 1483 2950 seriem

434 2975 682 3035 adaucta,
734 2972 803 3023 ab
837 2975 1076 3037 Augusto
1108 2972 1178 3022 ad
1210 2985 1484 3023 summum

435 3049 695 3112 fastigium
729 3046 938 3109 elatam)
997 3047 1196 3096 Franke
1229 3047 1335 3097 hoc
1371 3058 1487 3095 car-

434 3135 558 3173 men
592 3121 661 3172 ad
694 3135 742 3172 a.
781 3135 836 3172 u.
875 3134 923 3171 c.
962 3122 1107 3182 727.,
1145 3121 1404 3171 Kirchner
1430 3121 1486 3170 et

435 3194 520 3245 alii
553 3195 623 3245 ad
656 3208 704 3245 a.
743 3195 856 3245 733.
897 3193 1154 3245 referunt.

503 3270 551 3319 4.
587 3271 778 3319 Iastium
811 3274 858 3319 οε
890 3268 1024 3333 cet.]
1060 3269 1190 3319 Octo
1229 3269 1327 3319 hos
1359 3281 1485 3317 ver-

435 3355 526 3394 sus
564 3344 704 3392 inter
736 3341 906 3393 eculei
942 3344 1206 3394 tormenta
1244 3342 1488 3393 recitavit

434 3428 659 3479 magnus
702 3414 789 3464 ille
832 3416 1059 3465 Batavus
1105 3414 1381 3466 Cornelius
1416 3414 1485 3464 de

435 3490 597 3539 Witte
642 3515 698 3525 —
718 3493 940 3537 tenacem
953 3489 1214 3552 propositi]
1238 3488 1487 3539 Similiter

436 3563 590 3613 Caes.
616 3562 675 3611 B.
705 3561 763 3611 C.
792 3561 850 3622 4,
874 3561 957 3611 83.
994 3565 1486 3624 moropmpositmn

435 3636 581 3687 dixit.
606 3635 703 3685 Hic
716 3647 815 3698 per
837 3647 897 3685 se
920 3632 1315 3697 intelligiturvir
1331 3642 1487 3686 tenax

430 3710 700 3773 propositi,
758 3708 904 3772 quod
949 3722 1016 3758 ex
1055 3709 1282 3758 iustitiae
1322 3722 1485 3761 sensu

435 3786 611 3834 ortum
643 3795 864 3846 prorsus
899 3794 1024 3832 cum
1060 3795 1124 3831 ea
1159 3783 1414 3844 congruit.

500 3858 551 3907 2.
596 3857 644 3906 3.
693 3855 874 3919 ardor]
914 3853 1260 3906 «furibundus
1294 3854 1487 3905 tumul-

437 3933 522 3982 tus
569 3931 624 3980 in
682 3929 942 3982 seditione
992 3942 1158 3993 prava
1207 3926 1484 3991 postulan-

435 4006 620 4055 tium.»
669 4030 724 4042 -
760 4003 938 4067 voltus]
988 4000 1354 4052 «trucmentus
1397 4014 1486 4049 ur-

435 4080 644 4142 guentis
678 4080 733 4128 et
763 4078 1053 4128 minitantis
1086 4076 1349 4139 tyranni.»

499 4152 549 4203 4.
599 4152 788 4216 quatit]
850 4164 1005 4202 «eum
1040 4148 1367 4200 conturbans
1412 4148 1481 4198 de

436 4228 694 4276 sententia
730 4228 878 4276 certa
910 4237 975 4274 ac
996 4224 1150 4274 firma
1175 4222 1479 4273 demovet.»

1560 1789 1671 1839 Cic.
1725 1789 1879 1839 Tusc.
1935 1788 1996 1849 t,
2044 1789 2108 1838 8:
2176 1789 2610 1841 Conturbationom

1557 1867 1746 1912 mattam
1767 1864 2096 1912 ammom
2121 1864 2345 1927 ‹toy-itata
2373 1864 2605 1928 (dicunt).

1560 1936 1695 2001 («Sic
1739 1932 2086 2001 ἐκπλήττειν.
2134 1936 2384 2000 Aeschyl.
2428 1941 2604 1988 Prom.

1558 2009 1657 2060 360
1672 2025 1683 2059 ε
1700 2005 1800 2073 Ὃς
1822 2003 2004 2060 αὐτὸν
2025 2006 2298 2077 ἐξέπληξε
2318 2008 2434 2061 τῶν
2457 2006 2612 2078 ὑψη-

1556 2079 1746 2154 γόρων
1780 2082 2255 2150 Κομπασμάτων.
2325 2085 2408 2136 Ad
2445 2088 2608 2136 totam

1558 2159 1835 2222 stropham
1870 2158 1963 2209 cfr.
1993 2161 2100 2210 Cic.
2126 2172 2225 2222 pro
2255 2160 2362 2221 Lig.
2394 2161 2451 2220 9,
2488 2160 2606 2209 26.»

1557 2232 1743 2295 ΗΔωι.)
1775 2259 1830 2269 -·
1854 2232 2042 2295 solida]
2080 2235 2283 2283 Seneca
2318 2232 2387 2282 de
2424 2235 2605 2284 Const.

1558 2308 1681 2369 Sap.
1718 2305 1782 2355 3:
1839 2308 2264 2367 Quemadmodmn
2301 2309 2515 2369 proiecti
2555 2309 2609 2355 in

1557 2380 1718 2429 altwn
1738 2381 1927 2442 scopula·
1947 2394 2092 2430 mare
2120 2382 2396 2444 tranquaut,
2431 2381 2510 2429 ita
2528 2394 2611 2429 sa-

1549 2454 1737 2515 pientis
1768 2455 1968 2504 anm
2015 2455 2198 2504 solidus
2246 2459 2345 2515 est,
2399 2452 2452 2504 id
2495 2457 2605 2515 est,

1557 2541 1830 2591 nunquam
1852 2529 2213 2592 perturbatus,
2240 2530 2315 2577 uti
2332 2530 2454 2579 Tac.
2473 2530 2605 2578 Ann.

1559 2601 1649 2662 ⁴⁴,
1687 2600 1777 2652 24:
1837 2602 1999 2651 solida
2031 2602 2165 2651 domi
2198 2602 2369 2663 quies,
2423 2616 2606 2652 nnun-

1558 2686 1722 2737 quam
1730 2674 2021 2738 interrupta
2031 2713 2040 2723 .
2050 2693 2075 2719 υ
2091 2674 2390 2725 Simonides
2400 2676 2605 2737 Fragm.

1557 2748 1640 2796 2⁴.
1678 2746 2004 2798 Schneidew.
2038 2761 2089 2811 p.
2125 2749 2220 2799 ⁴6:
2252 2742 2433 2819 “Avdp'
2461 2742 2609 2814 ἀγα-

1555 2815 1670 2869 θὸν
1699 2819 1808 2884 μὲν
1840 2813 2102 2884 ἀλαθέως
2139 2821 2407 2887 γενέσθαι
2442 2820 2613 2882 χαλε-

1558 2890 1671 2944 πὸν
1703 2894 1767 2944 X
1763 2897 1921 2964 ερσιν
1953 2909 2015 2945 τε
2047 2896 2147 2946 καὶ
2181 2896 2323 2947 ποσὶ
2354 2897 2454 2947 καὶ
2487 2892 2606 2962 νόῳ

1557 2965 1940 3040 τετράγωνον,
1994 2964 2134 3021 ἄνευ
2189 2969 2390 3038 ψόγου
2444 2984 2606 3023 τετυ-

1556 3045 1786 3110 γμένον.

1624 3121 1672 3168 5.
1724 3118 1872 3182 Duoe]
1923 3121 1984 3168 ut
2018 3118 2113 3169 Od.
2151 3120 2210 3180 2,
2252 3121 2343 3180 ⁴7,
2384 3120 2605 3183 ⁴9:011-

1555 3206 1754 3242 rannus
1801 3193 2067 3254 Hesperiae
2117 3193 2456 3255 Capricornus
2506 3208 2608 3244 em·-

1558 3268 1671 3316 dao.
1713 3293 1768 3304 —
1804 3266 2057 3331 turbidus]
2097 3269 2329 3332 «impetu
2362 3280 2461 3318 suo
2494 3271 2610 3318 tur-

1559 3340 1658 3391 bas
1680 3342 1733 3390 in
1757 3342 1889 3391 mari
1912 3343 2228 3392 suscitans.»
2271 3369 2325 3379 —
2363 3342 2606 3406 Hadriae]

1559 3414 1655 3464 Od.
1695 3414 1830 3474 ⁴,3,
1874 3414 1966 3463 ⁴5:
2017 3417 2124 3477 Quo
2154 3428 2255 3463 non
2289 3414 2610 3463 arbiter-Ha-

1558 3488 1703 3536 driae
1731 3488 1916 3536 maior.
2150 3489 2159 3497 “

1625 3560 1674 3609 6.
1722 3574 1915 3624 mama
1943 3560 2152 3624 mantes]
2204 3558 2605 3610 «validissimam

1559 3635 1690 3684 Mire
1741 3632 1975 3683 nonnulli
2025 3635 2372 3684 construunt:
2431 3646 2613 3683 manus

1557 3708 1691 3757 Iovis
1744 3707 2061 3769 minantis
2108 3720 2328 3769 maana,
2392 3705 2447 3755 id
2497 3709 2607 3767 est,

1559 3780 1676 3831 loca
1712 3778 1937 3830 excelsa.
2009 3780 2196 3830 Obstat
2243 3778 2330 3829 vel
2385 3792 2607 3831 caesura

1558 3852 1825 3905 versiculi.

1575 3951 1586 3960 ·
1624 3929 1672 3977 7.
1740 3921 1982 3977 illdbatw
2035 3927 2191 3991 orbis]
2266 3929 2341 3978 «si
2397 3926 2607 3978 caelum

1559 4002 1726 4049 ruat.»
1779 4001 2012 4062 Theogn.
2063 4001 2178 4050 869.
2223 4001 2317 4050 B.:
2361 3995 2466 4051 Ἕν
2496 4016 2603 4067 μοι

1557 4066 1755 4122 ἔπειτα
1776 4074 1946 4124 πέσοι
1965 4073 2147 4140 μέγας
2168 4067 2419 4145 οὐρανὸς
2439 4068 2609 4144 εὐρὺς

1558 4138 1804 4216 ὕπερθεν
1848 4144 1968 4196 κτλ.
2042 4148 2163 4209 (Cir.
2202 4148 2364 4200 etiam
2404 4150 2607 4199 Grimm

1557 4221 1728 4272 Gosch.
1757 4222 1808 4270 d.
1833 4222 1882 4271 d.
1909 4221 2027 4283 Spr.
2053 4235 2107 4286 p.
2133 4221 2270 4287 459.)
