3234 4975
1276 334 1480 385 LIBER.
1552 335 1748 386 CARM.
1786 335 1915 386 XVI.

2522 333 2646 399 727

554 490 870 576 Quaeque
919 499 1141 556 carent
1182 489 1390 555 ventis
1435 499 1501 555 et
1542 488 1788 556 solibus
1834 510 1986 556 ossa
2030 490 2308 570 Quirini,

635 609 826 675 Nefas
871 609 1133 676 videre!
1181 609 1521 697 dissipabit
1563 609 1868 704 insolens.

553 731 742 796 Forte
786 730 945 816 quid
989 730 1294 817 expediat
1337 731 1765 798 communiter
1808 741 1918 798 aut
1959 731 2189 799 melior
2230 752 2382 819 pars

2564 732 2644 796 ⁴5

633 849 814 916 Malis
857 871 1084 918 carere
1129 851 1441 939 quaeritis
1483 850 1855 919 laboribus:

599 1047 677 1099 44.
713 1048 872 1097 vidoni
905 1047 1010 1108 bT,
1048 1049 1280 1098 Pottierii
1314 1047 1584 1113 plerique,
1644 1051 1682 1100 C
1722 1050 1844 1113 (uon
1879 1050 2024 1112 BSc).

2091 1078 2141 1085 —
2202 1051 2280 1100 45.
2319 1051 2452 1112 qaod
2484 1063 2577 1099 su-

532 1136 735 1185 perscr.
773 1123 793 1170 i
827 1123 886 1180 S;
942 1124 1062 1184 qaid
1110 1123 1388 1185 expediat?
1438 1123 2194 1174 communiter-dabamus?
2244 1125 2380 1178 Fea;
2432 1125 2579 1173 Forte

531 1196 684 1258 (quod
716 1197 1008 1260 ωροάἰαιί)
1041 1198 1369 1248 communiter
1401 1199 1709 1262 Rutgersius
1742 1196 1898 1261 prob.
1935 1196 2190 1247 Bentleio.

465 1361 702 1426 periculo
741 1362 864 1415 Urbi
906 1366 1158 1414 aeternae
1194 1362 1514 1415 Claudianus

465 1437 533 1486 de
567 1435 711 1487 Bello
748 1438 930 1488 Getico
965 1438 1086 1488 400:
1129 1439 1310 1489 Procul
1341 1445 1514 1489 arceat

464 1512 597 1560 altus
628 1512 876 1573 luppiter,
912 1518 968 1562 at
989 1513 1198 1563 delubra
1217 1514 1416 1563 Numae
1435 1527 1514 1563 se-

464 1587 670 1648 demque
704 1586 904 1648 Quirini
936 1587 1210 1638 Barbaries
1241 1588 1396 1637 oculis
1415 1588 1516 1654 sal-

463 1664 560 1710 tem
593 1665 838 1710 lernen-aro
861 1661 1097 1723 profanis
1115 1662 1270 1711 Possit
1290 1666 1336 1711 ct
1357 1675 1514 1711 arca-

462 1748 584 1784 num
616 1735 746 1783 tanti
779 1736 1078 1797 deprendere
1099 1737 1261 1799 requi.
1297 1737 1413 1785 Non
1437 1738 1514 1786 ta-

467 1821 594 1858 men
628 1810 767 1859 iuter
799 1822 992 1859 arcana
1029 1808 1114 1860 illa
1151 1811 1376 1874 pignora
1409 1810 1514 1860 im·-

463 1883 596 1946 perii
647 1885 868 1934 Romani
919 1886 1035 1934 erat
1063 1885 1285 1944 'Quirini
1330 1884 1514 1949 sepul-

463 1957 672 2006 chrum.
751 1959 890 2021 Lege
947 1959 1190 2009 Servium
1244 1958 1334 2012 ad.
1368 1959 1509 2023 Virg.

462 2033 592 2081 Aen.
620 2031 679 2092 7,
720 2032 832 2082 488.
875 2060 929 2068 -
969 2033 1106 2083 Cum
1141 2036 1321 2083 autem
1345 2034 1515 2093 Quiri—

467 2118 568 2156 nus
623 2108 834 2169 species
889 2108 957 2157 sit
1012 2110 1173 2170 atque
1239 2107 1513 2171 exemplar

462 2180 573 2242 (der
604 2181 763 2230 idealo
805 2180 1288 2243 Reprasontant)
1330 2180 1511 2243 populi

462 2255 710 2314 Romani,
749 2267 856 2304 uon
880 2253 1056 2305 solum
1086 2255 1154 2304 de
1189 2256 1305 2320 ipso
1338 2254 1512 2314 Quiri-

465 2341 534 2377 no
569 2328 907 2389 cogitandum
939 2327 1178 2390 videtur,
1216 2328 1314 2379 sed
1348 2329 1510 2378 etiam

464 2400 532 2450 de
577 2400 690 2451 aliis
733 2401 965 2462 civibus,
1013 2414 1245 2466 quorum
1290 2414 1413 2453 ossa
1456 2402 1509 2451 in

465 2474 616 2527 Urbis
650 2476 856 2527 excidio
884 2478 1044 2540 atque
1070 2478 1351 2527 eversione
1374 2490 1511 2527 veu-

466 2551 532 2599 tis
587 2563 652 2599 ac
707 2549 832 2600 solis
884 2551 1045 2600 radiis
1098 2552 1396 2615 expositum
1447 2552 1509 2601 iri

459 2624 751 2688 praevidet.
779 2624 980 2674 Eadem
1006 2625 1178 2688 imago
1200 2638 1374 2688 aeque
1398 2628 1509 2675 ter-

459 2696 622 2748 ribilis
670 2698 764 2746 fuit
810 2697 1181 2749 Orientalibus.
1247 2700 1505 2748 Ieremiae

458 2771 517 2829 8,
557 2773 611 2820 4;
648 2773 708 2821 In
739 2771 825 2820 illo
858 2777 1102 2833 ternpore,
1150 2773 1225 2822 ait
1258 2773 1503 2834 amnium,

411 2842 414 2849 '
457 2845 650 2895 eiicient
681 2858 796 2894 ossa
815 2858 992 2909 reqam
1013 2847 1139 2895 Iuda
1159 2851 1207 2896 oc
1227 2859 1339 2895 ossa
1356 2846 1507 2907 prin-

456 2921 624 2981 cipum
656 2920 763 2969 eius
792 2925 840 2969 ct
871 2933 984 2970 ossa
1014 2922 1329 2970 sacerdotum
1349 2948 1380 2958 -
1395 2947 1425 2958 —
1447 2922 1508 2971 de

456 2994 726 3056 senilem-is
771 2995 874 3043 sais
916 3000 962 3044 et
1006 2996 1292 3056 expandent
1334 3009 1395 3044 ca
1437 2997 1507 3044 ad

456 3070 607 3119 solem
648 3075 696 3119 et
739 3070 914 3119 lanam
946 3075 992 3119 ot
1036 3082 1231 3119 manem
1271 3070 1506 3119 miliciam

456 3144 608 3204 caeli,
645 3157 775 3205 qaae
806 3145 1090 3193 dilatarunt
1121 3149 1168 3194 et
1199 3144 1377 3205 quibas
1396 3157 1506 3194 ser-

454 3217 669 3265 vierant.
750 3217 958 3268 Barucb
1010 3218 1067 3277 2,
1121 3216 1219 3268 24:
1277 3219 1507 3268 statuisti

454 3289 610 3340 verba
641 3295 757 3351 tua,
783 3317 813 3327 -
833 3317 863 3327 -
882 3296 939 3340 at
972 3293 1369 3355 transferrentur
1391 3306 1506 3343 ossa

456 3377 632 3427 repam
661 3369 950 3414 nostrorum
971 3371 1016 3415 et
1039 3379 1153 3416 ossa
1178 3372 1388 3429 patrum
1409 3382 1506 3418 no-

455 3442 676 3487 strorum
702 3438 763 3487 de
794 3438 899 3487 loco
920 3452 1010 3488 suo
1021 3452 1041 3497 ‚·
1074 3444 1122 3489 οι
1141 3452 1249 3489 occo
1274 3442 1506 3502 proiecta

455 3516 571 3561 sunt
600 3511 655 3560 in
686 3511 856 3560 calore
886 3512 1004 3561 solis
1024 3517 1071 3562 et
1102 3514 1156 3562 in
1187 3514 1302 3576 aeia
1327 3517 1500 3565 noctis.

461 3612 516 3622 —
552 3586 708 3648 Nefas
735 3586 920 3649 videre]
959 3587 1380 3650 Pseudophocyl.
1410 3589 1499 3640 94.

455 3654 550 3722 Μὴ
583 3655 811 3723 τύμβον
853 3659 1145 3723 φθιμένου
1190 3653 1499 3746 ἅνορύξῃς,

452 3728 587 3798 μήτ’
638 3727 864 3783 ἀθέατα
920 3730 1121 3800 Δεὶξης
1175 3728 1348 3803 ἠελίῳ
1403 3737 1502 3787 καὶ

453 3803 759 3871 δαιμόνων
800 3803 980 3866 χόλον
1014 3788 1212 3879 &pong-
1256 3838 1310 3847 —
1348 3811 1504 3875 Nefas

454 3884 638 3933 autem
673 3883 870 3943 videre,
930 3895 1036 3933 non
1087 3897 1224 3943 ossa,
1285 3886 1346 3935 ut
1392 3884 1503 3935 volt

456 3955 837 4017 Mitscberlich,
875 3956 973 4007 sed
1008 3957 1199 4008 borum
1223 3958 1500 4022 profanam

455 4030 871 4095 dissipationem.

522 4106 600 4156 45.
641 4105 721 4155 46.
759 4106 923 4169 Forte]
962 4107 1023 4157 Ut
1045 4106 1359 4170 saepissime
1381 4119 1502 4169 pro-

455 4181 743 4244 positiones
800 4179 1188 4232 condicionales
1241 4195 1271 4231 a
1328 4182 1500 4245 poetis

1591 1364 1889 1414 efferuntur
1920 1365 2037 1414 sine
2072 1363 2331 1428 particula
2364 1365 2431 1426 si,
2470 1366 2547 1416 sic
2584 1366 2637 1415 h.

1587 1436 1623 1488 l.
1661 1440 1792 1501 sorte
1824 1439 2060 1501 positum
2095 1439 2179 1488 est
2208 1451 2308 1501 pro
2340 1450 2534 1501 prosae
2560 1452 2637 1489 or.

1587 1513 1631 1561 si
1661 1513 1806 1576 forte.
1846 1513 1958 1561 Hoc
1993 1511 2149 1574 igitur
2183 1511 2338 1561 dicit:
2390 1514 2472 1561 uSi
2507 1513 2641 1563 forte

1586 1599 1684 1637 vos
1719 1585 1953 1635 universi
1986 1582 2070 1634 vel
2105 1583 2295 1636 saltem
2318 1584 2509 1635 melior
2532 1586 2643 1648 (ho-

1590 1660 1791 1710 nestior
1824 1671 1889 1708 ac
1924 1658 2188 1721 dignitatis
2228 1660 2506 1721 amantior)
2543 1672 2642 1710 ve-

1588 1735 1761 1784 strum
1806 1745 1932 1796 pars
1968 1732 2159 1797 cupitis
2204 1732 2434 1783 liberare
2476 1746 2574 1783 vos
2610 1746 2640 1783 a

1587 1808 1811 1858 funestis
1863 1804 1960 1857 illis
2011 1805 2193 1869 malis,
2250 1807 2446 1870 quibus
2496 1821 2641 1858 nunc

1587 1881 1794 1932 laborat
1831 1894 1919 1932 res
1970 1879 2207 1944 publica,
2262 1894 2325 1938 ac
2373 1883 2417 1932 si
2469 1894 2640 1944 quae·

1587 1957 1728 2016 ritis,
1788 1954 2061 2018 quodnam
2105 1955 2321 2005 tandem
2361 1955 2640 2006 consilium

1587 2029 1842 2094 quodque
1877 2029 2151 2094 inceptum
2184 2042 2251 2080 eo
2290 2029 2480 2090 ducat,
2534 2031 2639 2080 hoc

1588 2104 1926 2167 potissimum
1972 2105 2307 2168 propositum
2349 2106 2637 2154 tenetote.»

1588 2178 1720 2238 Quid
1770 2179 2005 2239 aspediae
2057 2191 2235 2227 carere
2289 2181 2400 2239 est,
2466 2178 2639 2241 «quid

1588 2251 1830 2301 conferat
1862 2252 1975 2301 sive
2012 2251 2320 2302 adiumento
2345 2253 2414 2302 sit
2447 2252 2518 2300 ad
2552 2265 2641 2303 ca-

1587 2325 1814 2375 rendum
1849 2322 2148 2384 laboribus,
2187 2325 2256 2374 ad
2293 2324 2431 2375 mala
2457 2329 2638 2375 nostra

1585 2399 1938 2449 amovenda.»
1989 2426 2044 2436 -
2091 2397 2187 2448 Alii
2240 2402 2633 2463 exposuerunt:

1586 2476 1764 2525 «Forte
1821 2473 2108 2537 (sortasse)
2162 2470 2377 2535 aliquod
2432 2473 2635 2524 facinus

1584 2561 1909 2613 generosum
1944 2559 2042 2597 nos
2078 2547 2236 2597 tantis
2272 2560 2338 2596 ex
2371 2546 2524 2597 malis
2547 2561 2636 2597 ez>-

1577 2624 1775 2685 pediam
1795 2643 1818 2667 u
1855 2621 1967 2671 alii:
2010 2622 2382 2671 «communiter
2403 2626 2493 2670 auc
2508 2634 2636 2682 pars

1582 2698 1756 2748 melior
1789 2710 1965 2747 carere
1993 2697 2141 2745 „aaliz
2162 2695 2413 2745 laboribus
2437 2696 2506 2757 (id
2529 2698 2630 2756 est,

1581 2773 1801 2857 propter
1834 2769 2156 2835 probitatem
2201 2769 2439 2832 dignior,
2494 2781 2632 2833 quae

1582 2847 1644 2896 iis
1695 2845 1934 2907 careat‚)
1993 2843 2263 2905 quaet-itis,
2334 2843 2454 2904 quid
2500 2844 2630 2906 forte

1582 2920 1839 2981 (sortasse)
1891 2916 2191 2981 expediam
2265 2916 2433 2979 (Hand
2480 2919 2630 2968 Turs.

1580 2994 1642 3042 11.
1680 3006 1732 3056 p.
1770 2992 1903 3054 740.)
1973 2991 2079 3042 Sed
2126 2992 2303 3041 molior
2352 2989 2437 3040 illa
2470 2992 2635 3053 signi-

1583 3068 1825 3117 ficatione
1862 3067 2069 3130 «magis
2106 3066 2357 3125 idoneuS,
2418 3066 2630 3128 aptior»

1579 3143 1668 3191 vix
1722 3141 1958 3191 construi
2012 3141 2190 3204 potest
2244 3152 2367 3189 cum
2422 3138 2627 3199 verbo,

1580 3214 1727 3279 quod
1782 3215 1996 3276 dicunt,
2056 3214 2421 3273 intransitivo3
2482 3215 2630 3262 recte

1580 3303 1707 3340 cum
1742 3290 2030 3340 transitivo.
2082 3292 2227 3339 Pers.
2256 3286 2316 3347 4,
2356 3287 2448 3335 ⁴6:
2484 3286 2631 3335 Anti—

1578 3378 1729 3425 cyras
1759 3365 1938 3414 melior
1977 3362 2174 3412 sorbere
2205 3373 2452 3411 meracas.
2512 3360 2626 3410 Val.

1581 3437 1751 3488 Flacc.
1776 3439 1796 3487 4
1819 3475 1831 3498 ,
1859 3437 1984 3488 424;
2012 3437 2215 3496 oraque
2237 3434 2508 3483 Thessalico
2528 3446 2630 3483 mo-

1577 3514 1677 3563 lior
1707 3513 2008 3562 contundere
2046 3511 2205 3573 freno.
2261 3511 2371 3560 Nee
2415 3510 2629 3559 temere

1579 3588 1631 3637 in
1677 3587 1892 3637 Horatio
1926 3596 2217 3648 agnoscam
2259 3584 2389 3646 forte
2423 3581 2629 3647 simpli-

1579 3663 1713 3711 citer
1744 3673 1843 3725 pro
1873 3660 2086 3723 fortasse
2106 3659 2439 3720 usurpatum.
2500 3658 2630 3707 Rut-

1578 3736 1737 3798 gersii
1792 3735 2053 3786 rationem
2109 3733 2188 3783 sie
2250 3732 2631 3795 interpretatur

1577 3809 1872 3861 Bentleius:
1901 3807 2085 3868 «Quod
2106 3805 2248 3857 bene
2268 3807 2456 3867 vertat,
2482 3805 2628 3870 quod

1579 3884 1779 3935 bonum
1816 3882 1937 3934 felix
1971 3882 2308 3943 faustumque
2344 3881 2438 3931 siti
2459 3900 2483 3925 a
2523 3881 2629 3931 Sed

1577 3959 1679 4008 hac
1715 3957 2092 4020 significatione
2126 3969 2177 4004 v,
2221 3955 2458 4017 modim
2489 3969 2628 4005 nun-

1578 4044 1740 4095 quam
1780 4032 1860 4081 usi
1895 4032 2021 4082 sunt
2052 4029 2236 4080 Latini.
2278 4054 2332 4065 —
2374 4030 2628 4080 Ceterum

1577 4108 1762 4169 postv
1768 4105 2068 4155 ‚laboribus
2101 4102 2252 4155 colon
2285 4103 2622 4168 ponendum.

1576 4182 1736 4230 utvv.
1760 4180 1839 4229 45.
1863 4178 1942 4229 46
1971 4179 2074 4230 siut
2090 4178 2153 4232 ἐν
2169 4175 2463 4251 προτάσει,
2484 4169 2628 4226 ἀπό-
