3234 4975
642 377 767 440 662

1447 378 1704 428 HoRATu
1755 378 2013 428 EPODON

1376 809 2058 873 cmm-

985 959 1274 1025 Parentis
1317 957 1472 1024 olim
1514 959 1569 1025 si
1614 959 1763 1046 quis
1808 959 2004 1047 impia
2047 981 2241 1026 manu

1063 1078 1279 1145 Senile
1326 1088 1541 1167 guttur
1586 1079 1881 1167 fregerit,

977 1199 1122 1266 Edit
1163 1199 1388 1267 cicutis
1433 1199 1653 1266 allium
1694 1202 2052 1268 nocentius.

1069 1321 1127 1387 Ο
1173 1319 1337 1386 dura
1379 1341 1745 1387 messorum
1787 1321 1930 1388 ilia!

981 1440 1152 1521 Quid
1195 1441 1320 1509 hoc
1360 1442 1591 1509 veneni
1637 1443 1844 1509 saevit
1887 1442 1952 1508 in
1993 1442 2396 1531 praecordiis
2418 1444 2451 1507 ’ἒ
2779 1446 2819 1508 5

775 1623 858 1672 111.
905 1622 1070 1672 inser.
1106 1618 1243 1683 volg.
1300 1620 1376 1669 Aa
1406 1621 1777 1682 Maecenatorn,
1816 1624 1871 1671 et
1902 1622 1979 1672 sic
2012 1621 2103 1683 Bc,
2139 1621 2401 1673 addentes
2444 1622 2761 1672 Euat-ratur

709 1695 902 1745 allium.
944 1721 994 1732 -
1046 1694 1095 1744 3.
1134 1694 1251 1743 Edit
1285 1706 1555 1758 superscr.
1593 1707 1630 1743 a
1662 1693 1727 1755 b,

1770 1695 1908 1745 Euat
1940 1694 1976 1746 d
2010 1697 2066 1745 et
2100 1694 2403 1760 complures
2437 1694 2550 1757 alii,
2589 1696 2751 1746 etiam

710 1761 846 1819 Polt.
870 1807 883 1830 ,
908 1767 1089 1819 Aldus».
1119 1769 1196 1831 (Ut
1229 1780 1345 1828 noa,
1371 1769 1498 1829 Bsc,
1539 1768 1722 1819 Bland.
1750 1770 2027 1832 quattuor,
2063 1771 2200 1819 Pott.
2227 1769 2476 1834 septem.)
2513 1797 2568 1806 -
2594 1770 2753 1819 alizam

709 1845 768 1893 B.
806 1841 923 1893 vid.
949 1842 1243 1893 Schneider
1263 1844 1374 1894 Lat.
1397 1844 1487 1894 Gr.
1515 1844 1553 1893 1.
1582 1857 1636 1908 p.
1660 1842 1776 1894 408.
1821 1843 2057 1906 Wagner
2080 1844 2313 1908 ormoqr.
2345 1844 2525 1907 Vergil.
2552 1856 2606 1907 p.
2632 1842 2747 1893 446.

714 2001 797 2050 111.
833 2001 1019 2050 Iocosa
1054 2001 1351 2051 exsecratio
1385 1999 1513 2063 allii,
1551 2002 1697 2065 quod

650 2074 700 2124 ei
743 2074 984 2124 inscienti
1026 2076 1308 2125 Maecenas
1347 2075 1400 2124 in
1435 2073 1580 2124 olere
1615 2076 1699 2124 in-

650 2149 864 2198 coctum
919 2150 1259 2212 apposuerat.
1337 2148 1497 2200 Miros
1554 2148 1697 2198 enim

650 2225 778 2271 tunc
828 2221 980 2273 cibos
1026 2220 1301 2284 (Italorum
1350 2222 1584 2286 orbolati)
1632 2236 1700 2272 ex

652 2294 845 2346 talibus
879 2294 1250 2346 conficiebant.
1303 2297 1410 2347 Cic.
1438 2296 1523 2346 ad.
1551 2298 1695 2346 Fam.

650 2371 710 2431 7,
762 2371 855 2420 26:
923 2370 1133 2434 flumas,
1210 2370 1465 2431 howellus,
1520 2370 1702 2420 herbas

652 2457 819 2495 omnes
848 2445 925 2495 ita
968 2447 1230 2505 condiunt,
1283 2450 1343 2495 ut
1384 2444 1509 2494 nihil
1543 2445 1702 2507 possit

650 2532 751 2569 osso
771 2520 992 2569 suavius.
1043 2518 1138 2569 Alii
1164 2519 1462 2581 cogitarunt
1494 2519 1562 2568 de
1585 2533 1703 2568 mo-

650 2595 797 2653 reto,
836 2592 934 2643 sed
965 2594 1161 2656 priscus
1194 2593 1239 2642 is
1274 2596 1390 2642 erat
1422 2593 1576 2653 cibus,
1612 2607 1702 2643 ru-

652 2667 906 2717 sticorum
930 2668 1209 2731 imprimis,
1235 2667 1368 2717 Vide
1387 2668 1537 2719 ovid.
1561 2669 1695 2718 Fast.

652 2740 702 2801 t,
729 2741 826 2791 367
850 2754 1004 2806 seqq.
1032 2745 1087 2792 et
1108 2742 1252 2805 quod
1276 2741 1488 2805 Virgilio
1511 2741 1701 2792 tribui-

649 2818 737 2865 tur
766 2817 1033 2867 Moratum.
1082 2817 1466 2880 (compositum
1489 2816 1701 2865 videtur

651 2903 894 2951 carmen,
948 2892 1234 2953 antequam
1274 2890 1519 2940 Terentia
1553 2891 1702 2941 Mae-

651 2965 824 3015 cenati
859 2968 1142 3028 nupserat,
1189 2978 1237 3014 a.
1277 2979 1328 3014 u.
1368 2978 1416 3015 o.
1455 2964 1568 3015 749.
1607 2967 1702 3015 aut

716 3112 825 3161 4-5.
884 3111 1020 3176 olim]
1069 3112 1176 3164 Cfr.
1213 3113 1309 3164 ed.
1348 3112 1404 3174 4,
1453 3112 1509 3174 4,
1547 3114 1595 3162 5.
1638 3141 1693 3149 —

647 3184 838 3249 qullwr]
864 3184 959 3234 Od.
984 3186 1045 3245 2,
1075 3185 1166 3246 43,
1203 3187 1251 3236 6.
1291 3187 1567 3251 usurpavit
1587 3186 1700 3237 vol-

651 3258 821 3321 gatius
852 3258 1090 3323 frangero
1123 3261 1362 3310 cervicem
1393 3274 1492 3324 pro
1523 3265 1699 3309 stran-

652 3333 848 3397 gulare.
906 3363 962 3371 —
1018 3334 1165 3384 «Edit
1196 3335 1372 3398 potius
1407 3334 1699 3385 dicendum

654 3420 818 3472 quum
851 3410 982 3458 edat.
1020 3409 1234 3472 Antiqui
1270 3410 1411 3459 enim
1447 3409 1702 3460 dicebant

650 3484 806 3544 odim,
843 3484 972 3545 edis,
1008 3484 1108 3533 odil
1129 3485 1265 3533 cet.»
1300 3486 1472 3534 Aenon
1496 3486 1695 3534 Numi.

651 3559 843 3622 Sicque
895 3560 978 3608 est
1027 3559 1188 3608 etiam
1238 3559 1343 3607 Sat.
1389 3558 1449 3617 2,
1501 3559 1559 3619 8,
1613 3557 1695 3608 90.

651 3633 762 3682 Cic.
788 3631 857 3681 ad
881 3633 1024 3682 Fam.
1045 3632 1093 3691 9,
1114 3632 1204 3681 20:
1243 3645 1305 3681 ne
1325 3658 1354 3669 -
1377 3660 1407 3670 -
1427 3632 1696 3692 comodum

651 3708 706 3756 et
756 3707 1065 3756 constanter
1114 3705 1258 3768 apud
1309 3704 1568 3756 Plautum.
1616 3705 1694 3768 (V.

649 3778 821 3831 Aulul.
859 3780 918 3840 3,
955 3780 1013 3839 2,
1053 3779 1133 3828 46.
1187 3779 1479 3829 Trinumm.
1525 3778 1584 3839 4,
1634 3780 1694 3840 2,

649 3852 731 3901 65.
757 3852 890 3902 lbid.
916 3853 974 3913 2,
1013 3851 1073 3913 4,
1110 3853 1190 3903 72.
1231 3852 1352 3913 cet.)
1395 3852 1696 3903 Perfectum

652 3937 774 3975 esse
805 3926 1011 3990 nequit,
1049 3939 1174 3977 cum
1196 3938 1389 3976 sensus
1415 3926 1697 3976 manifesto

650 4000 739 4049 hic
771 4000 865 4049 sit:
905 4000 1046 4050 «Hoc
1082 4013 1354 4051 summum
1378 3998 1697 4064 supplicium

649 4075 906 4138 patiatur,
962 4076 1020 4124 ut
1062 4073 1239 4125 allium
1275 4087 1395 4125 esse
1431 4073 1695 4135 debeat3»

652 4149 963 4212 neutiquam
1007 4160 1164 4198 vero:
1224 4149 1380 4199 «ldeo
1423 4150 1545 4214 quia
1588 4150 1698 4200 edit

650 4222 832 4273 allium
865 4234 1041 4285 eoque
1078 4223 1129 4272 in
1163 4223 1399 4274 furorem
1421 4225 1572 4275 actus
1595 4226 1696 4287 est,

1768 2003 1979 2065 patrem
2018 1999 2320 2063 iugulavit.»
2379 2000 2541 2052 Simili
2576 2013 2823 2050 exsecra-

1772 2077 1913 2126 tione
1947 2087 2078 2126 usus
2114 2077 2198 2126 est
2230 2076 2456 2125 Naevius
2486 2074 2629 2139 apud
2651 2076 2817 2125 Prisc.

1770 2150 1819 2210 6,
1846 2149 1895 2198 2.
1918 2162 1970 2213 p.
1991 2150 2107 2199 225.
2130 2150 2248 2200 Kn:
2291 2150 2351 2200 Ut
2371 2150 2513 2199 illum
2534 2150 2605 2198 dii
2624 2149 2819 2212 forant,

1770 2224 1858 2283 qm·
1899 2224 2127 2284 primum
2170 2224 2320 2273 olitor-
2350 2237 2526 2286 copam
2570 2223 2819 2284 molum!

1776 2325 1830 2333 —-
1866 2310 2140 2346 massonam
2170 2297 2278 2361 ilia]
2317 2309 2487 2360 «quae
2524 2297 2662 2347 serre
2682 2308 2819 2361 pos-

1771 2371 1877 2421 sint
1930 2373 2040 2421 tam
2091 2370 2267 2422 dirum
2317 2383 2638 2420 venenum.»
2707 2370 2815 2420 Cfr.

1770 2443 1964 2509 Virgilii
2022 2446 2287 2497 Moretum
2337 2447 2392 2496 et
2439 2442 2547 2496 Ecl.
2600 2444 2661 2506 2,
2716 2443 2816 2495 ⁴0:

1775 2519 2005 2581 Thestylis
2043 2525 2091 2569 ol
2128 2521 2312 2581 rapido
2356 2521 2496 2584 fassis
2526 2519 2824 2569 messoribus

1771 2598 1912 2643 aestu
1943 2594 2076 2643 Allia
2106 2593 2473 2656 serpyllumque
2503 2591 2681 2641 herbas
2705 2606 2825 2641 con-

1771 2668 1933 2717 tundit
1967 2668 2162 2717 olentes.
2207 2665 2436 2717 Galenus
2470 2665 2696 2729 Therap.
2735 2667 2818 2726 42,

1771 2742 1819 2791 8.
1857 2738 2044 2790 allium
2060 2742 2219 2789 vocat
2251 2737 2366 2789 τῶν
2396 2733 2684 2810 ἀγροίκων
2710 2738 2823 2804 θη-

1771 2810 1994 2885 ριακήν.
2038 2841 2093 2851 -
2136 2814 2474 2878 praecordiis]
2516 2825 2617 2878 pro
2652 2813 2824 2862 ainte-

1772 2890 1971 2940 stinis».
2020 2888 2126 2939 Cir.
2164 2889 2271 2938 Sat.
2309 2890 2367 2950 2,
2403 2888 2460 2949 4,
2496 2888 2578 2938 26.
2616 2889 2821 2937 Seneca

1772 2965 1865 3028 Ep.
1920 2963 2010 3023 95,
2047 2964 2142 3013 25:
2202 2976 2613 3027 ραηηη--ηοπ
2661 2962 2825 3012 credis

1770 3051 1919 3089 urere
1949 3039 2085 3087 salsa
2118 3036 2230 3087 taba
2253 3035 2601 3098 praecordia?

1838 3114 1869 3163 6
1887 3112 1980 3163 -8.
2039 3112 2294 3174 viperinus
2337 3108 2521 3174 mov-1*
2559 3121 2818 3175 praesens

1771 3200 2068 3248 venenum,
2122 3190 2181 3236 ut
2214 3186 2309 3236 Od.
2350 3185 2407 3247 4,
2445 3186 2499 3246 8,
2538 3183 2587 3233 9.
2632 3209 2685 3219 -
2726 3184 2823 3233 *in-

1771 3261 1953 3325 coctus]
1991 3261 2075 3310 Sic
2110 3260 2294 3312 Medea
2331 3259 2474 3323 apud
2506 3257 2658 3308 ovid.
2692 3258 2817 3308 Met.

1771 3335 1802 3383 7
1819 3373 1832 3395 ,
1856 3335 1980 3384 265:
2020 3335 2319 3396 Saninaquo
2346 3336 2590 3398 floresque
2612 3335 2659 3381 et
2678 3343 2825 3379 sucos

1770 3410 1991 3471 incoquit
2022 3422 2181 3459 acres.
2213 3436 2268 3444 —
2304 3406 2484 3471 malas]
2518 3406 2660 3467 virg.
2686 3407 2819 3455 Aen.

1771 3483 1833 3544 2,
1881 3481 2009 3533 47⁴:
2068 3482 2267 3533 coluber
2313 3483 2456 3531 mala
2506 3480 2820 3543 (venenosa)

1770 3558 2010 3622 gramina
2032 3561 2226 3619 pastus.
2276 3583 2331 3594 -
2380 3553 2608 3617 Canidia]
2659 3565 2818 3615 saga,

1772 3632 1969 3682 Horatii
2015 3632 2242 3682 inimica.
2314 3630 2417 3681 Cir.
2457 3627 2623 3694 Epod.
2661 3628 2711 3677 ὃ.
2766 3629 2825 3676 et

1773 3707 1854 3756 47.
1896 3735 1951 3742 -
1987 3706 2241 3771 tractavit]
2291 3704 2593 3769 «apparavit
2631 3704 2687 3752 et
2719 3701 2825 3750 mi-

1771 3780 1960 3830 scuit.»
2019 3780 2104 3829 Sic
2137 3779 2232 3829 od.
2271 3780 2334 3839 2,
2386 3778 2474 3838 43,
2517 3776 2578 3827 8:
2628 3788 2824 3825 vonam

1771 3854 1952 3905 Colcha
1973 3880 2003 3890 -
2025 3879 2046 3889 -
2080 3853 2348 3903 Tractavit.

1836 3927 1980 3977 9-42.
2017 3928 2286 3990 Insignem
2318 3926 2430 3976 vim
2464 3924 2727 3976 comicum
2762 3924 2819 3974 in

1772 4001 2140 4052 huiuscemodi
2160 4000 2396 4051 carmine
2420 3998 2623 4048 habent
2640 4011 2824 4048 exem-

1770 4073 1854 4140 pla
1879 4074 1947 4125 ab
1971 4073 2225 4124 heroibus
2248 4073 2490 4137 repetita.
2522 4101 2576 4108 —
2609 4073 2669 4121 Ue
2691 4073 2822 4133 cet.]

1773 4151 2156 4211 «Posteaquam
2183 4147 2369 4198 Medea
2399 4146 2602 4196 Iasonis
2627 4146 2826 4196 ceteris

1770 4222 2020 4275 omnibus
2040 4222 2357 4286 Argonautis
2377 4218 2695 4285 pulchrioris
2718 4218 2830 4269 ior-
