3234 4975
1252 422 1369 472 LlB.
1411 423 1445 471 1.
1520 423 1577 471 C.
1617 422 1837 473 xxvlu.

2502 421 2616 485 159

535 576 626 643 Ab
673 579 820 642 Iove
861 578 1498 664 Neptunoquesacri
1543 577 1813 645 custode
1870 579 2139 646 Tarenti.

871 698 1150 788 Negligis
1195 699 1526 766 immeritis
1572 700 1930 767 nocituram

2536 705 2619 769 30

537 819 881 886 Postmodo
925 831 989 887 te
1033 821 1197 887 natis
1242 821 1535 888 fraudem
1581 822 2029 889 committere?
2074 826 2231 890 Fors
2276 834 2341 890 et

871 941 1105 1009 Debita
1148 942 1290 1008 iura
1333 943 1645 1031 vicesque
1690 943 2013 1031 superbae

533 1100 618 1164 Te
663 1110 960 1165 maneant
1005 1099 1248 1186 ipsum:
1295 1099 1601 1186 precibus
1645 1122 1773 1166 non
1818 1100 2073 1190 linquar
2118 1102 2362 1181 inultm,

578 1250 657 1301 30.
722 1251 952 1315 Nealoyis
999 1252 1242 1301 inmeritis
1289 1249 1462 1301 BbST.
1523 1279 1576 1288 —
1631 1252 1712 1301 34.
1765 1252 1944 1315 forsan
1992 1253 2058 1313 B,
2116 1266 2254 1304 corr.
2305 1268 2361 1317 c,
2413 1258 2547 1307 Pott.

516 1327 773 1389 quinque,
828 1327 991 1376 etiam
1027 1328 1072 1376 4.
1140 1327 1272 1376 Item
1308 1326 1386 1375 Lt.
1426 1326 1547 1388 (non
1593 1324 1795 1389 Aldus)
1854 1352 1909 1362 —
1962 1325 2043 1376 32.
2079 1329 2306 1391 vicesque
2344 1330 2552 1392 superbe

516 1413 638 1450 cum
672 1415 700 1450 ο
735 1402 871 1451 inter
902 1399 1069 1451 lineas
1102 1398 1159 1460 λ,
1199 1403 1258 1449 ut
1288 1399 1496 1462 superbo
1528 1398 1771 1450 voluerat
1803 1402 2158 1461 Passeratius3
2208 1404 2434 1467 vicesque
2463 1418 2552 1454 su-

508 1489 713 1537 premae
749 1476 1078 1538 Burgessius.

451 1596 718 1660 exprimit,
769 1609 875 1660 qua
916 1598 1115 1661 Iupiter
1146 1595 1366 1660 largitur
1398 1609 1492 1648 sua

451 1683 690 1721 munera.

513 1745 593 1795 29.
631 1747 819 1806 Taras,
857 1746 1068 1796 Tarenti
1103 1744 1346 1795 conditor
1374 1757 1497 1807 my-

450 1819 649 1881 thic-us,
695 1821 831 1869 teste
874 1818 1154 1870 Aristotele
1198 1819 1342 1883 apud
1376 1818 1496 1869 Pol-

450 1893 624 1944 lucem
676 1895 723 1943 6.
769 1908 822 1958 p.
871 1894 983 1943 480.
1032 1896 1085 1944 et
1130 1898 1354 1945 Pausan.
1411 1894 1492 1952 40,

453 1969 531 2025 40,
569 1970 639 2029 8.,
678 1967 813 2018 filius
849 1968 943 2017 fuit
975 1970 1204 2032 Neptuni
1239 1972 1294 2019 et
1327 1970 1497 2030 Nym-

449 2044 586 2107 phae
652 2042 953 2105 indigenae:
1021 2044 1163 2093 unde
1223 2045 1496 2106 Neptunus

448 2123 609 2167 custos
671 2115 1050 2182 (πολιοῦχος)
1111 2120 1388 2181 comparet
1443 2117 1496 2165 in

450 2191 710 2243 nonnullis
765 2193 1170 2242 Tarentinorum
1227 2192 1492 2245 nummis:

450 2268 502 2317 in
536 2267 648 2317 aliis
681 2269 842 2317 Taras
875 2268 1087 2317 vehitur
1120 2266 1388 2330 delphino,

514 2342 594 2392 30.
625 2343 706 2392 34.
743 2343 966 2406 Negliqis
994 2342 1119 2406 eet]
1151 2343 1375 2392 «Parum
1400 2354 1498 2391 cu-

449 2430 535 2468 ras
550 2456 562 2478 ‚
593 2431 692 2481 pro
718 2416 876 2467 nihilo
900 2416 1069 2467 habes
1088 2415 1297 2479 eulpam
1316 2416 1497 2466 huius-

450 2494 592 2543 modi
614 2495 663 2543 in
684 2496 734 2543 te
749 2493 1030 2543 admittere
1040 2494 1097 2542 ‘tn
1119 2492 1392 2542 Manifesto
1406 2505 1498 2542 au·

451 2569 559 2617 tem
587 2568 722 2617 haec
753 2571 834 2618 est
865 2567 1229 2629 interrogati03
1260 2568 1349 2629 qui
1375 2569 1499 2630 post

449 2656 499 2691 ν.
519 2643 821 2691 committere
850 2640 1001 2690 colon
1036 2640 1119 2690 vel
1153 2654 1364 2690 comma
1397 2653 1499 2703 po·-

452 2717 597 2775 nunt,
626 2715 695 2764 ad
719 2729 769 2764 ν.
789 2716 996 2778 negligis
1020 2713 1270 2778 supplent
1295 2716 1352 2763 si.
1391 2715 1498 2763 Ve-

452 2804 569 2839 rum
589 2791 770 2840 nostra
790 2789 921 2838 ratio
939 2788 1090 2852 longe
1112 2792 1194 2838 est
1212 2789 1493 2838 efficacior.

456 2892 508 2899 -
530 2862 626 2913 Alii
647 2864 823 2926 (etiam
845 2862 993 2913 Hand
1011 2865 1158 2914 TurS.
1183 2864 1266 2912 IV.
1289 2877 1340 2927 p.
1362 2864 1495 2926 540.)

453 2940 627 2989 minus
662 2941 807 2988 recte
844 2941 1158 2988 construunt
1177 2940 1415 3004 negligis,
1454 2945 1499 2990 te

451 3015 778 3074 conmittere,
816 3026 941 3062 cum
979 3012 1075 3075 (ex)
1113 3011 1162 3063 ω’
1189 3015 1324 3063 natis
1355 3015 1495 3078 iungi

450 3091 708 3152 oporteat.
735 3115 789 3124 -
807 3089 1065 3138 Postmodo
1082 3088 1332 3152 equidem
1354 3089 1497 3152 (item

453 3162 603 3214 Hand
637 3162 671 3213 l.
709 3162 762 3225 l.)
809 3163 966 3224 iungo
1017 3175 1142 3212 cum
1185 3165 1494 3222 nocitwam3

451 3237 534 3287 alii
571 3251 695 3287 eum
729 3242 775 3286 te
807 3238 966 3297 natis,
1002 3236 1093 3286 ubi
1128 3238 1358 3288 otiosum
1396 3241 1494 3289 est.

458 3341 510 3348 —
553 3311 800 3376 fraudem]
846 3306 1018 3378 ἄγος,
1073 3325 1267 3375 «quam
1302 3326 1497 3363 noxam

451 3386 735 3450 aliquando
799 3385 950 3436 liberi
1007 3386 1079 3436 tui
1147 3387 1495 3451 expiabunt.»

453 3462 666 3513 Fundus
706 3462 863 3512 huius
909 3461 1169 3525 opinionis
1216 3461 1406 3524 Odyss.
1444 3459 1495 3522 λ,

449 3537 530 3586 72.
585 3534 816 3599 Elpenor
869 3535 937 3584 ad
995 3533 1229 3586 Ulixem:
1288 3532 1384 3601 Μή
1441 3535 1499 3601 μ’

449 3604 764 3670 ἄκλαυτον,
819 3601 1085 3660 ἄθαπτον
1142 3604 1244 3658 ἰών
1295 3604 1498 3660 ὄπιθεν

450 3684 837 3746 καταλείπειν,
872 3683 1261 3747 Νοσφισθεις,
1295 3681 1381 3750 μή
1407 3688 1499 3737 τοί

451 3776 504 3811 τι
525 3758 679 3811 θεῶν
694 3759 923 3826 μήνιμα
938 3760 1208 3825 γένωμαι.
1235 3760 1498 3823 Theognis

450 3835 566 3885 203.
603 3836 800 3898 Bergk:
834 3829 997 3884 Ἀλλὰ
1027 3830 1146 3883 τάδ’
1178 3828 1498 3904 ἀνθρώπων

450 3903 645 3976 ἀπατᾷ
694 3905 852 3959 νόον·
911 3902 982 3960 οὗ
1032 3904 1143 3979 γὰρ
1192 3908 1275 3960 ἐπ’
1314 3904 1496 3961 αὐτοῦ

452 3984 718 4034 Τίνονται
749 3980 1008 4070 μάκαρες
1032 3979 1371 4054 πρήγματος
1391 3977 1500 4048 οἷμ-

453 4056 695 4120 amulag
731 4050 865 4108 Ἀλλ’
905 4074 939 4107 ο
980 4057 1090 4123 μὲν
1136 4052 1313 4121 αὐτὸς
1345 4052 1498 4108 ’ἔτισε

453 4127 634 4183 κακὸν
668 4133 865 4204 χρέος,
903 4126 1039 4182 οὐδὲ
1061 4125 1497 4197 φίλοισινἍτην

454 4203 702 4271 ἐξοπίσω
728 4208 925 4258 παισὶν
947 4207 1353 4277 ἐπεκρέμασεν·
1372 4199 1497 4255 ’Άλ-

457 4280 554 4330 λον
602 4281 647 4331 δ’
699 4277 768 4333 οὐ
821 4283 1164 4351 κατέμαρψε
1213 4278 1364 4345 δίκη.
1437 4281 1500 4330 Et

1569 1593 1811 1646 similiter
1832 1596 1976 1647 idem
1999 1610 2049 1647 v.
2076 1597 2189 1648 735.
2220 1626 2277 1636 —
2301 1600 2451 1661 Fors,
2491 1600 2621 1663 sors-

1568 1684 1663 1731 an,
1706 1671 1877 1732 forsit,
1926 1671 2069 1735 apud
2111 1674 2322 1735 poetas3
2369 1676 2424 1723 et
2452 1675 2615 1736 forsit,

1569 1746 1628 1793 ut
1649 1745 1812 1794 habet
1835 1742 2185 1807 Pulmannus‚
2223 1749 2487 1811 reperitur
2508 1750 2613 1799 Sat.

1571 1821 1626 1878 4,
1674 1818 1731 1878 6,
1776 1817 1857 1869 49.
1915 1819 2189 1869 «Notanda
2226 1823 2309 1870 est
2340 1820 2618 1885 singularis

1570 1895 1848 1956 poetarum
1872 1892 2095 1943 formula
2112 1894 2221 1956 fors
2234 1900 2281 1944 et
2296 1909 2394 1959 pro
2406 1897 2620 1959 fortasse

1567 1968 1745 2028 etiam,
1800 1981 1905 2031 qua
1954 1969 2293 2032 progreditur
2334 1972 2501 2021 oratio
2547 1971 2617 2022 ad

1571 2053 1687 2090 rem
1722 2043 1966 2106 opinione
2001 2047 2342 2108 conceptam,
2380 2046 2478 2095 sed
2503 2060 2620 2109 gra-

1569 2117 1730 2166 vitate
1783 2118 1836 2166 et
1886 2119 2244 2181 magnitudine
2279 2119 2614 2184 ampliorem.

1570 2191 1662 2241 Est
1704 2191 1847 2255 apud
1882 2193 2020 2255 Virg.
2059 2196 2189 2243 Aen.
2231 2194 2319 2255 44,
2369 2194 2449 2244 49.
2488 2197 2618 2244 Pro-

1571 2266 1708 2328 pert.
1734 2267 1784 2325 2,
1810 2266 1859 2327 9,
1888 2268 1935 2316 4.
1963 2269 2089 2317 Stat.
2117 2267 2240 2316 silv,
2267 2267 2325 2329 3,
2352 2268 2435 2318 t.»
2466 2269 2616 2318 Hand

1570 2340 1722 2389 Turs.
1760 2341 1821 2389 11.
1857 2353 1910 2403 p.
1949 2342 2063 2390 744.
2113 2342 2282 2392 Minus
2332 2346 2479 2391 recte
2531 2342 2616 2393 alii

1571 2415 1625 2463 h.
1663 2412 1697 2463 l.
1736 2416 1861 2464 Fors
1903 2414 1987 2465 vel
2035 2412 2231 2481 Τύχην
2273 2416 2358 2466 vel
2403 2419 2619 2468 Poenam

1570 2492 1899 2554 interpretati
1933 2494 2072 2541 sunt.

1638 2567 1719 2615 32.
1756 2566 1938 2615 Debita
1964 2564 2098 2628 iura]
2132 2562 2316 2630 δίκην,
2354 2560 2425 2629 ἢν
2460 2560 2620 2627 ὀφεί-

1572 2639 1705 2703 λεις.
1749 2666 1803 2675 -
1838 2639 1983 2703 vices]
2008 2633 2331 2700 ἀντίποινα,
2368 2635 2613 2706 ἀμοιβή,

1573 2718 1631 2764 ut
1666 2714 1812 2764 Ovid.
1850 2716 1971 2765 Met.
2013 2713 2100 2773 ⁴4,
2139 2714 2228 2763 36:
2278 2716 2437 2764 Redde
2467 2717 2612 2765 vices.

1574 2788 1886 2849 «Quomodo
1928 2790 1985 2836 tu
2018 2787 2250 2850 superbe
2286 2789 2458 2838 reiicis
2494 2803 2619 2852 pre-

1573 2878 1665 2914 ces
1723 2876 1900 2920 meas,
1960 2875 2132 2925 aeque
2190 2862 2241 2911 in
2298 2865 2350 2912 te
2404 2864 2620 2925 superba

1571 2933 1928 3009 (ὗβριστική,
1966 2936 2257 2988 inclemens
2288 2951 2352 2987 ac
2375 2951 2480 2988 non
2504 2940 2617 2989 sine

1571 3015 1881 3078 contemptu
1927 3014 1980 3063 te
2024 3013 2265 3076 puniens)
2315 3014 2417 3063 erit
2457 3015 2616 3064 etiam

1569 3090 1801 3140 vindicta
1847 3089 2074 3139 divina.»
2144 3090 2381 3152 Propert.
2423 3090 2477 3148 4,
2534 3088 2616 3149 43,

1572 3166 1630 3215 9;
1667 3166 1801 3215 Haec
1832 3165 1929 3213 erit
1948 3164 2154 3212 illam
2174 3164 2438 3226 contempti
2452 3176 2621 3225 poena

1571 3241 1756 3290 doloris
1774 3253 1790 3298 ,·
1858 3240 2138 3289 Multarum
2197 3240 2408 3288 miseras
2461 3239 2620 3301 exigit

1571 3329 1677 3363 una
1707 3315 1853 3363 vices.

1671 3387 1751 3438 33.
1820 3385 2073 3450 maneant]
2098 3387 2268 3436 Etiam
2303 3384 2447 3449 apud
2471 3385 2620 3435 Cice-

1571 3475 1761 3511 ronem
1808 3459 2143 3525 paucissimis
2199 3457 2328 3509 locis
2382 3458 2618 3521 exceptis

1574 3536 1742 3601 (Hand
1765 3538 1914 3586 Turs.
1941 3536 2003 3584 ΙΙ.
2030 3547 2084 3597 p.
2107 3532 2240 3596 746.)
2263 3534 2475 3595 forsitan
2500 3544 2621 3595 pro-

1571 3614 1692 3676 pter
1706 3612 1967 3661 incertum
1992 3609 2068 3659 rei
2094 3608 2290 3658 exitum
2318 3607 2425 3670 (qui
2449 3605 2622 3668 expri-

1571 3688 1734 3738 mitur
1750 3688 1930 3747 etymo
1948 3684 2104 3734 huius
2124 3696 2174 3732 v.
2188 3683 2296 3746 sors
2308 3682 2373 3730 sit
2388 3678 2476 3743 an)
2495 3692 2619 3729 cum

1572 3763 1708 3812 coni.
1750 3759 2087 3809 construitur.
2136 3784 2188 3793 —
2225 3755 2456 3819 precibus
2493 3755 2618 3819 oet]

1573 3837 1657 3885 «Si
1686 3834 1954 3897 relinquar
1988 3846 2017 3881 a
2041 3835 2095 3881 te
2120 3831 2451 3890 inhumatus,
2489 3826 2622 3878 inul-

1570 3911 1656 3959 tae
1686 3922 1792 3959 non
1813 3906 2171 3957 remanebunt
2185 3917 2341 3954 meae
2362 3904 2622 3966 impreca-

1571 3984 1770 4042 tiones,
1798 3981 2210 4031 exsecrationes.
2228 3997 2252 4022 ο
2306 3980 2390 4028 Sic
2421 3979 2621 4028 Caesar

1571 4060 1630 4108 B.
1669 4058 1726 4106 G.
1765 4057 1821 4116 6,
1872 4055 1963 4104 34ε
2018 4054 2241 4103 omnibus
2270 4051 2498 4115 precibus
2531 4051 2620 4100 de-

1572 4136 1775 4181 testatus
1818 4127 2165 4191 Ambiortqem.
2205 4127 2370 4190 Epod.
2409 4127 2466 4184 ὅ,
2521 4124 2615 4175 86;

1571 4205 1710 4255 Misit
1762 4202 2016 4264 Thyesteas
2063 4214 2252 4262 prece-3.
2318 4227 2371 4236 -
2430 4197 2619 4260 inultis]

1575 4282 1895 4342 «Pet-peram
1915 4276 2245 4327 Passeratius
2260 4271 2621 4324 substituebat
