3234 4975
1217 408 1335 456 LlB.
1375 409 1414 456 1.
1487 408 1545 456 C.

981 564 1127 640 Quo
1170 581 1297 626 non
1342 560 1583 628 arbiter
1629 561 1907 628 Hadriae

1584 409 1667 457 111.
2468 404 2550 467 27

816 681 1045 756 Maior,
1093 680 1480 748 tollereseu
1527 701 1772 768 ponere
1816 680 1949 747 volt
1991 682 2167 748 freta.

980 838 1190 916 Quem
1233 839 1451 905 Mortis
1496 839 1703 904 timuit
1744 838 2043 926 gradum,

814 958 939 1036 Qui
983 959 1172 1026 siccis
1215 959 1421 1025 oculis
1462 967 1748 1024 monstra
1790 959 2096 1034 natantia,

520 1194 602 1242 48.
639 1193 797 1256 siccis]
832 1193 980 1241 rectis
1012 1190 1177 1242 Bentl.
1218 1194 1384 1252 coni.,
1419 1194 1539 1256 tutis
1574 1193 1833 1256 Cuningh.
1872 1191 2191 1242 dubitanter.

388 1440 453 1476 ex
493 1425 712 1476 arbitrio
754 1437 854 1475 suo
896 1426 1055 1487 regit,
1102 1437 1208 1474 non
1253 1426 1436 1475 movet

386 1498 586 1560 solum,
634 1499 729 1550 sed
771 1499 921 1563 ponit
954 1501 1115 1549 etiam
1148 1497 1288 1560 aliis,
1343 1500 1435 1562 qui

388 1574 461 1624 ibi
494 1575 703 1625 saevire
738 1575 913 1624 conati
948 1577 1086 1633 sunt,
1129 1575 1301 1624 ventis
1336 1573 1436 1623 de—

389 1649 555 1698 victis.
624 1649 767 1710 Virg.
804 1651 937 1698 Aen.
975 1648 1025 1708 3,
1063 1648 1151 1697 69:
1197 1649 1435 1709 placata-

389 1736 483 1784 que
512 1723 648 1771 venei
678 1723 819 1771 Dant
848 1723 1036 1772 maria.
1073 1723 1124 1782 ὅ,
1150 1723 1270 1772 763:
1319 1724 1437 1784 pla·-

385 1798 485 1846 cidi
516 1801 805 1845 straverunt
837 1809 1063 1858 aequora
1092 1798 1277 1846 venti.»
1329 1796 1435 1847 Sed

390 1872 443 1920 in
475 1871 558 1920 his
592 1883 833 1933 quoque,
870 1871 930 1918 ut
967 1870 1110 1934 apud
1142 1871 1432 1932 Horatium,

387 1948 470 1995 est
522 1946 725 2008 potius:
789 1964 813 1989 α
834 1943 928 1993 ubi
978 1944 1107 1994 flare
1166 1945 1434 2004 desinunt,

387 2017 657 2082 placidum
679 2018 738 2067 fit
759 2030 962 2068 mare.»
1016 2017 1233 2081 (Hadria
1254 2022 1436 2069 autem

385 2093 580 2142 rectior
622 2095 706 2142 est
747 2093 1006 2156 scriptura
1052 2106 1216 2156 quam
1256 2093 1435 2154 Adria,

387 2179 511 2216 cum
529 2168 581 2215 in
599 2166 779 2231 oppidi
796 2167 1031 2216 nummis
1049 2166 1254 2229 legatur
1270 2168 1435 2230 HAT.)

454 2278 533 2326 46.
584 2279 787 2341 ponere]
842 2279 1079 2342 Propert.
1127 2277 1177 2339 3,
1224 2279 1305 2337 45,
1344 2278 1433 2327 34;

385 2365 597 2413 ηιαρηοε
629 2364 743 2399 cum
770 2356 965 2412 ponunt
998 2364 1223 2412 aequora
1254 2356 1435 2412 motus,

384 2426 554 2474 Eurus
586 2426 640 2473 in
673 2426 907 2474 adversos
940 2426 1116 2474 desinit
1157 2426 1232 2475 ire
1263 2427 1433 2476 Notos.

385 2500 479 2549 Od.
528 2500 578 2560 3,
626 2500 676 2560 3,
725 2502 781 2549 5:
836 2501 1014 2550 Auster
1060 2502 1188 2551 Dum
1229 2503 1439 2564 inquieti

384 2574 611 2623 eiu-bidus
630 2575 868 2623 Hadriae.
927 2576 1020 2638 (De
1045 2578 1435 2627 constructione

385 2661 481 2712 pro
514 2650 557 2697 si
594 2648 738 2711 (sive)
774 2649 945 2699 tollere
964 2663 1050 2699 seu
1062 2664 1253 2712 ponere
1274 2664 1437 2700 accu-

387 2725 498 2772 rate
536 2722 769 2787 disputat
802 2722 980 2786 Regel,
1019 2737 1181 2787 quem
1215 2726 1376 2789 vide.)

450 2835 531 2883 47.
583 2835 817 2899 aradam]
871 2836 1193 2898 ingressum,
1231 2837 1436 2887 adven—

386 2912 531 2967 tum,
592 2908 860 2958 Anschritt.
952 2912 1146 2960 Lucan.
1196 2912 1257 2972 2,
1307 2911 1429 2961 ⁴00:

385 2986 669 3043 quantoque
698 2983 867 3045 arada
894 2984 1035 3033 Mors
1065 2998 1217 3034 saeva
1248 2999 1434 3035 cucur-

384 3058 467 3104 rit.
548 3058 690 3107 Mors
740 3056 793 3105 b.
848 3056 914 3117 1.,
967 3060 1026 3107 ut
1066 3060 1328 3123 Euripidis
1380 3061 1431 3109 in

385 3129 647 3180 Alcestide
683 3128 973 3194 Θάνατος,
1008 3129 1284 3197 δαίμονος
1305 3148 1435 3197 per-

386 3218 574 3254 sonam
625 3206 819 3267 induit‚
878 3208 970 3270 qui
1020 3206 1165 3257 velut
1210 3207 1435 3259 bellator

388 3280 613 3342 «ingenti
649 3280 850 3342 gradu»
894 3281 1017 3344 (Liv.
1055 3282 1105 3331 2.
1145 3282 1247 3344 40.)
1284 3284 1435 3333 ince-

387 3353 476 3403 dit.
547 3353 749 3404 Eadem
808 3356 1034 3418 imagine
1086 3356 1244 3419 Soph.
1300 3358 1429 3407 Oed.

386 3428 506 3489 Tyr.
545 3429 635 3478 28:
695 3427 758 3479 ἐν
801 3423 923 3478 δ’ὁ
958 3426 1262 3500 πυρφόρος
1294 3428 1434 3494 θεὸς

384 3498 635 3564 Σκήψας
668 3498 894 3553 ἐλαύνει
914 3502 1140 3569 Λοιμὸς
1160 3501 1435 3569 ἔχθιστος

386 3571 566 3625 πόλει.
638 3576 795 3639 (virg.
822 3579 952 3627 Aen.
993 3580 1075 3639 4⁴,
1114 3580 1234 3629 497:
1271 3581 1436 3630 Multa

386 3649 531 3699 boum
551 3650 693 3699 circa
710 3656 1001 3701 mactantur
1016 3617 1436 3719 c6moraMorti.)

386 3724 569 3786 Neque
602 3737 734 3774 vero
769 3725 1121 3778 Orientalibus
1155 3730 1327 3792 poetis
1350 3730 1435 3779 in-

386 3795 534 3847 solita
586 3802 671 3849 est
710 3799 904 3862 imago.
976 3800 1082 3851 Cir.
1120 3802 1435 3853 Schultensii

387 3871 614 3922 Hamasa
636 3886 689 3936 p.
716 3872 839 3924 4⁴3:
875 3875 963 3924 Ast
990 3889 1098 3939 eqo,
1133 3878 1327 3927 διίστησι·
1349 3878 1437 3927 diu

384 3951 627 4007 superstes
698 3948 821 4009 siun,
908 3950 1040 3999 Novi
1109 3964 1435 4001 occursuram

384 4020 507 4068 mihi
539 4022 789 4082 cuspidem
821 4024 1027 4084 Mortis,
1065 4037 1194 4085 quae
1226 4039 1437 4075 corusca

380 4093 631 4155 ticbninat.
661 4121 718 4131 --·
756 4097 936 4148 Mortis
971 4111 1094 4149 cum
1127 4098 1301 4161 gladio
1334 4101 1435 4150 de-

383 4167 564 4217 stricto
614 4169 839 4232 gradum
890 4175 1164 4236 totamque
1208 4173 1435 4224 formam

385 4241 475 4290 tibi
509 4243 828 4311 monstrabit
849 4249 1254 4298 monumentum
1278 4248 1435 4298 Etru-

1508 1437 1663 1475 scum
1697 1424 1841 1489 apud
1864 1425 2147 1487 Inghirami
2171 1427 2301 1477 Gali.
2332 1429 2438 1479 Om.
2466 1431 2550 1480 111.

1506 1501 1562 1548 Τ.
1601 1499 1683 1549 60.
1754 1500 1814 1549 V.
1852 1500 2161 1550 Excursum.

1574 1574 1653 1623 48.
1690 1572 1846 1637 Apud
1877 1576 2090 1625 veteres
2124 1587 2287 1639 saepe
2311 1576 2468 1628 fletus
2491 1579 2554 1629 iis

1507 1647 1779 1707 tribuitur,
1817 1648 2012 1711 quibus
2047 1663 2144 1700 nos
2179 1649 2261 1700 vel
2296 1650 2395 1701 alia
2429 1665 2558 1716 per-

1507 1721 1702 1771 turbati
1753 1723 1913 1772 animi
1964 1724 2112 1786 signa
2153 1724 2237 1774 vel
2288 1725 2556 1776 silentium

1506 1810 1570 1846 ao
1593 1799 1870 1860 stuporem
1893 1797 2268 1850 tribueremus.
2314 1802 2551 1865 Propert.

1507 1870 1556 1931 3,
1606 1871 1657 1930 7,
1703 1872 1785 1923 55.
1836 1872 2145 1935 naufragus:
2198 1875 2342 1924 Flens
2390 1880 2557 1926 tamen

1507 1946 1744 1994 evtrevnis
1775 1947 1908 1996 dedit
1946 1948 2068 1997 haec
2099 1951 2345 2000 mandata
2377 1965 2557 2013 quere-

1506 2020 1583 2067 lis.
1657 2020 1805 2069 Ovid.
1833 2021 2045 2072 Metam.
2076 2024 2157 2084 44,
2184 2024 2297 2074 539.
2336 2026 2462 2075 item
2486 2026 2554 2075 de

1510 2093 1800 2155 naufragis:
1853 2096 1968 2143 Non
2011 2101 2138 2146 tenet
2177 2098 2256 2147 hic
2296 2099 2554 2161 lam-imas,

1506 2172 1667 2228 πωροι
1707 2168 1801 2216 hie.
1873 2170 2009 2219 Fast.
2055 2170 2104 2230 3,
2153 2171 2277 2222 596:
2330 2175 2558 2223 Iactatur

1506 2243 1710 2291 tumidis
1748 2243 1893 2292 exsul
1928 2244 2193 2294 Phoenissa
2230 2259 2325 2307 per
2371 2249 2553 2310 undas,

1507 2316 1887 2378 Humidaque
1927 2319 2155 2379 opposita
2194 2320 2387 2369 lumina
2426 2327 2559 2371 veste

1506 2391 1642 2453 tegit.
1713 2391 1924 2441 Curtius
1957 2394 2006 2450 ὅ,
2044 2394 2102 2441 5:
2144 2393 2440 2455 Desperatio
2472 2398 2555 2444 in-

1506 2478 1652 2528 qens,
1697 2466 1822 2515 adeo
1862 2471 1921 2516 ut
1959 2467 2051 2516 viz:
2082 2468 2307 2518 lacrimis
2337 2469 2556 2522 abstine-

1504 2545 1636 2600 rent,
1672 2540 1952 2590 incesserat.
2025 2543 2274 2604 Fuerunt,
2313 2546 2403 2607 qui
2443 2544 2557 2595 col-

1506 2613 1612 2663 lato
1657 2614 1918 2677 Euripidis
1961 2616 2046 2664 Or.
2094 2617 2216 2666 383:
2271 2615 2460 2668 δεινὸν
2494 2617 2557 2669 δὲ

1507 2685 1772 2749 λεύσσεις
1806 2682 2087 2753 ὀμμάτων
2109 2686 2312 2759 ξηραῖς
2333 2690 2553 2781 κόραις,

1507 2764 1562 2811 et
1595 2761 1756 2811 Suida
1790 2762 1843 2812 in
1875 2775 1926 2810 v.
1993 2756 2269 2834 Ἀνέφερε.
2304 2756 2451 2829 αὖος
2484 2758 2557 2832 ἦν

1507 2827 1622 2885 ὑπὸ
1645 2831 1749 2885 τοῦ
1775 2830 1992 2896 φόβου,
2018 2836 2343 2901 explicarent
2363 2841 2432 2891 de
2456 2842 2558 2891 ho-

1506 2911 1664 2960 minis
1697 2910 1844 2973 impii
1877 2910 2064 2960 insano
2085 2914 2320 2975 stupore
2355 2915 2557 2966 Verum

1505 2997 1536 3032 a
1592 2997 1677 3033 vv.
1736 2985 1815 3033 Illi
1867 2984 2025 3034 rob-m·
2079 2988 2180 3035 cet.
2209 3024 2220 3044 .
2279 2990 2554 3053 magisque

1506 3059 1666 3107 etiam
1702 3072 1733 3108 a
1766 3073 1851 3108 vv.
1899 3061 2054 3121 Quem
2093 3054 2271 3110 mortis
2311 3065 2413 3112 cet.
2452 3065 2556 3114 im—

1504 3132 1716 3194 pietatis
1750 3136 1912 3197 atque
1947 3135 2182 3185 insaniae
2208 3137 2556 3200 reprehensio

1505 3203 1662 3267 longe
1697 3206 1867 3256 abest.
1938 3209 2073 3258 Nam
2119 3211 2342 3260 «nauum
2382 3213 2558 3261 mortis

1503 3282 1723 3342 aradum
1756 3282 1929 3331 timere
1944 3300 1966 3325 ι)
2010 3297 2256 3334 summae
2290 3287 2374 3335 est
2409 3286 2555 3335 forti-

1506 3355 1720 3414 tudiniS,
1759 3370 1938 3419 quam,
1979 3359 2076 3408 etsi
2101 3360 2310 3408 secreto
2335 3359 2554 3409 horrore

1505 3429 1723 3493 perfusi,
1761 3430 2013 3480 admirari
2055 3433 2235 3482 tamen
2272 3431 2553 3483 debemus.

1505 3505 1563 3552 ln
1598 3516 1752 3566 seqq.
1791 3505 2011 3555 demum
2054 3506 2427 3570 progrediente
2463 3520 2557 3556 co·-

1506 3577 1754 3639 gitatione
1788 3580 2118 3643 impietatem
2138 3582 2296 3630 vocat
2329 3581 2558 3630 eandem

1507 3650 1648 3701 illam
1683 3653 1988 3715 audaciam,
2044 3667 2206 3717 quam
2241 3655 2395 3704 antea
2430 3669 2558 3718 pro—

1506 3728 1627 3790 pter
1660 3727 2068 3777 admirationem
2100 3729 2186 3777 vix
2220 3728 2397 3778 animo
2427 3742 2559 3778 con-

1508 3803 1742 3864 ceperat
1803 3801 1958 3851 Siccis
1980 3802 2135 3851 oculis
2157 3804 2240 3852 est
2275 3803 2431 3865 igitur
2452 3806 2558 3852 Ae-

1506 3874 1678 3938 schyli
1712 3877 1855 3939 Sept.
1896 3889 1942 3925 c.
1982 3876 2147 3926 Theb.
2187 3877 2309 3928 698:
2357 3874 2558 3948 ξηροῖς

1506 3943 1859 4010 ἀκλαύστοις
1903 3942 2149 4014 ὄμμασι·
2195 3965 2296 4002 nec
2331 3951 2557 4002 audebi-

1507 4037 1629 4074 mus
1675 4024 1941 4085 corrigere
1986 4028 2200 4088 poetam
2242 4025 2552 4076 scribendo·

1504 4098 1654 4147 rectis
1686 4096 1770 4146 vel
1800 4098 1923 4160 fixis
1942 4096 2027 4148 vel
2050 4101 2246 4150 invictis
2265 4099 2348 4150 vel
2375 4100 2554 4157 etiam,

1507 4171 1653 4235 quod
1719 4171 2044 4222 Praedicovii
2101 4177 2216 4224 erat
2269 4174 2553 4228 somnium,

1507 4250 1756 4308 σικχοῐς,
1790 4245 2074 4307 fastidiosis.
