<?xml version="1.0" encoding="UTF-8"?>
<!DOCTYPE html PUBLIC "-//W3C//DTD XHTML 1.0 Transitional//EN"
    "http://www.w3.org/TR/xhtml1/DTD/xhtml1-transitional.dtd">
<html xmlns="http://www.w3.org/1999/xhtml" xml:lang="en" lang="en">
 <head>
  <title>
</title>
<meta http-equiv="Content-Type" content="text/html;charset=utf-8" />
  <meta name='ocr-system' content='tesseract 3.04.00' />
  <meta name='ocr-capabilities' content='ocr_page ocr_carea ocr_par ocr_line ocrx_word'/>
</head>
<body>
  <div class='ocr_page' id='page_1' title='image "./qhoratiusflaccu05baitgoog_0661.png"; bbox 0 0 3234 4975; ppageno 0'>
   <div class='ocr_carea' id='block_1_1' title="bbox 1142 407 2619 472">
    <p class='ocr_par' dir='ltr' id='par_1_1' title="bbox 1142 407 2619 472">
     <span class='ocr_line' id='line_1_1' title="bbox 1142 407 2619 472; baseline 0.012 -16"><span class='ocrx_word' id='word_1_1' title='bbox 1142 407 1408 457; x_wconf 74' lang='lat' dir='ltr'>CARMEN</span> <span class='ocrx_word' id='word_1_2' title='bbox 1444 407 1789 460; x_wconf 62' lang='lat' dir='ltr'><strong><em>secunus.</em></strong></span> <span class='ocrx_word' id='word_1_3' title='bbox 2495 407 2619 472; x_wconf 74' lang='grc'><strong><em>629</em></strong></span> 
     </span>
    </p>
   </div>
   <div class='ocr_carea' id='block_1_2' title="bbox 688 564 2312 620">
    <p class='ocr_par' dir='ltr' id='par_1_2' title="bbox 688 564 2312 620">
     <span class='ocr_line' id='line_1_2' title="bbox 688 564 2312 620; baseline 0.002 -8"><span class='ocrx_word' id='word_1_4' title='bbox 688 564 999 616; x_wconf 76' lang='lat' dir='ltr'>VALERIUS</span> <span class='ocrx_word' id='word_1_5' title='bbox 1034 564 1281 615; x_wconf 72' lang='lat' dir='ltr'><strong>ANTLAs.</strong></span> <span class='ocrx_word' id='word_1_6' title='bbox 1849 569 2312 620; x_wconf 76' lang='lat' dir='ltr'>COMMENTARu.</span> 
     </span>
    </p>
   </div>
   <div class='ocr_carea' id='block_1_3' title="bbox 451 664 2025 799">
    <p class='ocr_par' dir='ltr' id='par_1_3' title="bbox 451 664 2025 799">
     <span class='ocr_line' id='line_1_3' title="bbox 451 664 2025 729; baseline 0.004 -16"><span class='ocrx_word' id='word_1_7' title='bbox 451 666 491 725; x_wconf 72' lang='grc'><strong><em>1)</em></strong></span> <span class='ocrx_word' id='word_1_8' title='bbox 530 680 577 714; x_wconf 79' lang='lat' dir='ltr'><strong><em>a.</em></strong></span> <span class='ocrx_word' id='word_1_9' title='bbox 624 677 676 713; x_wconf 90' lang='lat' dir='ltr'><strong><em>u.</em></strong></span> <span class='ocrx_word' id='word_1_10' title='bbox 729 679 776 715; x_wconf 86' lang='lat' dir='ltr'><strong><em>c.</em></strong></span> <span class='ocrx_word' id='word_1_11' title='bbox 815 664 931 716; x_wconf 68' lang='lat'><strong><em>245.</em></strong></span> <span class='ocrx_word' id='word_1_12' title='bbox 975 664 1083 716; x_wconf 80' lang='lat' dir='ltr'>ludi</span> <span class='ocrx_word' id='word_1_13' title='bbox 1123 667 1342 718; x_wconf 71' lang='lat' dir='ltr'>instituti</span> <span class='ocrx_word' id='word_1_14' title='bbox 1376 681 1404 717; x_wconf 81' lang='lat' dir='ltr'><strong>a</strong></span> <span class='ocrx_word' id='word_1_15' title='bbox 1441 671 1495 719; x_wconf 89' lang='lat' dir='ltr'><strong><em>P.</em></strong></span> <span class='ocrx_word' id='word_1_16' title='bbox 1571 668 1613 729; x_wconf 76' lang='grc'><strong><em>4)</em></strong></span> <span class='ocrx_word' id='word_1_17' title='bbox 1653 682 1699 718; x_wconf 84' lang='lat' dir='ltr'><strong><em>a.</em></strong></span> <span class='ocrx_word' id='word_1_18' title='bbox 1742 684 1792 720; x_wconf 88' lang='lat' dir='ltr'><strong><em>u.</em></strong></span> <span class='ocrx_word' id='word_1_19' title='bbox 1837 683 1885 720; x_wconf 80' lang='lat' dir='ltr'><strong><em>c.</em></strong></span> <span class='ocrx_word' id='word_1_20' title='bbox 1911 671 2025 721; x_wconf 74' lang='lat'>298.</span> 
     </span>
     <span class='ocr_line' id='line_1_4' title="bbox 530 746 1063 799; baseline 0.004 -2"><span class='ocrx_word' id='word_1_21' title='bbox 530 746 739 798; x_wconf 84' lang='lat' dir='ltr'>Valerio</span> <span class='ocrx_word' id='word_1_22' title='bbox 773 748 1063 799; x_wconf 79' lang='lat' dir='ltr'><strong>Publicola.</strong></span> 
     </span>
    </p>
   </div>
   <div class='ocr_carea' id='block_1_4' title="bbox 444 833 2673 1429">
    <p class='ocr_par' dir='ltr' id='par_1_4' title="bbox 444 833 2673 1429">
     <span class='ocr_line' id='line_1_5' title="bbox 444 833 2029 897; baseline 0.004 -16"><span class='ocrx_word' id='word_1_23' title='bbox 444 833 490 893; x_wconf 75' lang='lat'><strong><em>2)</em></strong></span> <span class='ocrx_word' id='word_1_24' title='bbox 528 845 575 881; x_wconf 82' lang='lat' dir='ltr'><strong><em>a.</em></strong></span> <span class='ocrx_word' id='word_1_25' title='bbox 616 845 666 881; x_wconf 89' lang='lat' dir='ltr'><strong><em>u.</em></strong></span> <span class='ocrx_word' id='word_1_26' title='bbox 706 845 752 882; x_wconf 84' lang='grc' dir='ltr'><strong><em>ο.</em></strong></span> <span class='ocrx_word' id='word_1_27' title='bbox 790 833 905 883; x_wconf 81' lang='grc'><strong>305.</strong></span> <span class='ocrx_word' id='word_1_28' title='bbox 1565 836 1611 897; x_wconf 70' lang='grc'><strong><em>2)</em></strong></span> <span class='ocrx_word' id='word_1_29' title='bbox 1651 849 1697 886; x_wconf 79' lang='lat' dir='ltr'><strong><em>a.</em></strong></span> <span class='ocrx_word' id='word_1_30' title='bbox 1736 850 1789 887; x_wconf 90' lang='lat' dir='ltr'><strong><em>u.</em></strong></span> <span class='ocrx_word' id='word_1_31' title='bbox 1829 850 1877 887; x_wconf 85' lang='lat' dir='ltr'><strong><em>c.</em></strong></span> <span class='ocrx_word' id='word_1_32' title='bbox 1915 836 2029 888; x_wconf 77' lang='lat'>408.</span> 
     </span>
     <span class='ocr_line' id='line_1_6' title="bbox 445 916 2620 987; baseline 0.002 -22"><span class='ocrx_word' id='word_1_33' title='bbox 445 917 491 977; x_wconf 88' lang='grc'><strong><em>3)</em></strong></span> <span class='ocrx_word' id='word_1_34' title='bbox 529 928 578 964; x_wconf 81' lang='lat' dir='ltr'><strong><em>a.</em></strong></span> <span class='ocrx_word' id='word_1_35' title='bbox 617 930 669 965; x_wconf 93' lang='lat' dir='ltr'><strong><em>u.</em></strong></span> <span class='ocrx_word' id='word_1_36' title='bbox 710 928 758 965; x_wconf 85' lang='lat' dir='ltr'><strong><em>c.</em></strong></span> <span class='ocrx_word' id='word_1_37' title='bbox 797 916 909 965; x_wconf 77' lang='lat'>505.</span> <span class='ocrx_word' id='word_1_38' title='bbox 1571 919 1615 981; x_wconf 89' lang='lat'><strong><em>3)</em></strong></span> <span class='ocrx_word' id='word_1_39' title='bbox 1654 934 1702 969; x_wconf 81' lang='lat' dir='ltr'><strong><em>a.</em></strong></span> <span class='ocrx_word' id='word_1_40' title='bbox 1730 933 1783 970; x_wconf 90' lang='lat' dir='ltr'><strong><em>u.</em></strong></span> <span class='ocrx_word' id='word_1_41' title='bbox 1810 934 1856 971; x_wconf 84' lang='lat' dir='ltr'><strong><em>c.</em></strong></span> <span class='ocrx_word' id='word_1_42' title='bbox 1883 921 1998 971; x_wconf 73' lang='lat'>548.</span> <span class='ocrx_word' id='word_1_43' title='bbox 2027 922 2162 972; x_wconf 79' lang='lat' dir='ltr'><strong>Fast.</strong></span> <span class='ocrx_word' id='word_1_44' title='bbox 2190 921 2319 987; x_wconf 78' lang='lat' dir='ltr'><strong>Cap.</strong></span> <span class='ocrx_word' id='word_1_45' title='bbox 2348 922 2540 972; x_wconf 71' lang='lat' dir='ltr'>Baloeri</span> <span class='ocrx_word' id='word_1_46' title='bbox 2567 935 2620 986; x_wconf 88' lang='lat' dir='ltr'><strong><em>p.</em></strong></span> 
     </span>
     <span class='ocr_line' id='line_1_7' title="bbox 1643 1004 2621 1068; baseline 0 -15"><span class='ocrx_word' id='word_1_47' title='bbox 1643 1004 1821 1054; x_wconf 85' lang='lat' dir='ltr'>Lvm:</span> <span class='ocrx_word' id='word_1_48' title='bbox 1879 1005 2005 1054; x_wconf 65' lang='lat' dir='ltr'><strong><em>Ludi</em></strong></span> <span class='ocrx_word' id='word_1_49' title='bbox 2037 1005 2321 1055; x_wconf 75' lang='lat' dir='ltr'><strong><em>saeculares</em></strong></span> <span class='ocrx_word' id='word_1_50' title='bbox 2355 1004 2462 1068; x_wconf 79' lang='lat' dir='ltr'>(sic)</span> <span class='ocrx_word' id='word_1_51' title='bbox 2510 1009 2621 1055; x_wconf 73' lang='lat' dir='ltr'><strong><em>tert.</em></strong></span> 
     </span>
     <span class='ocr_line' id='line_1_8' title="bbox 448 1110 2628 1175; baseline 0.003 -16"><span class='ocrx_word' id='word_1_52' title='bbox 448 1110 477 1160; x_wconf 74' lang='lat'><strong>4</strong></span> <span class='ocrx_word' id='word_1_53' title='bbox 533 1124 578 1160; x_wconf 82' lang='lat' dir='ltr'><strong><em>a.</em></strong></span> <span class='ocrx_word' id='word_1_54' title='bbox 617 1125 670 1161; x_wconf 91' lang='lat' dir='ltr'><strong><em>u.</em></strong></span> <span class='ocrx_word' id='word_1_55' title='bbox 711 1125 759 1161; x_wconf 88' lang='lat' dir='ltr'><strong><em>c.</em></strong></span> <span class='ocrx_word' id='word_1_56' title='bbox 799 1112 912 1161; x_wconf 75' lang='lat'><strong>605.</strong></span> <span class='ocrx_word' id='word_1_57' title='bbox 953 1115 1309 1164; x_wconf 79' lang='lat' dir='ltr'>centenorum</span> <span class='ocrx_word' id='word_1_58' title='bbox 1346 1127 1508 1164; x_wconf 80' lang='lat' dir='ltr'>anno-</span> <span class='ocrx_word' id='word_1_59' title='bbox 1573 1113 1620 1175; x_wconf 71' lang='lat'><strong><em>4)</em></strong></span> <span class='ocrx_word' id='word_1_60' title='bbox 1658 1128 1705 1164; x_wconf 82' lang='lat' dir='ltr'><strong><em>a.</em></strong></span> <span class='ocrx_word' id='word_1_61' title='bbox 1743 1129 1796 1165; x_wconf 91' lang='lat' dir='ltr'><strong><em>u.</em></strong></span> <span class='ocrx_word' id='word_1_62' title='bbox 1835 1129 1881 1165; x_wconf 85' lang='grc' dir='ltr'><strong><em>ο.</em></strong></span> <span class='ocrx_word' id='word_1_63' title='bbox 1921 1115 2033 1166; x_wconf 74' lang='lat'><strong>628.</strong></span> <span class='ocrx_word' id='word_1_64' title='bbox 2074 1117 2426 1166; x_wconf 66' lang='lat' dir='ltr'>centenorum</span> <span class='ocrx_word' id='word_1_65' title='bbox 2460 1114 2628 1166; x_wconf 85' lang='lat' dir='ltr'>unde·</span> 
     </span>
     <span class='ocr_line' id='line_1_9' title="bbox 530 1191 2628 1268; baseline 0.002 -25"><span class='ocrx_word' id='word_1_66' title='bbox 530 1207 650 1244; x_wconf 77' lang='lat' dir='ltr'><strong><em>rum</em></strong></span> <span class='ocrx_word' id='word_1_67' title='bbox 697 1191 940 1265; x_wconf 77' lang='grc' dir='ltr'><strong><em>περιόδῳ</em></strong></span> <span class='ocrx_word' id='word_1_68' title='bbox 989 1195 1072 1246; x_wconf 83' lang='lat' dir='ltr'><strong><em>bis</em></strong></span> <span class='ocrx_word' id='word_1_69' title='bbox 1113 1199 1341 1246; x_wconf 73' lang='lat' dir='ltr'>servata.</span> <span class='ocrx_word' id='word_1_70' title='bbox 1384 1199 1501 1259; x_wconf 86' lang='lat' dir='ltr'>(Te-</span> <span class='ocrx_word' id='word_1_71' title='bbox 1651 1212 1845 1249; x_wconf 85' lang='lat' dir='ltr'>norum</span> <span class='ocrx_word' id='word_1_72' title='bbox 1868 1211 2131 1249; x_wconf 83' lang='lat' dir='ltr'>annorum</span> <span class='ocrx_word' id='word_1_73' title='bbox 2151 1194 2393 1268; x_wconf 84' lang='grc' dir='ltr'><strong><em>περιόδῳ</em></strong></span> <span class='ocrx_word' id='word_1_74' title='bbox 2413 1200 2494 1248; x_wconf 80' lang='lat' dir='ltr'><strong><em>ter</em></strong></span> <span class='ocrx_word' id='word_1_75' title='bbox 2510 1212 2628 1249; x_wconf 82' lang='lat' dir='ltr'>ser-</span> 
     </span>
     <span class='ocr_line' id='line_1_10' title="bbox 528 1276 2623 1346; baseline 0.001 -19"><span class='ocrx_word' id='word_1_76' title='bbox 528 1276 697 1328; x_wconf 83' lang='lat' dir='ltr'><strong>stibus</strong></span> <span class='ocrx_word' id='word_1_77' title='bbox 732 1282 912 1330; x_wconf 82' lang='lat' dir='ltr'>autem</span> <span class='ocrx_word' id='word_1_78' title='bbox 949 1280 1165 1337; x_wconf 84' lang='lat' dir='ltr'>Pisone,</span> <span class='ocrx_word' id='word_1_79' title='bbox 1206 1282 1300 1330; x_wconf 92' lang='lat' dir='ltr'><strong><em>Cn.</em></strong></span> <span class='ocrx_word' id='word_1_80' title='bbox 1340 1279 1502 1331; x_wconf 81' lang='lat' dir='ltr'>Gellio</span> <span class='ocrx_word' id='word_1_81' title='bbox 1655 1284 1774 1332; x_wconf 78' lang='lat' dir='ltr'><strong>vata</strong></span> <span class='ocrx_word' id='word_1_82' title='bbox 1826 1284 1879 1332; x_wconf 86' lang='lat' dir='ltr'><strong><em>et</em></strong></span> <span class='ocrx_word' id='word_1_83' title='bbox 1929 1296 1991 1332; x_wconf 78' lang='lat' dir='ltr'><strong><em>ea</em></strong></span> <span class='ocrx_word' id='word_1_84' title='bbox 2033 1282 2253 1345; x_wconf 86' lang='lat' dir='ltr'>quidem</span> <span class='ocrx_word' id='word_1_85' title='bbox 2294 1284 2623 1346; x_wconf 77' lang='lat' dir='ltr'>congruente</span> 
     </span>
     <span class='ocr_line' id='line_1_11' title="bbox 529 1363 2673 1429; baseline 0.002 -19"><span class='ocrx_word' id='word_1_86' title='bbox 529 1363 581 1410; x_wconf 84' lang='lat' dir='ltr'><strong><em>et</em></strong></span> <span class='ocrx_word' id='word_1_87' title='bbox 618 1363 865 1413; x_wconf 78' lang='lat' dir='ltr'>Hemina:</span> <span class='ocrx_word' id='word_1_88' title='bbox 906 1377 953 1413; x_wconf 77' lang='lat' dir='ltr'><strong><em>a.</em></strong></span> <span class='ocrx_word' id='word_1_89' title='bbox 994 1377 1045 1413; x_wconf 89' lang='lat' dir='ltr'><strong><em>u.</em></strong></span> <span class='ocrx_word' id='word_1_90' title='bbox 1084 1377 1130 1413; x_wconf 86' lang='grc' dir='ltr'><strong><em>ο.</em></strong></span> <span class='ocrx_word' id='word_1_91' title='bbox 1170 1363 1301 1427; x_wconf 53' lang='grc' dir='ltr'><strong><em>608.)Ι</em></strong></span> <span class='ocrx_word' id='word_1_92' title='bbox 1651 1379 1776 1416; x_wconf 88' lang='lat' dir='ltr'><strong><em>cum</em></strong></span> <span class='ocrx_word' id='word_1_93' title='bbox 1815 1367 2034 1429; x_wconf 80' lang='lat' dir='ltr'>Augusti</span> <span class='ocrx_word' id='word_1_94' title='bbox 2068 1364 2206 1416; x_wconf 83' lang='lat' dir='ltr'><strong>ludis</strong></span> <span class='ocrx_word' id='word_1_95' title='bbox 2242 1364 2588 1417; x_wconf 84' lang='lat' dir='ltr'>secularibus.</span> <span class='ocrx_word' id='word_1_96' title='bbox 2662 1373 2673 1382; x_wconf 88' lang='lat'>·</span> 
     </span>
    </p>
   </div>
   <div class='ocr_carea' id='block_1_5' title="bbox 1567 1449 2629 1597">
    <p class='ocr_par' dir='ltr' id='par_1_5' title="bbox 1567 1449 2629 1597">
     <span class='ocr_line' id='line_1_12' title="bbox 1567 1449 2629 1514; baseline -0.001 -16"><span class='ocrx_word' id='word_1_97' title='bbox 1567 1451 1611 1507; x_wconf 79' lang='grc'><strong><em>5)</em></strong></span> <span class='ocrx_word' id='word_1_98' title='bbox 1652 1463 1700 1498; x_wconf 83' lang='lat' dir='ltr'><strong><em>a.</em></strong></span> <span class='ocrx_word' id='word_1_99' title='bbox 1738 1462 1789 1498; x_wconf 91' lang='lat' dir='ltr'><strong><em>u.</em></strong></span> <span class='ocrx_word' id='word_1_100' title='bbox 1831 1463 1877 1500; x_wconf 85' lang='grc' dir='ltr'><strong><em>ο.</em></strong></span> <span class='ocrx_word' id='word_1_101' title='bbox 1916 1449 2028 1499; x_wconf 89' lang='grc'><strong>737.</strong></span> <span class='ocrx_word' id='word_1_102' title='bbox 2085 1451 2221 1500; x_wconf 80' lang='lat' dir='ltr'><strong>Fast.</strong></span> <span class='ocrx_word' id='word_1_103' title='bbox 2261 1451 2391 1514; x_wconf 84' lang='lat' dir='ltr'><strong>Cap.</strong></span> <span class='ocrx_word' id='word_1_104' title='bbox 2432 1449 2629 1500; x_wconf 83' lang='lat' dir='ltr'>Baiteri</span> 
     </span>
     <span class='ocr_line' id='line_1_13' title="bbox 1646 1533 2624 1597; baseline -0.001 -16"><span class='ocrx_word' id='word_1_105' title='bbox 1646 1546 1699 1597; x_wconf 88' lang='lat' dir='ltr'><strong><em>p.</em></strong></span> <span class='ocrx_word' id='word_1_106' title='bbox 1735 1534 1907 1584; x_wconf 83' lang='lat' dir='ltr'><strong>LVIII:</strong></span> <span class='ocrx_word' id='word_1_107' title='bbox 1945 1534 2073 1583; x_wconf 70' lang='lat' dir='ltr'><em>Ludo·</em></span> <span class='ocrx_word' id='word_1_108' title='bbox 2110 1533 2390 1585; x_wconf 72' lang='lat' dir='ltr'><strong><em>saeculares</em></strong></span> <span class='ocrx_word' id='word_1_109' title='bbox 2439 1533 2624 1595; x_wconf 61' lang='grc' dir='ltr'><strong><em>ρωποι.</em></strong></span> 
     </span>
    </p>
   </div>
   <div class='ocr_carea' id='block_1_6' title="bbox 1461 1868 1625 1945">
    <p class='ocr_par' dir='ltr' id='par_1_6' title="bbox 1461 1868 1625 1945">
     <span class='ocr_line' id='line_1_14' title="bbox 1461 1868 1625 1945; baseline -0.012 1"><span class='ocrx_word' id='word_1_110' title='bbox 1461 1868 1625 1945; x_wconf 79' lang='lat'><strong><em>11.</em></strong></span> 
     </span>
    </p>
   </div>
   <div class='ocr_carea' id='block_1_7' title="bbox 1055 2023 2022 2083">
    <p class='ocr_par' dir='ltr' id='par_1_7' title="bbox 1055 2023 2022 2083">
     <span class='ocr_line' id='line_1_15' title="bbox 1055 2023 2022 2083; baseline -0.001 -1"><span class='ocrx_word' id='word_1_111' title='bbox 1055 2023 1455 2082; x_wconf 78' lang='lat' dir='ltr'>zosnms</span> <span class='ocrx_word' id='word_1_112' title='bbox 1496 2023 1671 2082; x_wconf 74' lang='lat' dir='ltr'><strong><em>Lm.</em></strong></span> <span class='ocrx_word' id='word_1_113' title='bbox 1709 2025 1800 2082; x_wconf 86' lang='lat'><strong><em>11.</em></strong></span> <span class='ocrx_word' id='word_1_114' title='bbox 1844 2025 2022 2083; x_wconf 63' lang='lat' dir='ltr'><strong>(LV.</strong></span> 
     </span>
    </p>
   </div>
   <div class='ocr_carea' id='block_1_8' title="bbox 455 2147 2645 4318">
    <p class='ocr_par' dir='ltr' id='par_1_8' title="bbox 455 2147 2645 4318">
     <span class='ocr_line' id='line_1_16' title="bbox 594 2147 2635 2228; baseline 0.001 -24"><span class='ocrx_word' id='word_1_115' title='bbox 594 2152 873 2218; x_wconf 85' lang='grc' dir='ltr'><strong><em>Τοιοῦτος</em></strong></span> <span class='ocrx_word' id='word_1_116' title='bbox 906 2154 969 2206; x_wconf 87' lang='grc' dir='ltr'><strong><em>δέ</em></strong></span> <span class='ocrx_word' id='word_1_117' title='bbox 1004 2170 1088 2218; x_wconf 86' lang='grc' dir='ltr'><strong><em>τις</em></strong></span> <span class='ocrx_word' id='word_1_118' title='bbox 1124 2150 1158 2204; x_wconf 88' lang='grc' dir='ltr'><em>ὁ</em></span> <span class='ocrx_word' id='word_1_119' title='bbox 1193 2151 1409 2225; x_wconf 90' lang='grc' dir='ltr'><strong><em>τρόπος</em></strong></span> <span class='ocrx_word' id='word_1_120' title='bbox 1442 2147 1872 2227; x_wconf 81' lang='grc' dir='ltr'><strong><em>ἀναγέγραπται</em></strong></span> <span class='ocrx_word' id='word_1_121' title='bbox 1905 2150 2008 2221; x_wconf 88' lang='grc' dir='ltr'><strong><em>τῆς</em></strong></span> <span class='ocrx_word' id='word_1_122' title='bbox 2029 2155 2251 2228; x_wconf 73' lang='grc' dir='ltr'><strong><em>ἑορτῆς.</em></strong></span> <span class='ocrx_word' id='word_1_123' title='bbox 2308 2151 2635 2227; x_wconf 80' lang='grc' dir='ltr'><strong><em>Περιῖόντες</em></strong></span> 
     </span>
     <span class='ocr_line' id='line_1_17' title="bbox 464 2233 2636 2308; baseline 0 -23"><span class='ocrx_word' id='word_1_124' title='bbox 464 2238 525 2286; x_wconf 84' lang='grc' dir='ltr'><strong><em>οἱ</em></strong></span> <span class='ocrx_word' id='word_1_125' title='bbox 574 2235 821 2308; x_wconf 88' lang='grc' dir='ltr'><strong><em>κήρυκες</em></strong></span> <span class='ocrx_word' id='word_1_126' title='bbox 865 2240 943 2301; x_wconf 79' lang='grc' dir='ltr'><strong><em>εἰς</em></strong></span> <span class='ocrx_word' id='word_1_127' title='bbox 980 2234 1085 2303; x_wconf 80' lang='grc' dir='ltr'><strong><em>τὴν</em></strong></span> <span class='ocrx_word' id='word_1_128' title='bbox 1117 2234 1326 2308; x_wconf 81' lang='grc' dir='ltr'><strong><em>ἑορτὴν</em></strong></span> <span class='ocrx_word' id='word_1_129' title='bbox 1359 2239 1621 2289; x_wconf 77' lang='grc' dir='ltr'><strong><em>συνιέναι</em></strong></span> <span class='ocrx_word' id='word_1_130' title='bbox 1656 2235 1875 2301; x_wconf 86' lang='grc' dir='ltr'><strong><em>πάντας</em></strong></span> <span class='ocrx_word' id='word_1_131' title='bbox 1908 2238 2174 2290; x_wconf 81' lang='grc' dir='ltr'><strong><em>ἐκέλευον</em></strong></span> <span class='ocrx_word' id='word_1_132' title='bbox 2205 2238 2300 2291; x_wconf 80' lang='grc' dir='ltr'><strong><em>ἐπὶ</em></strong></span> <span class='ocrx_word' id='word_1_133' title='bbox 2330 2240 2503 2301; x_wconf 83' lang='grc' dir='ltr'><strong><em>θέαν,</em></strong></span> <span class='ocrx_word' id='word_1_134' title='bbox 2564 2233 2636 2303; x_wconf 81' lang='grc' dir='ltr'><strong><em>ἢν</em></strong></span> 
     </span>
     <span class='ocr_line' id='line_1_18' title="bbox 459 2312 2635 2393; baseline 0 -24"><span class='ocrx_word' id='word_1_135' title='bbox 459 2313 597 2371; x_wconf 81' lang='grc' dir='ltr'><strong><em>οῦτε</em></strong></span> <span class='ocrx_word' id='word_1_136' title='bbox 631 2318 910 2391; x_wconf 88' lang='grc' dir='ltr'><strong><em>πρότερον</em></strong></span> <span class='ocrx_word' id='word_1_137' title='bbox 945 2316 1117 2382; x_wconf 70' lang='grc' dir='ltr'><strong><em>εἶδον,</em></strong></span> <span class='ocrx_word' id='word_1_138' title='bbox 1155 2315 1288 2373; x_wconf 67' lang='grc' dir='ltr'><strong><em>οὔτε</em></strong></span> <span class='ocrx_word' id='word_1_139' title='bbox 1314 2316 1462 2385; x_wconf 85' lang='grc' dir='ltr'><strong><em>μετὰ</em></strong></span> <span class='ocrx_word' id='word_1_140' title='bbox 1484 2317 1668 2372; x_wconf 88' lang='grc' dir='ltr'><strong><em>ταῦτα</em></strong></span> <span class='ocrx_word' id='word_1_141' title='bbox 1687 2318 2019 2372; x_wconf 88' lang='grc' dir='ltr'><strong><em>θεάσονται.</em></strong></span> <span class='ocrx_word' id='word_1_142' title='bbox 2077 2317 2242 2374; x_wconf 84' lang='grc' dir='ltr'><strong><em>Κατὰ</em></strong></span> <span class='ocrx_word' id='word_1_143' title='bbox 2262 2319 2324 2372; x_wconf 79' lang='grc' dir='ltr'><strong><em>δὲ</em></strong></span> <span class='ocrx_word' id='word_1_144' title='bbox 2349 2317 2455 2386; x_wconf 85' lang='grc' dir='ltr'><strong><em>τὴν</em></strong></span> <span class='ocrx_word' id='word_1_145' title='bbox 2478 2312 2635 2393; x_wconf 76' lang='grc' dir='ltr'><strong><em>ὥραν</em></strong></span> 
     </span>
     <span class='ocr_line' id='line_1_19' title="bbox 457 2398 2631 2475; baseline -0 -21"><span class='ocrx_word' id='word_1_146' title='bbox 457 2401 562 2455; x_wconf 87' lang='grc' dir='ltr'><strong><em>τοῦ</em></strong></span> <span class='ocrx_word' id='word_1_147' title='bbox 596 2404 839 2474; x_wconf 86' lang='grc' dir='ltr'><strong><em>θέρους,</em></strong></span> <span class='ocrx_word' id='word_1_148' title='bbox 879 2400 990 2474; x_wconf 85' lang='grc' dir='ltr'><strong><em>πρὸ</em></strong></span> <span class='ocrx_word' id='word_1_149' title='bbox 1032 2400 1263 2475; x_wconf 78' lang='grc' dir='ltr'><strong><em>ἡμερῶν</em></strong></span> <span class='ocrx_word' id='word_1_150' title='bbox 1298 2398 1506 2470; x_wconf 77' lang='grc' dir='ltr'><em>ὀλίγων</em></span> <span class='ocrx_word' id='word_1_151' title='bbox 1543 2401 1650 2455; x_wconf 89' lang='grc' dir='ltr'><strong><em>τοῦ</em></strong></span> <span class='ocrx_word' id='word_1_152' title='bbox 1684 2400 1792 2469; x_wconf 83' lang='grc' dir='ltr'><strong><em>τὴν</em></strong></span> <span class='ocrx_word' id='word_1_153' title='bbox 1826 2405 2075 2475; x_wconf 75' lang='grc' dir='ltr'><strong><em>θεωρίαν</em></strong></span> <span class='ocrx_word' id='word_1_154' title='bbox 2107 2399 2397 2470; x_wconf 80' lang='grc' dir='ltr'><strong><em>ἀχθῆναι,</em></strong></span> <span class='ocrx_word' id='word_1_155' title='bbox 2456 2404 2517 2454; x_wconf 83' lang='grc' dir='ltr'><strong><em>ἐν</em></strong></span> <span class='ocrx_word' id='word_1_156' title='bbox 2550 2398 2631 2469; x_wconf 78' lang='grc' dir='ltr'><strong><em>τῷ</em></strong></span> 
     </span>
     <span class='ocr_line' id='line_1_20' title="bbox 457 2479 2637 2557; baseline -0.002 -16"><span class='ocrx_word' id='word_1_157' title='bbox 457 2487 805 2554; x_wconf 78' lang='grc' dir='ltr'><strong><em>Καπετωλίῳ</em></strong></span> <span class='ocrx_word' id='word_1_158' title='bbox 840 2489 938 2539; x_wconf 81' lang='grc' dir='ltr'><strong><em>καὶ</em></strong></span> <span class='ocrx_word' id='word_1_159' title='bbox 973 2487 1034 2539; x_wconf 83' lang='grc' dir='ltr'><strong><em>έν</em></strong></span> <span class='ocrx_word' id='word_1_160' title='bbox 1068 2484 1146 2555; x_wconf 78' lang='grc' dir='ltr'><strong><em>τῷ</em></strong></span> <span class='ocrx_word' id='word_1_161' title='bbox 1182 2484 1290 2555; x_wconf 78' lang='grc' dir='ltr'><strong><em>νεῷ</em></strong></span> <span class='ocrx_word' id='word_1_162' title='bbox 1323 2486 1402 2555; x_wconf 79' lang='grc' dir='ltr'><strong><em>τῷ</em></strong></span> <span class='ocrx_word' id='word_1_163' title='bbox 1439 2486 1588 2539; x_wconf 87' lang='grc' dir='ltr'><strong><em>κατὰ</em></strong></span> <span class='ocrx_word' id='word_1_164' title='bbox 1622 2484 1690 2539; x_wconf 86' lang='grc' dir='ltr'><strong><em>τὸ</em></strong></span> <span class='ocrx_word' id='word_1_165' title='bbox 1710 2484 2006 2540; x_wconf 83' lang='grc' dir='ltr'><strong><em>Παλάτιον</em></strong></span> <span class='ocrx_word' id='word_1_166' title='bbox 2029 2489 2090 2539; x_wconf 79' lang='grc' dir='ltr'><strong><em>οἱ</em></strong></span> <span class='ocrx_word' id='word_1_167' title='bbox 2109 2486 2414 2539; x_wconf 85' lang='grc' dir='ltr'><strong><em>δεκαπέντε</em></strong></span> <span class='ocrx_word' id='word_1_168' title='bbox 2434 2479 2637 2557; x_wconf 74' lang='grc' dir='ltr'><strong><em>ἄνδρες</em></strong></span> 
     </span>
     <span class='ocr_line' id='line_1_21' title="bbox 462 2566 2638 2642; baseline -0.002 -17"><span class='ocrx_word' id='word_1_169' title='bbox 462 2574 557 2625; x_wconf 81' lang='grc' dir='ltr'><strong><em>ἐπὶ</em></strong></span> <span class='ocrx_word' id='word_1_170' title='bbox 597 2569 869 2639; x_wconf 82' lang='grc' dir='ltr'><strong><em>βήματος</em></strong></span> <span class='ocrx_word' id='word_1_171' title='bbox 911 2569 1240 2637; x_wconf 86' lang='grc' dir='ltr'><strong><em>καθήμενοι</em></strong></span> <span class='ocrx_word' id='word_1_172' title='bbox 1281 2568 1358 2640; x_wconf 81' lang='grc' dir='ltr'><strong><em>τῷ</em></strong></span> <span class='ocrx_word' id='word_1_173' title='bbox 1395 2569 1562 2639; x_wconf 84' lang='grc' dir='ltr'><strong><em>δήμῳ</em></strong></span> <span class='ocrx_word' id='word_1_174' title='bbox 1595 2569 1936 2638; x_wconf 79' lang='grc' dir='ltr'><strong><em>διανέμουσι</em></strong></span> <span class='ocrx_word' id='word_1_175' title='bbox 1967 2568 2040 2623; x_wconf 90' lang='grc' dir='ltr'><strong><em>τὰ</em></strong></span> <span class='ocrx_word' id='word_1_176' title='bbox 2075 2568 2394 2642; x_wconf 73' lang='grc' dir='ltr'><strong><em>καθάρσια·</em></strong></span> <span class='ocrx_word' id='word_1_177' title='bbox 2453 2566 2638 2622; x_wconf 88' lang='grc' dir='ltr'><strong><em>ταῦτα</em></strong></span> 
     </span>
     <span class='ocr_line' id='line_1_22' title="bbox 458 2649 2636 2723; baseline -0 -16"><span class='ocrx_word' id='word_1_178' title='bbox 458 2656 522 2709; x_wconf 89' lang='grc' dir='ltr'><strong><em>δέ</em></strong></span> <span class='ocrx_word' id='word_1_179' title='bbox 569 2655 691 2708; x_wconf 81' lang='grc' dir='ltr'><strong><em>ἐστι</em></strong></span> <span class='ocrx_word' id='word_1_180' title='bbox 726 2653 893 2723; x_wconf 82' lang='grc' dir='ltr'><strong><em>δᾷδες</em></strong></span> <span class='ocrx_word' id='word_1_181' title='bbox 926 2656 1026 2706; x_wconf 86' lang='grc' dir='ltr'><strong><em>καὶ</em></strong></span> <span class='ocrx_word' id='word_1_182' title='bbox 1059 2656 1222 2706; x_wconf 86' lang='grc' dir='ltr'><strong><em>θεῖον</em></strong></span> <span class='ocrx_word' id='word_1_183' title='bbox 1254 2656 1354 2707; x_wconf 79' lang='grc' dir='ltr'><strong><em>καὶ</em></strong></span> <span class='ocrx_word' id='word_1_184' title='bbox 1387 2649 1722 2719; x_wconf 71' lang='grc' dir='ltr'><strong><em>ἄσφαλτος·</em></strong></span> <span class='ocrx_word' id='word_1_185' title='bbox 1781 2654 1979 2707; x_wconf 90' lang='grc' dir='ltr'><strong><em>δοῦλοι</em></strong></span> <span class='ocrx_word' id='word_1_186' title='bbox 2013 2654 2077 2707; x_wconf 78' lang='grc' dir='ltr'><strong><em>δὲ</em></strong></span> <span class='ocrx_word' id='word_1_187' title='bbox 2109 2652 2331 2707; x_wconf 90' lang='grc' dir='ltr'><strong><em>τούτων</em></strong></span> <span class='ocrx_word' id='word_1_188' title='bbox 2365 2649 2435 2707; x_wconf 85' lang='grc' dir='ltr'><strong><em>ού</em></strong></span> <span class='ocrx_word' id='word_1_189' title='bbox 2469 2655 2636 2719; x_wconf 83' lang='grc' dir='ltr'><strong><em>μετέ-</em></strong></span> 
     </span>
     <span class='ocr_line' id='line_1_23' title="bbox 459 2733 2638 2810; baseline -0.002 -18"><span class='ocrx_word' id='word_1_190' title='bbox 459 2755 697 2802; x_wconf 86' lang='grc' dir='ltr'><strong><em>χουσιν,</em></strong></span> <span class='ocrx_word' id='word_1_191' title='bbox 755 2735 904 2789; x_wconf 80' lang='grc' dir='ltr'><strong><em>ἀλλὰ</em></strong></span> <span class='ocrx_word' id='word_1_192' title='bbox 938 2735 1231 2810; x_wconf 84' lang='grc' dir='ltr'><strong><em>ἐλεύθεροι</em></strong></span> <span class='ocrx_word' id='word_1_193' title='bbox 1263 2736 1458 2804; x_wconf 88' lang='grc' dir='ltr'><strong><em>μόνοι.</em></strong></span> <span class='ocrx_word' id='word_1_194' title='bbox 1532 2737 1926 2802; x_wconf 77' lang='grc' dir='ltr'><strong><em>Συνελθόντος</em></strong></span> <span class='ocrx_word' id='word_1_195' title='bbox 1958 2737 2021 2790; x_wconf 80' lang='grc' dir='ltr'><strong><em>δὲ</em></strong></span> <span class='ocrx_word' id='word_1_196' title='bbox 2054 2734 2157 2789; x_wconf 89' lang='grc' dir='ltr'><strong><em>τοῦ</em></strong></span> <span class='ocrx_word' id='word_1_197' title='bbox 2192 2735 2385 2805; x_wconf 85' lang='grc' dir='ltr'><strong><em>δήμου</em></strong></span> <span class='ocrx_word' id='word_1_198' title='bbox 2421 2733 2638 2800; x_wconf 88' lang='grc' dir='ltr'><strong><em>παντὸς</em></strong></span> 
     </span>
     <span class='ocr_line' id='line_1_24' title="bbox 458 2815 2633 2894; baseline -0.001 -20"><span class='ocrx_word' id='word_1_199' title='bbox 458 2818 522 2874; x_wconf 68' lang='lat'><strong><em>2¹22</em></strong></span> <span class='ocrx_word' id='word_1_200' title='bbox 562 2838 625 2875; x_wconf 84' lang='grc' dir='ltr'><strong><em>τε</em></strong></span> <span class='ocrx_word' id='word_1_201' title='bbox 675 2829 798 2887; x_wconf 86' lang='grc' dir='ltr'><strong><em>τοῖς</em></strong></span> <span class='ocrx_word' id='word_1_202' title='bbox 831 2818 1066 2893; x_wconf 80' lang='grc' dir='ltr'><strong><em>ῥηθεῖσι</em></strong></span> <span class='ocrx_word' id='word_1_203' title='bbox 1098 2819 1301 2886; x_wconf 79' lang='grc' dir='ltr'><strong><em>τόποις</em></strong></span> <span class='ocrx_word' id='word_1_204' title='bbox 1334 2824 1432 2874; x_wconf 80' lang='grc' dir='ltr'><strong><em>καὶ</em></strong></span> <span class='ocrx_word' id='word_1_205' title='bbox 1465 2821 1529 2873; x_wconf 76' lang='grc' dir='ltr'><strong><em>ἐν</em></strong></span> <span class='ocrx_word' id='word_1_206' title='bbox 1560 2820 1641 2889; x_wconf 74' lang='grc' dir='ltr'><strong><em>τῷ·</em></strong></span> <span class='ocrx_word' id='word_1_207' title='bbox 1678 2822 1809 2893; x_wconf 76' lang='grc' dir='ltr'><strong><em>ἱερῷ</em></strong></span> <span class='ocrx_word' id='word_1_208' title='bbox 1843 2822 1950 2889; x_wconf 83' lang='grc' dir='ltr'><strong><em>τῆς</em></strong></span> <span class='ocrx_word' id='word_1_209' title='bbox 1977 2816 2324 2894; x_wconf 76' lang='grc' dir='ltr'><strong><em>Ἀρτέμιδος,</em></strong></span> <span class='ocrx_word' id='word_1_210' title='bbox 2384 2815 2421 2871; x_wconf 86' lang='grc' dir='ltr'>ὃ</span> <span class='ocrx_word' id='word_1_211' title='bbox 2455 2820 2519 2872; x_wconf 83' lang='grc' dir='ltr'><strong><em>έν</em></strong></span> <span class='ocrx_word' id='word_1_212' title='bbox 2552 2815 2633 2889; x_wconf 74' lang='grc' dir='ltr'><strong><em>τῷ</em></strong></span> 
     </span>
     <span class='ocr_line' id='line_1_25' title="bbox 455 2899 2639 2978; baseline -0.001 -19"><span class='ocrx_word' id='word_1_213' title='bbox 455 2903 783 2974; x_wconf 80' lang='grc' dir='ltr'><strong><em>Ἀουεντίνῳ</em></strong></span> <span class='ocrx_word' id='word_1_214' title='bbox 826 2903 993 2973; x_wconf 82' lang='grc' dir='ltr'><strong><em>λόφῳ</em></strong></span> <span class='ocrx_word' id='word_1_215' title='bbox 1042 2904 1411 2978; x_wconf 77' lang='grc' dir='ltr'><strong><em>καθίδρυται,</em></strong></span> <span class='ocrx_word' id='word_1_216' title='bbox 1469 2910 1637 2957; x_wconf 85' lang='grc' dir='ltr'><strong><em>σῖτον</em></strong></span> <span class='ocrx_word' id='word_1_217' title='bbox 1685 2907 1785 2956; x_wconf 78' lang='grc' dir='ltr'><strong><em>καὶ</em></strong></span> <span class='ocrx_word' id='word_1_218' title='bbox 1817 2902 2026 2977; x_wconf 79' lang='grc' dir='ltr'><strong><em>κριθὴν</em></strong></span> <span class='ocrx_word' id='word_1_219' title='bbox 2060 2899 2306 2969; x_wconf 80' lang='grc' dir='ltr'><strong><em>ἕκαστος</em></strong></span> <span class='ocrx_word' id='word_1_220' title='bbox 2338 2908 2503 2977; x_wconf 81' lang='grc' dir='ltr'><strong><em>φέρει</em></strong></span> <span class='ocrx_word' id='word_1_221' title='bbox 2536 2904 2639 2956; x_wconf 77' lang='grc' dir='ltr'><strong><em>καὶ</em></strong></span> 
     </span>
     <span class='ocr_line' id='line_1_26' title="bbox 461 2982 2637 3060; baseline -0.001 -18"><span class='ocrx_word' id='word_1_222' title='bbox 461 2988 708 3057; x_wconf 81' lang='grc' dir='ltr'><strong><em>κύαμον.</em></strong></span> <span class='ocrx_word' id='word_1_223' title='bbox 769 2990 893 3054; x_wconf 79' lang='lat' dir='ltr'><strong>(Cfr.</strong></span> <span class='ocrx_word' id='word_1_224' title='bbox 943 2989 1124 3054; x_wconf 83' lang='lat' dir='ltr'><strong>Sibyll.</strong></span> <span class='ocrx_word' id='word_1_225' title='bbox 1161 3004 1212 3040; x_wconf 83' lang='lat' dir='ltr'><strong><em>v.</em></strong></span> <span class='ocrx_word' id='word_1_226' title='bbox 1260 2991 1363 3053; x_wconf 76' lang='grc'><strong>27.)</strong></span> <span class='ocrx_word' id='word_1_227' title='bbox 1418 2989 1532 3042; x_wconf 79' lang='grc' dir='ltr'><strong><em>Καὶ</em></strong></span> <span class='ocrx_word' id='word_1_228' title='bbox 1572 2994 1702 3052; x_wconf 81' lang='grc' dir='ltr'><strong><em>ταῖς</em></strong></span> <span class='ocrx_word' id='word_1_229' title='bbox 1746 2989 1991 3060; x_wconf 87' lang='grc' dir='ltr'><strong><em>Μοίραις</em></strong></span> <span class='ocrx_word' id='word_1_230' title='bbox 2033 2982 2252 3057; x_wconf 72' lang='grc' dir='ltr'><strong><em>ἄγουσι</em></strong></span> <span class='ocrx_word' id='word_1_231' title='bbox 2285 2986 2637 3051; x_wconf 81' lang='grc' dir='ltr'><strong><em>παννυχίδας</em></strong></span> 
     </span>
     <span class='ocr_line' id='line_1_27' title="bbox 460 3066 2636 3145; baseline -0.001 -20"><span class='ocrx_word' id='word_1_232' title='bbox 460 3072 608 3141; x_wconf 87' lang='grc' dir='ltr'><strong><em>μετὰ</em></strong></span> <span class='ocrx_word' id='word_1_233' title='bbox 640 3071 999 3140; x_wconf 88' lang='grc' dir='ltr'><strong><em>σεμνότητος</em></strong></span> <span class='ocrx_word' id='word_1_234' title='bbox 1033 3072 1095 3125; x_wconf 81' lang='grc' dir='ltr'><strong><em>ἐν</em></strong></span> <span class='ocrx_word' id='word_1_235' title='bbox 1131 3072 1317 3139; x_wconf 82' lang='grc' dir='ltr'><strong><em>(ἐννέα</em></strong></span> <span class='ocrx_word' id='word_1_236' title='bbox 1350 3073 1579 3138; x_wconf 77' lang='lat' dir='ltr'>Heyne.)</span> <span class='ocrx_word' id='word_1_237' title='bbox 1602 3069 1782 3137; x_wconf 80' lang='grc' dir='ltr'><strong><em>νυξίν.</em></strong></span> <span class='ocrx_word' id='word_1_238' title='bbox 1831 3066 2184 3136; x_wconf 83' lang='grc' dir='ltr'><strong><em>Ἔνστάντος</em></strong></span> <span class='ocrx_word' id='word_1_239' title='bbox 2206 3071 2269 3125; x_wconf 77' lang='grc' dir='ltr'><strong><em>δὲ</em></strong></span> <span class='ocrx_word' id='word_1_240' title='bbox 2291 3070 2394 3126; x_wconf 91' lang='grc' dir='ltr'><strong><em>τοῦ</em></strong></span> <span class='ocrx_word' id='word_1_241' title='bbox 2418 3070 2636 3145; x_wconf 86' lang='grc' dir='ltr'><strong><em>χρόνου</em></strong></span> 
     </span>
     <span class='ocr_line' id='line_1_28' title="bbox 462 3149 2634 3230; baseline -0.001 -20"><span class='ocrx_word' id='word_1_242' title='bbox 462 3154 565 3226; x_wconf 80' lang='grc' dir='ltr'><strong><em>τῆς</em></strong></span> <span class='ocrx_word' id='word_1_243' title='bbox 600 3157 824 3230; x_wconf 82' lang='grc' dir='ltr'><strong><em>ἑορτῆς,</em></strong></span> <span class='ocrx_word' id='word_1_244' title='bbox 862 3155 935 3225; x_wconf 79' lang='grc' dir='ltr'><strong><em>ἢν</em></strong></span> <span class='ocrx_word' id='word_1_245' title='bbox 969 3158 1031 3210; x_wconf 79' lang='grc' dir='ltr'><strong><em>ἐν</em></strong></span> <span class='ocrx_word' id='word_1_246' title='bbox 1062 3158 1247 3229; x_wconf 81' lang='grc' dir='ltr'><strong><em>τρισὶν</em></strong></span> <span class='ocrx_word' id='word_1_247' title='bbox 1277 3152 1522 3227; x_wconf 81' lang='grc' dir='ltr'><strong><em>ἡμέραις</em></strong></span> <span class='ocrx_word' id='word_1_248' title='bbox 1555 3156 1619 3209; x_wconf 78' lang='grc' dir='ltr'><strong><em>ἐν</em></strong></span> <span class='ocrx_word' id='word_1_249' title='bbox 1638 3154 1717 3223; x_wconf 80' lang='grc' dir='ltr'><strong><em>τῷ</em></strong></span> <span class='ocrx_word' id='word_1_250' title='bbox 1742 3149 2068 3228; x_wconf 62' lang='grc' dir='ltr'><strong><em>τοῦἌρεως</em></strong></span> <span class='ocrx_word' id='word_1_251' title='bbox 2092 3154 2417 3209; x_wconf 81' lang='grc' dir='ltr'><strong><em>ἐπιτελοῦσι</em></strong></span> <span class='ocrx_word' id='word_1_252' title='bbox 2441 3155 2634 3225; x_wconf 83' lang='grc' dir='ltr'><strong><em>πεδίῳ,</em></strong></span> 
     </span>
     <span class='ocr_line' id='line_1_29' title="bbox 462 3236 2637 3313; baseline -0.001 -19"><span class='ocrx_word' id='word_1_253' title='bbox 462 3245 561 3294; x_wconf 82' lang='grc' dir='ltr'><strong><em>καὶ</em></strong></span> <span class='ocrx_word' id='word_1_254' title='bbox 593 3248 720 3306; x_wconf 86' lang='grc' dir='ltr'><strong><em>ταῖς</em></strong></span> <span class='ocrx_word' id='word_1_255' title='bbox 755 3241 911 3305; x_wconf 74' lang='grc' dir='ltr'><strong><em>ἴσαις</em></strong></span> <span class='ocrx_word' id='word_1_256' title='bbox 942 3238 1096 3306; x_wconf 79' lang='grc' dir='ltr'><strong><em>νυξί,</em></strong></span> <span class='ocrx_word' id='word_1_257' title='bbox 1132 3237 1479 3313; x_wconf 88' lang='grc' dir='ltr'><strong><em>καθιεροῦτο</em></strong></span> <span class='ocrx_word' id='word_1_258' title='bbox 1511 3236 1585 3291; x_wconf 80' lang='grc' dir='ltr'><strong><em>τὰ</em></strong></span> <span class='ocrx_word' id='word_1_259' title='bbox 1619 3239 1940 3307; x_wconf 78' lang='grc' dir='ltr'><strong><em>τελούμενα</em></strong></span> <span class='ocrx_word' id='word_1_260' title='bbox 1972 3239 2129 3313; x_wconf 84' lang='grc' dir='ltr'><strong><em>παρὰ</em></strong></span> <span class='ocrx_word' id='word_1_261' title='bbox 2163 3237 2271 3309; x_wconf 82' lang='grc' dir='ltr'><strong><em>τὴν</em></strong></span> <span class='ocrx_word' id='word_1_262' title='bbox 2306 3236 2496 3307; x_wconf 80' lang='grc' dir='ltr'><strong><em>ὄχθην</em></strong></span> <span class='ocrx_word' id='word_1_263' title='bbox 2530 3237 2637 3292; x_wconf 92' lang='grc' dir='ltr'><strong><em>τοῦ</em></strong></span> 
     </span>
     <span class='ocr_line' id='line_1_30' title="bbox 464 3318 2639 3397; baseline -0.003 -18"><span class='ocrx_word' id='word_1_264' title='bbox 464 3322 793 3397; x_wconf 86' lang='grc' dir='ltr'><strong><em>Θύμβριδος</em></strong></span> <span class='ocrx_word' id='word_1_265' title='bbox 826 3326 887 3377; x_wconf 82' lang='grc' dir='ltr'><strong><em>ἐν</em></strong></span> <span class='ocrx_word' id='word_1_266' title='bbox 921 3323 999 3393; x_wconf 78' lang='grc' dir='ltr'><strong><em>τῷ</em></strong></span> <span class='ocrx_word' id='word_1_267' title='bbox 1036 3322 1303 3397; x_wconf 84' lang='grc' dir='ltr'><strong><em>Τάραντι.</em></strong></span> <span class='ocrx_word' id='word_1_268' title='bbox 1362 3321 1586 3376; x_wconf 82' lang='grc' dir='ltr'><strong><em>Θύουσι</em></strong></span> <span class='ocrx_word' id='word_1_269' title='bbox 1620 3322 1683 3376; x_wconf 77' lang='grc' dir='ltr'><strong><em>δὲ</em></strong></span> <span class='ocrx_word' id='word_1_270' title='bbox 1714 3325 1895 3389; x_wconf 80' lang='grc' dir='ltr'><strong><em>θεοῖς,</em></strong></span> <span class='ocrx_word' id='word_1_271' title='bbox 1919 3323 2013 3376; x_wconf 72' lang='grc' dir='ltr'><strong><em>Διῒ</em></strong></span> <span class='ocrx_word' id='word_1_272' title='bbox 2034 3318 2301 3396; x_wconf 71' lang='grc' dir='ltr'><strong><em>καὶἽῙρᾳ</em></strong></span> <span class='ocrx_word' id='word_1_273' title='bbox 2321 3318 2639 3376; x_wconf 77' lang='grc' dir='ltr'><strong><em>καὶἌπόλ-</em></strong></span> 
     </span>
     <span class='ocr_line' id='line_1_31' title="bbox 465 3404 2638 3481; baseline -0.001 -22"><span class='ocrx_word' id='word_1_274' title='bbox 465 3408 601 3460; x_wconf 90' lang='grc' dir='ltr'><strong><em>λωνι</em></strong></span> <span class='ocrx_word' id='word_1_275' title='bbox 642 3412 741 3459; x_wconf 80' lang='grc' dir='ltr'><strong><em>καὶ</em></strong></span> <span class='ocrx_word' id='word_1_276' title='bbox 787 3409 978 3474; x_wconf 86' lang='grc' dir='ltr'><strong><em>Λητοῖ</em></strong></span> <span class='ocrx_word' id='word_1_277' title='bbox 1014 3410 1114 3461; x_wconf 80' lang='grc' dir='ltr'><strong><em>καὶ</em></strong></span> <span class='ocrx_word' id='word_1_278' title='bbox 1148 3404 1454 3481; x_wconf 78' lang='grc' dir='ltr'><strong><em>Ἀρτέμιδι,</em></strong></span> <span class='ocrx_word' id='word_1_279' title='bbox 1513 3410 1613 3461; x_wconf 80' lang='grc' dir='ltr'><strong><em>καὶ</em></strong></span> <span class='ocrx_word' id='word_1_280' title='bbox 1659 3410 1896 3480; x_wconf 78' lang='grc' dir='ltr'><strong><em>προσέτι</em></strong></span> <span class='ocrx_word' id='word_1_281' title='bbox 1936 3424 2001 3476; x_wconf 79' lang='grc' dir='ltr'><strong><em>γε</em></strong></span> <span class='ocrx_word' id='word_1_282' title='bbox 2045 3410 2293 3480; x_wconf 84' lang='grc' dir='ltr'><strong><em>Μοίραις</em></strong></span> <span class='ocrx_word' id='word_1_283' title='bbox 2326 3409 2426 3458; x_wconf 78' lang='grc' dir='ltr'><strong><em>καὶ</em></strong></span> <span class='ocrx_word' id='word_1_284' title='bbox 2451 3406 2638 3458; x_wconf 77' lang='grc' dir='ltr'><strong><em>Εἰλει-</em></strong></span> 
     </span>
     <span class='ocr_line' id='line_1_32' title="bbox 463 3485 2639 3564; baseline -0.001 -21"><span class='ocrx_word' id='word_1_285' title='bbox 463 3493 656 3555; x_wconf 83' lang='grc' dir='ltr'><strong><em>θυίαις</em></strong></span> <span class='ocrx_word' id='word_1_286' title='bbox 702 3493 800 3542; x_wconf 73' lang='grc' dir='ltr'><strong><em>καὶ</em></strong></span> <span class='ocrx_word' id='word_1_287' title='bbox 842 3489 1105 3562; x_wconf 86' lang='grc' dir='ltr'><strong><em>Δήμητρι</em></strong></span> <span class='ocrx_word' id='word_1_288' title='bbox 1150 3494 1249 3544; x_wconf 83' lang='grc' dir='ltr'><strong><em>καὶ</em></strong></span> <span class='ocrx_word' id='word_1_289' title='bbox 1282 3485 1436 3564; x_wconf 75' lang='grc' dir='ltr'><strong><em>Ἅιδῃ</em></strong></span> <span class='ocrx_word' id='word_1_290' title='bbox 1482 3494 1582 3543; x_wconf 78' lang='grc' dir='ltr'><strong><em>καὶ</em></strong></span> <span class='ocrx_word' id='word_1_291' title='bbox 1624 3489 1993 3564; x_wconf 79' lang='grc' dir='ltr'><strong><em>Περσεφόνῃ.</em></strong></span> <span class='ocrx_word' id='word_1_292' title='bbox 2078 3489 2160 3564; x_wconf 81' lang='grc' dir='ltr'><strong><em>Τῇ</em></strong></span> <span class='ocrx_word' id='word_1_293' title='bbox 2195 3490 2258 3543; x_wconf 75' lang='grc' dir='ltr'><strong><em>δὲ</em></strong></span> <span class='ocrx_word' id='word_1_294' title='bbox 2291 3487 2490 3562; x_wconf 82' lang='grc' dir='ltr'><strong><em>πρώτῃ</em></strong></span> <span class='ocrx_word' id='word_1_295' title='bbox 2523 3487 2639 3541; x_wconf 78' lang='grc' dir='ltr'><strong><em>τῶν</em></strong></span> 
     </span>
     <span class='ocr_line' id='line_1_33' title="bbox 464 3568 2641 3646; baseline -0.001 -21"><span class='ocrx_word' id='word_1_296' title='bbox 464 3573 720 3646; x_wconf 80' lang='grc' dir='ltr'><strong><em>θεωριῶν</em></strong></span> <span class='ocrx_word' id='word_1_297' title='bbox 768 3576 931 3626; x_wconf 83' lang='grc' dir='ltr'><strong><em>νυκτὶ</em></strong></span> <span class='ocrx_word' id='word_1_298' title='bbox 980 3572 1248 3645; x_wconf 82' lang='grc' dir='ltr'><strong><em>δευτέρας</em></strong></span> <span class='ocrx_word' id='word_1_299' title='bbox 1296 3569 1451 3646; x_wconf 74' lang='grc' dir='ltr'><strong><em>ὥρας</em></strong></span> <span class='ocrx_word' id='word_1_300' title='bbox 1504 3572 1540 3626; x_wconf 90' lang='grc' dir='ltr'><strong><em>ὁ</em></strong></span> <span class='ocrx_word' id='word_1_301' title='bbox 1584 3571 1967 3646; x_wconf 74' lang='grc' dir='ltr'><strong><em>αὐτοκράτωρ</em></strong></span> <span class='ocrx_word' id='word_1_302' title='bbox 2008 3574 2103 3626; x_wconf 75' lang='grc' dir='ltr'><strong><em>ἐπὶ</em></strong></span> <span class='ocrx_word' id='word_1_303' title='bbox 2145 3571 2254 3640; x_wconf 78' lang='grc' dir='ltr'><strong><em>τήν</em></strong></span> <span class='ocrx_word' id='word_1_304' title='bbox 2298 3568 2493 3640; x_wconf 80' lang='grc' dir='ltr'><strong><em>ὄχθην</em></strong></span> <span class='ocrx_word' id='word_1_305' title='bbox 2535 3570 2641 3624; x_wconf 92' lang='grc' dir='ltr'><strong><em>τοῦ</em></strong></span> 
     </span>
     <span class='ocr_line' id='line_1_34' title="bbox 468 3651 2644 3729; baseline -0.001 -20"><span class='ocrx_word' id='word_1_306' title='bbox 468 3656 733 3724; x_wconf 84' lang='grc' dir='ltr'><strong><em>ποταμοῦ</em></strong></span> <span class='ocrx_word' id='word_1_307' title='bbox 778 3655 950 3728; x_wconf 81' lang='grc' dir='ltr'><strong><em>τριῶν</em></strong></span> <span class='ocrx_word' id='word_1_308' title='bbox 990 3658 1586 3728; x_wconf 85' lang='grc' dir='ltr'><strong><em>παρασκευασθέντων</em></strong></span> <span class='ocrx_word' id='word_1_309' title='bbox 1628 3655 1844 3724; x_wconf 82' lang='grc' dir='ltr'><strong><em>βωμῶν</em></strong></span> <span class='ocrx_word' id='word_1_310' title='bbox 1876 3663 2028 3729; x_wconf 82' lang='grc' dir='ltr'><strong><em>τρεῖς</em></strong></span> <span class='ocrx_word' id='word_1_311' title='bbox 2083 3651 2267 3728; x_wconf 83' lang='grc' dir='ltr'><strong><em>ἅρνας</em></strong></span> <span class='ocrx_word' id='word_1_312' title='bbox 2308 3653 2440 3708; x_wconf 90' lang='grc' dir='ltr'><strong><em>θύει</em></strong></span> <span class='ocrx_word' id='word_1_313' title='bbox 2492 3651 2644 3722; x_wconf 84' lang='grc' dir='ltr'><strong><em>μετὰ</em></strong></span> 
     </span>
     <span class='ocr_line' id='line_1_35' title="bbox 466 3735 2642 3810; baseline -0.001 -18"><span class='ocrx_word' id='word_1_314' title='bbox 466 3740 580 3793; x_wconf 80' lang='grc' dir='ltr'><strong><em>τῶν</em></strong></span> <span class='ocrx_word' id='word_1_315' title='bbox 621 3740 928 3792; x_wconf 81' lang='grc' dir='ltr'><strong><em>δεκαπέντε</em></strong></span> <span class='ocrx_word' id='word_1_316' title='bbox 970 3735 1194 3810; x_wconf 76' lang='grc' dir='ltr'><strong><em>ἀνδρῶν</em></strong></span> <span class='ocrx_word' id='word_1_317' title='bbox 1235 3742 1336 3792; x_wconf 85' lang='grc' dir='ltr'><strong><em>καὶ</em></strong></span> <span class='ocrx_word' id='word_1_318' title='bbox 1368 3738 1504 3805; x_wconf 85' lang='grc' dir='ltr'><strong><em>τοῦς</em></strong></span> <span class='ocrx_word' id='word_1_319' title='bbox 1535 3739 1779 3808; x_wconf 81' lang='grc' dir='ltr'><strong><em>βωμοὺς</em></strong></span> <span class='ocrx_word' id='word_1_320' title='bbox 1811 3737 2185 3807; x_wconf 77' lang='grc' dir='ltr'><strong><em>καθαιμάξας</em></strong></span> <span class='ocrx_word' id='word_1_321' title='bbox 2218 3735 2541 3791; x_wconf 88' lang='grc' dir='ltr'><strong><em>ὁλοκαυτοῖ</em></strong></span> <span class='ocrx_word' id='word_1_322' title='bbox 2567 3735 2642 3790; x_wconf 82' lang='grc' dir='ltr'><strong><em>τὰ</em></strong></span> 
     </span>
     <span class='ocr_line' id='line_1_36' title="bbox 468 3818 2642 3895; baseline -0 -19"><span class='ocrx_word' id='word_1_323' title='bbox 468 3825 719 3891; x_wconf 87' lang='grc' dir='ltr'><strong><em>θύματα.</em></strong></span> <span class='ocrx_word' id='word_1_324' title='bbox 797 3825 1387 3891; x_wconf 86' lang='grc' dir='ltr'><strong><em>Κατασκευασθείσης</em></strong></span> <span class='ocrx_word' id='word_1_325' title='bbox 1418 3824 1481 3877; x_wconf 77' lang='grc' dir='ltr'><strong><em>δὲ</em></strong></span> <span class='ocrx_word' id='word_1_326' title='bbox 1514 3823 1738 3892; x_wconf 83' lang='grc' dir='ltr'><strong><em>σκηνῆς</em></strong></span> <span class='ocrx_word' id='word_1_327' title='bbox 1770 3824 1937 3892; x_wconf 87' lang='grc' dir='ltr'><strong><em>δίκην</em></strong></span> <span class='ocrx_word' id='word_1_328' title='bbox 1978 3820 2230 3895; x_wconf 85' lang='grc' dir='ltr'><strong><em>θεάτρου</em></strong></span> <span class='ocrx_word' id='word_1_329' title='bbox 2278 3821 2452 3886; x_wconf 79' lang='grc' dir='ltr'><strong><em>φῶτα</em></strong></span> <span class='ocrx_word' id='word_1_330' title='bbox 2493 3818 2642 3875; x_wconf 79' lang='grc' dir='ltr'><strong><em>ἀνά-</em></strong></span> 
     </span>
     <span class='ocr_line' id='line_1_37' title="bbox 468 3901 2644 3980; baseline -0 -20"><span class='ocrx_word' id='word_1_331' title='bbox 468 3924 664 3960; x_wconf 86' lang='grc' dir='ltr'><strong><em>πτεται</em></strong></span> <span class='ocrx_word' id='word_1_332' title='bbox 708 3909 807 3959; x_wconf 80' lang='grc' dir='ltr'><strong><em>καὶ</em></strong></span> <span class='ocrx_word' id='word_1_333' title='bbox 841 3905 1013 3980; x_wconf 87' lang='grc' dir='ltr'><strong><em>πυρά,</em></strong></span> <span class='ocrx_word' id='word_1_334' title='bbox 1050 3909 1148 3959; x_wconf 78' lang='grc' dir='ltr'><strong><em>καὶ</em></strong></span> <span class='ocrx_word' id='word_1_335' title='bbox 1183 3901 1366 3974; x_wconf 78' lang='grc' dir='ltr'><strong><em>ὕμνος</em></strong></span> <span class='ocrx_word' id='word_1_336' title='bbox 1398 3903 1595 3977; x_wconf 82' lang='grc' dir='ltr'><strong><em>ᾅδεται</em></strong></span> <span class='ocrx_word' id='word_1_337' title='bbox 1629 3910 1836 3960; x_wconf 83' lang='grc' dir='ltr'><strong><em>νεωστὶ</em></strong></span> <span class='ocrx_word' id='word_1_338' title='bbox 1868 3908 2275 3974; x_wconf 82' lang='grc' dir='ltr'><strong><em>πεποιημένος,</em></strong></span> <span class='ocrx_word' id='word_1_339' title='bbox 2310 3907 2549 3980; x_wconf 79' lang='grc' dir='ltr'><strong><em>θεωρίαι</em></strong></span> <span class='ocrx_word' id='word_1_340' title='bbox 2581 3923 2644 3959; x_wconf 86' lang='grc' dir='ltr'><strong><em>τε</em></strong></span> 
     </span>
     <span class='ocr_line' id='line_1_38' title="bbox 470 3985 2645 4064; baseline -0.001 -20"><span class='ocrx_word' id='word_1_341' title='bbox 470 3995 822 4064; x_wconf 83' lang='grc' dir='ltr'><strong><em>ἱεροπρεπεῖς</em></strong></span> <span class='ocrx_word' id='word_1_342' title='bbox 853 3985 1113 4059; x_wconf 71' lang='grc' dir='ltr'><strong><em>ἄγονται.</em></strong></span> <span class='ocrx_word' id='word_1_343' title='bbox 1196 3992 1544 4057; x_wconf 79' lang='grc' dir='ltr'><strong><em>Κομίζονται</em></strong></span> <span class='ocrx_word' id='word_1_344' title='bbox 1575 3989 1638 4043; x_wconf 82' lang='grc' dir='ltr'><strong><em>δὲ</em></strong></span> <span class='ocrx_word' id='word_1_345' title='bbox 1673 3993 1735 4042; x_wconf 86' lang='grc' dir='ltr'><strong><em>οἱ</em></strong></span> <span class='ocrx_word' id='word_1_346' title='bbox 1763 3989 1946 4043; x_wconf 88' lang='grc' dir='ltr'><strong><em>ταῦτα</em></strong></span> <span class='ocrx_word' id='word_1_347' title='bbox 1968 3987 2270 4054; x_wconf 87' lang='grc' dir='ltr'><strong><em>ποιοῦντες</em></strong></span> <span class='ocrx_word' id='word_1_348' title='bbox 2289 3987 2515 4057; x_wconf 87' lang='grc' dir='ltr'><strong><em>μισθὸν</em></strong></span> <span class='ocrx_word' id='word_1_349' title='bbox 2536 3990 2645 4055; x_wconf 78' lang='grc' dir='ltr'><strong><em>τὰς</em></strong></span> 
     </span>
     <span class='ocr_line' id='line_1_39' title="bbox 468 4065 2640 4149; baseline -0.001 -21"><span class='ocrx_word' id='word_1_350' title='bbox 468 4073 737 4149; x_wconf 82' lang='grc' dir='ltr'><strong><em>ἀπαρχὰς</em></strong></span> <span class='ocrx_word' id='word_1_351' title='bbox 786 4073 900 4126; x_wconf 80' lang='grc' dir='ltr'><strong><em>τῶν</em></strong></span> <span class='ocrx_word' id='word_1_352' title='bbox 933 4073 1198 4147; x_wconf 77' lang='grc' dir='ltr'><strong><em>καρπῶν,</em></strong></span> <span class='ocrx_word' id='word_1_353' title='bbox 1255 4077 1422 4127; x_wconf 85' lang='grc' dir='ltr'><strong><em>σίτου</em></strong></span> <span class='ocrx_word' id='word_1_354' title='bbox 1457 4077 1557 4127; x_wconf 72' lang='grc' dir='ltr'><strong><em>καὶ</em></strong></span> <span class='ocrx_word' id='word_1_355' title='bbox 1590 4072 1798 4147; x_wconf 81' lang='grc' dir='ltr'><strong><em>κριθῆς</em></strong></span> <span class='ocrx_word' id='word_1_356' title='bbox 1831 4076 1930 4126; x_wconf 84' lang='grc' dir='ltr'><strong><em>καὶ</em></strong></span> <span class='ocrx_word' id='word_1_357' title='bbox 1962 4071 2230 4141; x_wconf 89' lang='grc' dir='ltr'><strong><em>κυάμων·</em></strong></span> <span class='ocrx_word' id='word_1_358' title='bbox 2291 4065 2466 4127; x_wconf 79' lang='grc' dir='ltr'><strong><em>αὗται</em></strong></span> <span class='ocrx_word' id='word_1_359' title='bbox 2498 4071 2640 4146; x_wconf 83' lang='grc' dir='ltr'><strong><em>γάρ,</em></strong></span> 
     </span>
     <span class='ocr_line' id='line_1_40' title="bbox 469 4153 2644 4232; baseline -0.002 -20"><span class='ocrx_word' id='word_1_360' title='bbox 469 4158 547 4226; x_wconf 79' lang='grc' dir='ltr'><strong><em>ὥς</em></strong></span> <span class='ocrx_word' id='word_1_361' title='bbox 583 4159 803 4232; x_wconf 70' lang='grc' dir='ltr'><strong><em>εἴρηταί</em></strong></span> <span class='ocrx_word' id='word_1_362' title='bbox 833 4177 966 4227; x_wconf 89' lang='grc' dir='ltr'><strong><em>μοι,</em></strong></span> <span class='ocrx_word' id='word_1_363' title='bbox 1002 4159 1101 4211; x_wconf 80' lang='grc' dir='ltr'><strong><em>καὶ</em></strong></span> <span class='ocrx_word' id='word_1_364' title='bbox 1136 4157 1213 4227; x_wconf 78' lang='grc' dir='ltr'><strong><em>τῷ</em></strong></span> <span class='ocrx_word' id='word_1_365' title='bbox 1248 4156 1414 4226; x_wconf 83' lang='grc' dir='ltr'><strong><em>δήμῳ</em></strong></span> <span class='ocrx_word' id='word_1_366' title='bbox 1449 4160 1620 4210; x_wconf 81' lang='grc' dir='ltr'><strong><em>παντὶ</em></strong></span> <span class='ocrx_word' id='word_1_367' title='bbox 1653 4156 2039 4224; x_wconf 87' lang='grc' dir='ltr'><strong><em>διανέμονται.</em></strong></span> <span class='ocrx_word' id='word_1_368' title='bbox 2111 4157 2192 4231; x_wconf 82' lang='grc' dir='ltr'><strong><em>Τῇ</em></strong></span> <span class='ocrx_word' id='word_1_369' title='bbox 2227 4156 2289 4210; x_wconf 79' lang='grc' dir='ltr'><strong><em>δὲ</em></strong></span> <span class='ocrx_word' id='word_1_370' title='bbox 2323 4153 2470 4216; x_wconf 82' lang='grc' dir='ltr'><strong><em>μετὰ</em></strong></span> <span class='ocrx_word' id='word_1_371' title='bbox 2503 4153 2644 4208; x_wconf 88' lang='grc' dir='ltr'><strong><em>ταύ-</em></strong></span> 
     </span>
     <span class='ocr_line' id='line_1_41' title="bbox 472 4235 2644 4318; baseline -0.002 -22"><span class='ocrx_word' id='word_1_372' title='bbox 472 4263 575 4312; x_wconf 87' lang='grc' dir='ltr'><strong><em>την</em></strong></span> <span class='ocrx_word' id='word_1_373' title='bbox 612 4242 799 4318; x_wconf 57' lang='grc' dir='ltr'><strong><em>ᾑμέρᾳ</em></strong></span> <span class='ocrx_word' id='word_1_374' title='bbox 833 4247 915 4308; x_wconf 82' lang='grc' dir='ltr'><strong><em>εἰς</em></strong></span> <span class='ocrx_word' id='word_1_375' title='bbox 948 4241 1016 4295; x_wconf 86' lang='grc' dir='ltr'><strong><em>τὸ</em></strong></span> <span class='ocrx_word' id='word_1_376' title='bbox 1038 4240 1410 4297; x_wconf 81' lang='grc' dir='ltr'><strong><em>Καπετώλιον</em></strong></span> <span class='ocrx_word' id='word_1_377' title='bbox 1433 4237 1758 4306; x_wconf 84' lang='grc' dir='ltr'><strong><em>ἀναβάντες</em></strong></span> <span class='ocrx_word' id='word_1_378' title='bbox 1779 4235 2081 4295; x_wconf 81' lang='grc' dir='ltr'><strong><em>κάνταῦθα</em></strong></span> <span class='ocrx_word' id='word_1_379' title='bbox 2099 4239 2204 4308; x_wconf 88' lang='grc' dir='ltr'><strong><em>τὰς</em></strong></span> <span class='ocrx_word' id='word_1_380' title='bbox 2225 4242 2644 4308; x_wconf 74' lang='grc' dir='ltr'><strong><em>νενομισμένας</em></strong></span> 
     </span>
    </p>
   </div>
  </div>
 </body>
</html>
