3234 4975
1177 413 1295 463 LIB.
1333 413 1372 461 1.
1445 414 1502 461 C.
1541 413 1669 462 XVI.

2438 409 2558 474 ⁴03

823 580 1034 645 Pones
1072 578 1336 656 iambis,
1373 579 1524 645 'sive
1569 577 1827 644 flamma

915 701 1065 767 Sive
1112 701 1269 767 mari
1313 700 1471 768 libet
1513 699 1859 767 Hadriano.

740 862 879 925 Non
920 859 1359 949 Dindymene,
1405 880 1534 925 non
1575 859 1790 947 adytis
1833 859 2037 946 quatit
2517 861 2556 922 5

737 982 1015 1048 Mentem
1057 981 1466 1048 sacerdotum
1510 980 1721 1047 incola
1762 979 2055 1070 Pythius,

819 1105 960 1168 Non
1003 1102 1196 1170 Liber
1239 1124 1478 1190 aeque,

1527 1123 1656 1168 non
1699 1113 1889 1169 acuta

534 1329 581 1381 4.
623 1331 838 1379 adriano
872 1329 923 1379 d.
967 1358 1021 1365 —
1058 1332 1105 1379 5.
1145 1331 1285 1391 adyti
1318 1329 1769 1380 Hemsterhusius.
1802 1358 1855 1364 —
1883 1330 2049 1392 mactis
2079 1330 2137 1380 B.
2170 1358 2221 1365 -
2245 1330 2291 1379 6.
2318 1331 2496 1380 Mentis

464 1403 758 1455 Dorvillius.

403 1600 558 1650 matis
603 1599 843 1651 iambicis
890 1599 1096 1661 Quintil.
1146 1601 1227 1661 40,
1277 1601 1325 1661 4,
1382 1600 1441 1650 9;

467 1747 516 1799 4.
575 1749 854 1813 Hadriano]
911 1750 1056 1799 Haec
1107 1749 1274 1800 forma
1324 1762 1449 1812 pro-

404 1824 517 1886 prie
549 1822 617 1872 de
640 1823 823 1875 ineolis
847 1824 1070 1874 Hadriae
1095 1824 1274 1888 oppidi
1295 1836 1449 1874 usur-

405 1899 574 1961 patur.
659 1898 1009 1948 Hadriaticum
1057 1902 1236 1949 autem
1295 1912 1443 1949 mare

406 1985 512 2022 non
544 1974 781 2023 nominat
811 1976 1088 2037 tamquam
1118 1974 1310 2024 ceteris
1342 1974 1446 2023 im-

405 2048 694 2110 petuosius,
731 2048 830 2098 sed
864 2051 923 2098 ut
955 2048 1051 2098 Od.
1090 2050 1137 2109 4,
1175 2051 1223 2109 4,
1251 2048 1331 2100 44.
1360 2051 1444 2099 45.

406 2123 658 2183 Myrtoum
706 2124 760 2172 et
805 2124 1056 2182 lem-imm
1116 2123 1211 2173 Od.
1261 2125 1310 2185 4,
1356 2123 1440 2184 26,

407 2196 483 2245 45.
540 2197 802 2259 Oreticum,
854 2211 918 2247 ex
945 2200 1225 2262 poetarum
1271 2211 1439 2258 more,

403 2275 461 2321 ut
503 2273 634 2321 certi
688 2271 909 2323 alicuius
953 2274 1115 2323 maris
1159 2273 1443 2336 imaginem

402 2345 554 2396 nobis
586 2348 709 2397 ante
745 2347 928 2398 oculos
955 2351 1135 2411 ponat.
1201 2347 1322 2411 (Cir.
1364 2348 1448 2397 Ti-

403 2418 528 2470 bull.
581 2423 629 2482 4,
679 2423 729 2480 9,
773 2421 862 2473 49:
929 2424 1026 2472 lua
1067 2424 1215 2473 velim
1259 2424 1446 2486 rapida

411 2497 647 2546 Volcanus
677 2498 912 2547 camina
929 2501 1141 2562 nanum
1174 2500 1379 2550 Torreat
1398 2502 1447 2548 et

402 2571 592 2634 liquida
622 2573 782 2622 deleat
810 2575 974 2623 amnis
1003 2573 1184 2638 aqua.)

450 2647 513 2696 is.
582 2648 908 2712 Dindymene]
960 2648 1162 2712 Cybele
1209 2662 1254 2699 s.
1301 2648 1443 2698 Rhea

403 2734 433 2770 a
455 2721 740 2785 Dindymo,
774 2722 1033 2786 Phrygiae
1057 2726 1242 2773 monte
1274 2735 1442 2787 prope

406 2796 798 2859 Pessinuntem,
835 2797 927 2848 ubi
948 2799 1283 2862 potissimum
1307 2796 1445 2847 cole-

410 2868 578 2920 batur.
632 2898 689 2907 —-
743 2873 859 2923 Non
907 2872 1088 2937 adytis]
1137 2873 1333 2923 Caesar
1381 2873 1438 2923 B.

408 2944 465 2993 C.
502 2943 550 3005 3,
585 2946 707 2995 ⁴05:
757 2948 989 3011 Pergami
1033 2948 1090 2997 in
1135 2949 1337 2998 occultis
1383 2962 1445 2997 ac

401 3020 599 3068 remotis
641 3021 842 3084 ternpli,
892 3036 990 3085 quo
1033 3029 1238 3084 praeter
1273 3036 1444 3074 sacer-

405 3092 535 3141 dotes
563 3095 708 3145 adire
735 3097 818 3159 fas
847 3111 948 3147 non
981 3102 1076 3158 est,
1114 3111 1242 3158 quae
1264 3098 1446 3147 Graeci

400 3158 585 3218 ἄδυτα
631 3170 912 3233 apponant,
980 3176 1224 3234 tympana
1273 3185 1447 3223 sonue-

469 3318 516 3366 6.
589 3317 849 3381 «ΑΡοΠο,
908 3319 1053 3383 adyti
1102 3321 1339 3386 Delphici
1390 3323 1444 3371 et

403 3391 594 3442 Deliaci
630 3392 826 3454 incola,
881 3394 1058 3447 divino
1102 3397 1280 3447 afflatu
1320 3409 1447 3446 con-

404 3467 529 3516 citat
558 3461 874 3533 ὑποφητῶν
908 3482 1128 3520 suorum
1151 3473 1439 3521 mentem.»

403 3543 486 3591 Sic
521 3542 705 3592 Catull.
734 3543 904 3607 Epith.
944 3543 1049 3595 Pel.
1087 3546 1211 3595 229:
1250 3547 1445 3598 Miner-

402 3629 469 3666 va
501 3617 666 3667 incola
707 3620 851 3669 Itoni.
922 3620 979 3670 ln
1026 3620 1239 3670 Horatio
1287 3621 1444 3671 nimis

403 3691 656 3742 audacter
686 3691 772 3743 alii
801 3694 1128 3759 interpretati
1162 3707 1281 3745 esse
1315 3696 1446 3746 mihi

401 3765 679 3816 videntur:
734 3766 943 3818 «incola
971 3769 1165 3819 mentis
1192 3770 1446 3820 sacerdo-

402 3841 584 3900 tumn;
629 3844 711 3903 et,
760 3845 805 3893 si
835 3842 977 3907 apud
1012 3845 1272 3894 Senecam
1302 3844 1442 3896 Med.

404 3914 516 3965 383.
568 3914 793 3979 legimus
823 3923 1020 3980 recepto
1065 3919 1275 3968 Maenas
1313 3920 1449 3969 insa-

400 3990 475 4040 m't
503 3992 618 4052 ὼο,
652 3992 757 4042 hoc
790 3991 957 4043 multo
978 3990 1155 4044 minus
1183 3992 1446 4043 tumidum

402 4067 484 4115 cst
521 4066 576 4116 in
625 4069 785 4130 poeta
835 4069 1110 4131 ceteroqui
1153 4065 1446 4118 luxuriante

401 4152 562 4204 quam
595 4141 717 4191 dem
743 4142 911 4192 incola
939 4143 1119 4192 monitis
1147 4142 1284 4193 t'oret
1303 4142 1446 4207 apud

403 4215 705 4268 Horatium:
743 4230 885 4278 nam,
923 4230 1048 4267 oum
1082 4217 1176 4267 Od.
1209 4217 1258 4279 3,
1286 4218 1366 4277 40,
1393 4217 1443 4279 3,

401 4290 664 4361 Aquitanos
726 4291 959 4355 regionis
1023 4290 1446 4356 septentrionalis

1518 1599 1713 1648 incolas
1739 1598 1882 1659 dicit,
1920 1598 1974 1649 id
2004 1611 2219 1663 quoque
2241 1598 2310 1649 ad
2333 1601 2561 1663 spatium

1521 1674 1667 1737 quod
1701 1674 1928 1725 dicimus
1961 1687 2281 1737 corporeum
2314 1675 2568 1746 refer·

1519 1749 1806 1800 'rumorem
1830 1749 1987 1813 igitur
2018 1749 2178 1798 istum
2202 1747 2563 1812 relinquamus

1519 1823 1777 1874 Eumenio
1796 1826 1987 1887 Paneg.
2010 1824 2281 1873 Constant.
2299 1823 2378 1873 ⁴7:
2405 1837 2567 1885 quan-

1517 1901 1596 1946 tus
1626 1899 1739 1948 illos
1764 1900 1985 1949 caelestis
2012 1898 2218 1961 qais-itm
2244 1898 2454 1947 intravit
2474 1898 2565 1946 ha»-

1517 1971 1733 2023 bitator!
1798 1975 1909 2024 Nec
1936 1975 2118 2024 tamen
2144 1974 2429 2036 propterea
2456 1970 2559 2034 leg.

1517 2048 1673 2109 adyti,
1726 2061 1863 2111 quae
1899 2049 2032 2099 ratio
2062 2048 2298 2112 pedestri
2327 2047 2563 2097 sermoni

1517 2122 1654 2172 soret
1696 2125 1882 2187 aptior.
1969 2124 2062 2174 Est
2099 2135 2257 2172 vero:
2327 2122 2567 2182 «pydum

1519 2196 1682 2259 (quod
1715 2199 1944 2249 nominis
1981 2211 2064 2262 pr.
2108 2198 2282 2247 vicem
2315 2197 2558 2255 sustinet,

1515 2274 1575 2321 ut
1602 2272 1838 2331 Cynthius
1864 2272 1959 2323 Od.
1993 2274 2050 2332 4,
2074 2274 2157 2331 24,
2182 2272 2273 2334 2.),
2309 2272 2399 2333 qui
2420 2271 2565 2320 inco-

1516 2345 1575 2396 lit
1606 2347 1784 2411 adyta,
1822 2349 1875 2398 in
1909 2347 1993 2398 his
2022 2348 2192 2410 quatit
2223 2348 2358 2396 cet.»
2389 2373 2443 2382 —
2478 2344 2559 2395 Ad

1517 2434 1671 2486 seqq.
1710 2422 1803 2471 cfr.
1846 2421 2116 2472 Claudian.
2152 2422 2299 2486 Rapt.
2333 2423 2479 2471 Pros.
2509 2421 2558 2479 4,

1517 2498 1643 2548 208:
1705 2498 1925 2559 Corybas
1975 2511 2077 2547 non
2122 2496 2321 2558 mum
2367 2508 2560 2553 enacim

1515 2573 1629 2621 Non
1662 2571 1851 2634 buoeus,
1884 2586 1989 2622 non
2019 2585 2147 2622 aera
2176 2576 2369 2620 soniam.

1581 2647 1629 2696 7.
1688 2648 1843 2696 «Non
1876 2659 2050 2709 aequo
2083 2645 2261 2696 furore
2286 2643 2562 2696 stimulan-

1517 2723 1604 2770 tur
1638 2719 1765 2770 Galli
1800 2720 2050 2784 Cybeles,
2088 2719 2329 2770 Bacchae
2365 2718 2558 2779 Liberi,

1516 2795 1701 2858 Pythia
1741 2808 1806 2845 ac
1845 2793 2041 2858 Sibylla
2080 2792 2331 2858 Apollinis
2376 2794 2563 2844 instin-

1517 2871 1624 2930 ctu,
1661 2863 1763 2919 'nec
1795 2871 1910 2934 pari
1925 2868 2121 2918 mentis
2138 2866 2364 2917 tumultu
2387 2867 2564 2931 agitati

1519 2944 1880 3008 Corybantes,
1930 2943 2161 3008 Cybeles
2206 2943 2458 3002 ministri,
2508 2944 2561 2993 in

1518 3020 1729 3070 choreis
1774 3020 1884 3071 suis
1930 3017 2175 3083 cymbala
2207 3019 2407 3068 iteratis
2444 3019 2563 3068 icti-

1518 3093 1621 3144 bus
1665 3093 1909 3158 pulsant‚
1964 3099 2025 3144 ut
2080 3094 2157 3143 ira
2206 3092 2412 3157 abrepti
2462 3105 2561 3144 nos

1517 3169 1770 3232 exagitari
1797 3183 1862 3220 ac
1895 3169 2071 3220 furere
2094 3167 2346 3229 solemus,
2386 3169 2564 3218 omnia

1515 3243 1760 3294 terricula
1811 3246 2176 3307 spernentes.»
2257 3244 2333 3293 Ita
2381 3244 2426 3293 si
2479 3240 2561 3292 lo-

1517 3331 1642 3368 cum
1688 3319 2125 3382 interpretamur,
2185 3319 2245 3367 ut
2291 3320 2414 3381 post
2463 3330 2562 3368 nos

1517 3394 1642 3444 fecit
1669 3395 1830 3444 etiam
1856 3392 2014 3457 Regel
2050 3395 2104 3442 et
2136 3392 2368 3452 Liibker,
2406 3395 2565 3454 quat—

1517 3471 1639 3520 tuor
1665 3469 2150 3530 yehementissimi,
2198 3469 2382 3530 utpote
2413 3466 2561 3515 sana-

1518 3544 1622 3602 tici‚
1661 3542 1852 3593 furoris
1899 3541 2142 3606 exempla
2175 3542 2558 3605 proponuntur.

1516 3617 1736 3668 Bentleii
1783 3630 1914 3667 vero
1961 3617 2265 3667 coniectura
2313 3615 2357 3663 si
2404 3616 2564 3677 yemi-

1515 3697 1658 3753 nant,
1691 3692 1745 3742 id
1779 3695 1877 3754 est,
1908 3706 2060 3742 «cum
2085 3690 2405 3753 geminant»,
2435 3694 2565 3752 poe-

1519 3769 1677 3818 ticam
1704 3766 1804 3817 loci
1837 3768 1948 3816 vim
1976 3763 2267 3817 admodum
2302 3762 2557 3814 debilitat.

1519 3843 1698 3892 Priore
1749 3844 1929 3892 autem
1969 3841 2116 3900 loco,
2170 3852 2238 3889 ne
2283 3838 2368 3890 bis
2417 3839 2563 3890 idem

1520 3916 1741 3978 dicatur,
1770 3916 2133 3979 Dindymenes
2156 3914 2463 3966 sacerdotes
2485 3916 2565 3965 in-

1520 3991 1693 4055 tellige
1718 3990 1907 4052 Gallos,
1934 4004 2162 4054 quorum
2185 3991 2414 4042 insanias
2437 3992 2566 4040 coti-

1520 4066 1606 4116 die
1638 4068 1832 4117 Romae
1861 4064 2078 4115 videbat
2098 4066 2360 4126 Horatius,
2384 4068 2445 4115 ut
2467 4066 2565 4115 Fa·-

1521 4141 1816 4191 naticorum
1849 4154 1916 4190 ex
1943 4139 2078 4190 aede
2101 4140 2348 4191 Bellonae
2379 4141 2557 4204 (inser.

1520 4229 1591 4266 m.
1632 4217 1742 4266 Lat.
1778 4217 1839 4266 N.
1891 4215 2077 4280 zaim).
2113 4217 2306 4267 Lucan.
2340 4216 2388 4276 4,
2426 4215 2514 4265 564
2545 4229 2556 4262 :

1518 4291 2563 4355 mnmmoerotantossanqumum--
