3234 4975
672 414 801 479 484

830 573 1173 637 Aeternum
1216 567 1532 635 meditans
1577 567 1780 634 decus

1442 414 1700 464 HORATn
1736 413 2072 473 CARMINIJM

915 690 1127 758 Stellis
1173 690 1460 755 inserere
1506 697 1571 755 et
1615 687 1884 755 consilio
1938 689 2158 754 Iovis?

828 812 1054 878 Dicam
1099 811 1346 895 insigne
1390 829 1622 876 recens
1668 807 1882 875 adhuc

917 932 1230 998 indictum
1274 951 1389 996 ore
1434 929 1581 995 alio.
1669 930 1810 995 Non
1852 949 2044 995 secus
2089 929 2151 993 in
2198 929 2364 1017 iugis

831 1090 1168 1156 Exsomnis
1218 1096 1433 1175 stupet
1479 1087 1676 1153 Euias

793 1277 842 1326 6.
880 1276 1087 1326 concilio
1121 1289 1177 1335 c,
1217 1275 1346 1324 item
1379 1287 1516 1323 corr.
1544 1274 1691 1334 S‚Lt,
1730 1274 1786 1323 et
1815 1284 1940 1323 cum
1973 1273 2056 1323 his
2091 1274 2249 1324 tacite
2271 1273 2558 1325 Bentleius.
2590 1301 2643 1310 —
2672 1275 2767 1324 Vv.

727 1350 822 1399 ’7-9
856 1351 909 1399 in
942 1351 981 1400 B
1017 1348 1229 1400 desunt.
1273 1376 1327 1384 -
1366 1349 1415 1397 9.
1452 1345 1739 1410 Exsomnis]
1773 1347 1962 1397 Edonis
1991 1346 2159 1398 Bentl.
2188 1349 2324 1398 coni.

664 1513 764 1564 καὶ
795 1510 1000 1578 χλόαις
1038 1507 1264 1565 ἀνθέων
1296 1507 1553 1575 ἁπάσαις
1584 1509 1713 1564 δια-
1786 1512 1921 1577 Epp.
1967 1515 2024 1574 4,
2068 1514 2156 1576 49,
2199 1514 2298 1564 32:

2359 1514 2839 1564 nonaliodicmm

666 1587 1125 1653 πεποικιλμένον.
1146 1615 1201 1625 —-
1229 1587 1432 1651 ear-0966]
1457 1589 1516 1636 ut
1538 1586 1637 1637 Od.
1661 1588 1708 1647 4,
1778 1587 1929 1647 prius
1975 1600 2078 1637 ore.
2136 1614 2192 1624 -—
2226 1601 2397 1638 recens
2443 1590 2651 1648 autem,
2690 1586 2838 1651 quod

664 1663 713 1723 6,
741 1662 794 1711 44
819 1678 829 1711 :
868 1663 1062 1711 Laudes
1083 1661 1270 1725 eqo-0966
1294 1661 1538 1710 Caesaris.
1557 1660 1716 1722 Effre-

661 1736 735 1799 9ii
758 1737 938 1785 autem
963 1735 1192 1785 Caesaris
1225 1735 1371 1784 decus
1399 1733 1549 1783 stellis
1580 1733 1714 1782 inso-

660 1821 800 1870 νοτε,
838 1807 983 1871 quod
1005 1810 1281 1870 tamquam
1305 1806 1564 1856 Latinitati
1589 1818 1716 1856 con-

663 1882 885 1931 trarium
904 1879 1176 1931 cavillatus
1190 1883 1273 1929 est
1290 1879 1525 1942 quidam,
1548 1878 1715 1928 mani-

663 1954 799 2006 festo
835 1954 1094 2017 significat
1134 1954 1479 2012 «Caesarem,
1518 1949 1715 2014 glorio-

665 2040 787 2078 sum
803 2028 1124 2092 principem,
1159 2026 1212 2076 in
1236 2023 1444 2075 caelum
1468 2025 1711 2075 efferre.»

728 2101 840 2150 5-7.
876 2099 1136 2163 meditatu]
1162 2098 1403 2159 «audiar,
1437 2098 1569 2148 dum
1593 2111 1714 2149 me-

663 2174 804 2224 ditor
818 2212 832 2234 ,
856 2173 985 2224 dum
1009 2173 1244 2222 carmine
1264 2184 1429 2221 conor
1450 2170 1614 2221 stellis
1640 2172 1717 2221 in-

663 2260 878 2298 serere»
897 2249 1000 2297 cet.
1021 2260 1160 2310 quae
1181 2246 1401 2310 quidem
1420 2248 1528 2296 tres
1547 2247 1716 2296 notio-

662 2334 763 2372 nes
781 2321 1008 2385 (audiar,
1031 2322 1293 2383 meditans,
1310 2319 1545 2384 inserere)
1565 2320 1716 2370 artis-

663 2396 799 2446 sime
824 2397 962 2446 inter
976 2409 1035 2447 se
1060 2397 1269 2445 iunctae
1287 2397 1428 2446 sunt.
1454 2419 1509 2430 —
1530 2397 1711 2457 Imago

662 2470 828 2535 petita
879 2472 963 2521 est
1012 2482 1043 2519 a
1088 2470 1562 2541 καταστερισεσιν
1610 2469 1712 2519 he-

662 2557 837 2595 roum.
872 2571 926 2580 —
955 2543 1174 2606 consilio]
1203 2543 1309 2595 Csr.
1336 2543 1433 2592 Od.
1460 2543 1516 2603 3,
1541 2542 1599 2603 3,
1628 2543 1708 2592 47.

662 2619 841 2681 Imago
874 2619 1087 2682 sumpta
1108 2630 1139 2667 a
1162 2617 1365 2667 consilio
1389 2616 1590 2666 ducum
1614 2617 1713 2666 Ro-

663 2705 963 2744 manorum.
1012 2693 1322 2743 Rectissime
1358 2703 1488 2741 sane
1520 2690 1713 2741 dicitur

660 2766 925 2816 concilium
957 2767 1162 2815 <iconam
1199 2764 1354 2828 (Virg.
1390 2766 1482 2813 Ge.
1520 2765 1576 2825 4,
1614 2762 1707 2814 24:

660 2842 869 2893 domm
902 2839 1149 2899 Concilio,
1202 2836 1449 2901 Calpurn.
1495 2835 1601 2886 Ecl.
1651 2838 1709 2898 8,

661 2912 751 2962 5⁴:
793 2912 1107 2973 meilioquo
1139 2913 1323 2971 doum
1356 2908 1469 2960 Val.
1496 2911 1631 2960 Max.
1661 2911 1707 2969 4,

660 2985 709 3045 6,
734 2984 795 3034 43
813 2999 825 3033 z
845 2985 1132 3035 Caesarem
1156 2985 1362 3033 demam
1383 2983 1591 3033 concilio
1613 2984 1712 3032 ad-

659 3057 946 3120 iecerunt„
984 3056 1084 3107 sed
1116 3057 1380 3106 concilium
1411 3057 1541 3106 Iovis
1573 3057 1710 3107 mire

660 3130 862 3180 dictum
888 3131 1034 3180 esset
1053 3142 1152 3193 pro
1187 3128 1439 3180 «concilio
1461 3130 1707 3190 deorum,

660 3204 747 3253 cui
781 3203 1014 3266 luppiter
1045 3202 1366 3267 praesidet.»
1402 3204 1495 3254 Est
1520 3199 1710 3269 βουλὴ

656 3273 1031 3338 δωδεκάθεος·
1051 3276 1314 3326 concilim»
1324 3289 1454 3326 vero
1471 3279 1712 3328 omnium

660 3349 887 3401 deorum
922 3351 1233 3401 conventus.
1291 3348 1414 3400 Tale
1448 3352 1711 3401 consilium

659 3425 791 3476 Iovis
854 3422 1072 3475 exhibet
1127 3424 1364 3474 Gerhard
1420 3425 1704 3490 Vasenqem.

659 3500 717 3548 T.
743 3497 850 3548 vn.
872 3536 884 3559 ‚
922 3498 1051 3549 item
1082 3501 1187 3548 Ara
1208 3499 1563 3561 Borghesiana
1599 3501 1707 3549 ΧΠ.

660 3571 889 3622 deorum
905 3572 1162 3635 imagines
1179 3571 1438 3623 exhibens
1455 3573 1507 3622 in
1525 3572 1711 3624 Miiller

656 3646 866 3699 Denkm
884 3646 940 3695 T.
953 3646 1105 3705 xl11.;
1127 3647 1286 3708 atque
1304 3646 1425 3695 vide
1447 3648 1710 3712 imprimis

659 3718 858 3783 figuras
898 3718 951 3768 in
992 3718 1231 3769 Gerhard
1270 3720 1348 3769 die
1384 3720 1492 3770 XII.
1539 3721 1712 3771 Gener

659 3792 854 3842 Grioch.
875 3829 894 3852 ‚
929 3791 1177 3842 Abhnder
1208 3792 1340 3842 Berl.
1367 3792 1527 3845 Akad.
1557 3792 1704 3844 4840.

660 3880 713 3931 p.
742 3866 855 3916 383.
911 3866 1019 3917 Cir.
1047 3867 1313 3929 Heynium
1345 3867 1414 3918 ad
1447 3868 1589 3930 Virg.
1613 3871 1705 3918 Ge.

662 3940 827 4000 ⁴,25.
861 3941 991 3990 Aen.
1032 3940 1124 4001 40,
1161 3941 1211 3990 2.
1253 3967 1309 3978 —-
1360 3942 1545 3990 Dicam
1583 3941 1708 4006 σοι]

661 4013 839 4063 «Tunc
861 4012 953 4063 ubi
975 4014 1110 4064 deus
1134 4027 1221 4064 me
1242 4013 1448 4064 iubebit
1467 4015 1710 4065 Caesaris

660 4084 847 4136 laudes
869 4087 1201 4150 praedicare,
1240 4088 1435 4149 dicam,
1471 4091 1532 4138 ut
1553 4088 1714 4140 decet

657 4152 883 4222 ἔνθεον,
908 4161 1100 4225 ὄπείρηε
1121 4160 1336 4225 aliquid,
1375 4159 1528 4223 illud,
1564 4163 1711 4226 quod

661 4235 860 4286 nemini
910 4235 1087 4286 adhuc
1147 4234 1388 4300 proferre
1440 4237 1708 4299 contigit.»

1786 1662 2132 1724 praesentem
2167 1661 2255 1711 dei
2288 1662 2528 1711 amatum
2561 1661 2744 1725 spiret.

1849 1732 1899 1782 8.
1936 1733 1984 1783 9.
2022 1735 2077 1783 in
2107 1734 2253 1798 iupis]
2279 1735 2435 1784 Anth.
2468 1732 2574 1784 Pal.
2611 1733 2696 1783 Vl.
2734 1733 2834 1784 74:

1785 1804 2082 1877 Βασσαρὶς
2096 1834 2159 1845 --
2174 1803 2664 1879 σκοπελοδρόμος.
2688 1808 2833 1871 Virg.

1786 1880 1916 1929 Aen.
1970 1879 2031 1941 3,
2079 1882 2209 1931 ⁴25:
2270 1883 2671 1944 Bacchatamquo
2703 1881 2840 1945 &nqis

1784 1954 1989 2003 Naxon.
2027 1952 2180 2005 Silius
2203 1954 2252 2016 4,
2280 1956 2401 2005 776:
2426 1956 2615 2006 Edonis
2635 1959 2690 2004 ut
2708 1956 2840 2005 Pan-

1783 2042 1916 2091 yaea
1963 2041 2114 2090 super
2162 2029 2412 2079 trieteride
2457 2034 2598 2079 mota
2628 2031 2672 2078 Jt
2711 2030 2838 2093 inqu

1785 2106 1832 2151 οι
1850 2100 2096 2151 inclinum
2115 2103 2337 2164 suspirat
2346 2107 2547 2164 pectore
2562 2103 2830 2152 Bacchum.

1791 2201 1846 2210 --
1881 2176 2176 2241 Exsomnis]
2224 2170 2477 2239 «ἄυπνος
2493 2216 2505 2238 ,
2557 2178 2833 2238 insomnis,

1784 2247 2063 2312 pervigil»,
2101 2252 2162 2300 ut
2182 2250 2323 2301 alibi.
2368 2252 2452 2300 Sic
2475 2252 2633 2315 Soph.
2660 2252 2833 2314 Antig.

1787 2323 1943 2372 ⁴⁴52:
1982 2320 2255 2385 Θυιάσιν,
2292 2322 2362 2373 αἵ
2387 2338 2456 2374 σε
2486 2320 2836 2390 μαινόμεναι

1786 2391 2071 2456 πάννυχοι
2092 2395 2441 2469 Χορεύουσι.
2507 2400 2716 2450 Baccha
2741 2415 2841 2450 νυ-

1783 2466 2046 2522 κτιπόλοι
2068 2474 2228 2523 sunt
2214 2488 2267 2523 m
2285 2474 2547 2538 Euripidis
2569 2476 2696 2525 Ione
2717 2474 2831 2525 748.

1784 2544 1919 2595 lbid.
1942 2546 2097 2596 ⁴075:
2125 2549 2384 2608 Bacchus,
2405 2549 2498 2598 εἰ·
2504 2544 2837 2613 -Λαμπάδα

1783 2614 2007 2704 θεωρὸν
2029 2617 2271 2671 εἰκάδων
2286 2615 2534 2687 Ὅψεται
2563 2619 2829 2685 ἐννύχιος

1783 2683 2009 2755 ἄυπνος
2052 2710 2151 2743 ων.
2238 2696 2377 2758 Virg.
2420 2698 2549 2747 Aen.
2593 2698 2654 2757 6,
2698 2698 2832 2747 556:

1790 2766 2086 2817 Vestibulum
2133 2771 2383 2819 momnis
2429 2775 2596 2820 servat
2643 2775 2837 2820 noctes-

1785 2851 1881 2899 que
1915 2841 2113 2903 diesque
2147 2843 2482 2907 (Tisiphone).
2528 2843 2614 2893 Sil.
2642 2842 2753 2893 Ital.
2781 2845 2831 2903 9,

1785 2914 1852 2963 5:
1920 2915 2093 2964 consul
2137 2918 2403 2966 traducere
2444 2922 2638 2968 noctem
2671 2917 2834 2967 Exso-

1783 2988 1931 3038 mnis.
1971 2989 2063 3038 Est
2083 2988 2240 3050 igitur
2265 2990 2526 3052 «Baccha,
2553 3004 2691 3054 quae
2714 3004 2834 3056 perh

1786 3059 2022 3123 vigilium
2055 3060 2350 3122 celebrat3»
2391 3064 2698 3128 neutiquam
2736 3077 2836 3114 ve·

1786 3147 1871 3184 ro:
1907 3135 2116 3185 «audito
2143 3137 2382 3200 tympani
2402 3138 2578 3187 sonitu
2596 3150 2625 3187 e
2644 3150 2833 3188 somno

1786 3210 2099 3272 experrecta
2122 3207 2316 3273 illoque
2340 3210 2411 3260 ad
2435 3223 2603 3260 novos
2626 3210 2833 3260 furores

1783 3283 2078 3331 recreata.»
2139 3284 2390 3343 (Pessima
2425 3284 2606 3333 autem
2646 3284 2729 3333 est
2761 3282 2835 3333 le-

1786 3356 1890 3404 ctio
1923 3352 2142 3405 Aldinae
2169 3356 2287 3405 4504
2318 3370 2329 3404 :
2360 3356 2608 3406 Esomnis
2625 3358 2679 3406 et
2694 3355 2836 3406 Aldi-

1787 3441 1887 3478 nae
1915 3428 2072 3477 ⁴5⁴9:
2109 3428 2195 3478 Ex
2226 3430 2436 3490 emmiu
2474 3430 2703 3480 otiosum
2727 3430 2829 3479 ΗΡ.

1784 3502 1973 3550 Edonis
1991 3514 2133 3552 nom.
2150 3503 2283 3567 sing.
2305 3503 2430 3554 fem.
2474 3503 2652 3567 Longe
2671 3504 2834 3554 etiam

1783 3577 2024 3638 praestat
2064 3573 2327 3627 ἐπίθετον
2360 3576 2429 3626 ab
2465 3576 2681 3627 Horatio
2721 3574 2835 3626 ele-

1785 3649 1932 3697 ctum
1969 3647 2272 3699 Bentleiano
2305 3650 2438 3713 {uois
2456 3650 2675 3709 Edonis,
2712 3641 2837 3718 ὄρε-

1783 3735 1879 3771 σιν
1897 3715 2200 3784 Ἠδωνοῖς,
2236 3722 2381 3786 quod
2405 3721 2618 3772 cumulo
2641 3734 2836 3785 super-

1791 3796 2082 3845 adderetur
2136 3796 2391 3846 Thraciae
2446 3796 2643 3858 Hebro,
2719 3796 2834 3846 eius

1784 3868 1977 3929 fluvio,
2013 3870 2278 3931 Rhodopae
2309 3869 2514 3931 monti.)
2544 3897 2598 3906 —
2657 3868 2834 3932 stupet]

1788 3941 1996 3993 «furore
2047 3955 2201 3992 sacro
2252 3942 2476 4008 abrepta
2522 3944 2712 4005 suique
2747 3942 2836 3991 vix

1786 4029 2009 4081 compos
2043 4018 2267 4067 miratur
2301 4016 2368 4080 (v
2399 4015 2498 4079 44.)
2529 4015 2674 4067 locos
2696 4016 2836 4066 sacri

1785 4090 2025 4140 horroris
2058 4089 2296 4154 plenos.»
2347 4090 2499 4141 ovid.
2526 4090 2680 4140 Trist.
2707 4087 2756 4149 4,
2783 4091 2832 4149 4,

1785 4162 1883 4213 42:
1949 4165 2103 4225 thue
2134 4176 2280 4214 sumn
2311 4164 2522 4213 Bacchis
2552 4177 2652 4212 non
2691 4162 2837 4211 sentit

1786 4238 1964 4286 saucia
2011 4237 2220 4300 volum,
2279 4239 2416 4288 Dum
2459 4242 2618 4300 stimet
2649 4236 2838 4285 Edonis
