3234 4975
666 402 791 467 256

1438 390 1694 457 noim-11
1731 404 2070 460 cARmNUM
2156 468 2161 473 ‚

1009 563 1095 627 Te
1141 561 1278 626 suis
1322 572 1560 628 matres
1604 573 1897 629 metuunt
1942 563 2267 637 iuvencis,

1011 684 1096 749 Te
1144 703 1335 749 senes
1378 683 1556 770 parci
1602 683 2013 771 miseraeque
2062 703 2271 770 nuper

1002 804 1291 891 Virgines
1337 813 1599 890 nuptae,
1651 815 1761 872 tua
1812 826 1892 871 ne
1939 805 2221 872 retardet

1262 928 1434 990 Aura
1482 927 1764 993 maritos,

799 1124 880 1175 24.
920 1126 1058 1175 Cura
1090 1123 1251 1175 dubia
1284 1123 1505 1175 Bentleii
1542 1125 1806 1188 suspicio,
1845 1127 1900 1175 et
1933 1125 2013 1175 sic
2047 1125 2184 1189 Lips.
2225 1126 2272 1174 ⁴.

669 1299 975 1352 lescentulis
1010 1302 1066 1350 et
1097 1299 1165 1350 de
1200 1298 1389 1363 puellis
1424 1298 1711 1349 nubilibus,
1790 1301 2143 1361 consociavit,
2181 1313 2284 1352 nec
2306 1314 2438 1350 vero
2462 1300 2694 1351 dedecet
2715 1316 2845 1352 car-

670 1376 819 1426 Ovid.
845 1378 962 1426 Am.
989 1376 1019 1425 3
1036 1414 1048 1435 ,
1074 1376 1105 1425 5
1122 1414 1133 1436 ,
1171 1374 1251 1424 37.
1289 1375 1418 1424 Mire
1442 1375 1720 1425 Mitscher-

670 1449 805 1500 lich:
866 1450 1130 1510 «quenci,
1196 1462 1301 1498 non
1352 1450 1467 1499 sine
1518 1450 1716 1500 virtute

675 1523 989 1595 (ἐναργείᾳ),
1027 1525 1079 1573 in
1112 1536 1173 1573 re
1197 1521 1513 1586 turpicula.»
1563 1524 1720 1585 Equi-

673 1599 800 1649 dem
850 1596 977 1648 nihil
1026 1595 1274 1661 turpicnli
1325 1599 1456 1660 puto
1507 1599 1715 1657 inesse;

672 1674 839 1724 immo
888 1684 1019 1722 usus
1071 1673 1156 1721 est
1211 1669 1406 1720 eodem
1456 1670 1720 1721 vocabulo

670 1748 914 1812 poetice,
953 1759 1060 1810 quo
1083 1746 1291 1795 Rhesus
1325 1744 1379 1793 in
1402 1746 1719 1806 cognomine

672 1820 848 1872 fabula
882 1833 934 1869 ν.
972 1819 1086 1869 387.
1135 1812 1170 1867 ὁ
1203 1812 1560 1887 Στρυμόνιος
1598 1814 1721 1868 πῶ-

673 1892 774 1956 λος
806 1887 1011 1943 ἀοιδοῦ
1047 1887 1291 1956 Μούσης
1324 1893 1563 1942 vocatur.

735 2005 820 2055 22.
875 2002 1103 2067 miserae]
1164 2004 1442 2053 «maestae
1497 2006 1720 2067 propter

673 2080 960 2142 coniugum
1030 2075 1455 2136 infidelitatem»
1520 2078 1722 2139 puellae

672 2156 854 2204 autem
888 2156 944 2203 et
971 2153 1192 2216 virgines
1221 2151 1367 2201 haud
1401 2165 1525 2202 raro
1559 2154 1720 2203 etiam

670 2233 859 2290 nuptae
892 2227 1170 2287 dicuntur,
1207 2227 1268 2275 ut
1288 2227 1383 2276 Od.
1410 2226 1467 2287 3,
1508 2225 1595 2288 44,
1637 2229 1717 2277 Ηε

648 2302 867 2365 „puellae
906 2302 1011 2351 iam
1049 2302 1218 2351 virum
1249 2306 1502 2363 apertae.
1572 2301 1716 2364 Virg,

673 2374 783 2428 Ecl.
820 2376 877 2435 6,
916 2374 996 2426 47.
1023 2375 1091 2425 de
1122 2376 1379 2439 Pasiphae
1413 2376 1537 2440 post
1558 2388 1722 2425 vene-

673 2464 790 2502 rem
825 2458 952 2501 cum
987 2452 1140 2500 tauro
1174 2450 1435 2501 iunctam:
1468 2450 1615 2514 virqo
1638 2450 1721 2500 in-

670 2527 813 2590 felix.
874 2526 1155 2584 Ceterum,
1197 2537 1323 2574 cnm
1356 2526 1409 2575 in
1444 2524 1546 2575 hoc
1581 2537 1722 2587 quo-

673 2614 780 2665 que
838 2598 1071 2650 nonnulli
1130 2600 1390 2656 errarint,
1461 2599 1586 2649 nota
1643 2599 1721 2648 sic

673 2673 1097 2726 construendum
1153 2685 1304 2723 esse:
1366 2673 1589 2737 Vama&
1620 2674 1721 2722 mi-

671 2763 814 2800 serae
845 2761 1007 2810 maper-
1038 2752 1243 2809 nuptae.

736 2858 818 2910 24.
855 2858 1013 2922 Aura]
1049 2859 1196 2908 varie
1222 2859 1556 2922 interpretati
1577 2860 1720 2919 sunt,

672 2933 836 2984 veluti
869 2933 937 2983 de
984 2933 1148 2995 gratia
1199 2931 1274 2994 (ut
1324 2945 1458 2981 aura
1499 2933 1725 2994 popula-

670 3007 802 3071 ris);
856 3006 924 3055 de
976 3004 1262 3069 splendore
1313 3018 1377 3055 ac
1423 3003 1725 3069 pulchritu-

673 3081 798 3131 dine
851 3081 1095 3143 (Servius
1149 3078 1215 3128 ad
1267 3081 1399 3129 Aen.
1449 3080 1508 3140 6,
1564 3079 1720 3140 204.);

674 3156 742 3206 de
778 3154 945 3204 odore
979 3156 1403 3216 unguentorum;
1449 3152 1516 3203 de
1553 3153 1721 3204 odore

673 3232 727 3280 in
751 3229 986 3291 vestigiis
1022 3228 1283 3287 ferarum,
1322 3228 1413 3290 qui
1440 3241 1539 3291 per
1563 3241 1722 3279 auras

673 3304 744 3354 ad
789 3315 987 3354 canum
1033 3315 1193 3352 nares
1237 3300 1445 3352 delatus
1481 3316 1574 3353 eos
1609 3301 1724 3352 alli-

674 3379 775 3436 cit3
831 3377 899 3427 de
944 3376 1127 3427 afflatu
1171 3377 1284 3426 sive
1326 3376 1490 3426 halitu
1525 3378 1723 3429 amoris

675 3452 1016 3516 (comparatis
1038 3464 1124 3501 vv.
1152 3449 1247 3501 Od.
1275 3450 1323 3510 4,
1352 3451 1441 3512 ⁴3,
1469 3452 1558 3501 49:
1586 3453 1727 3514 Quae

671 3526 902 3589 spirabat
952 3525 1206 3590 amores),·
1258 3525 1343 3576 alii
1394 3525 1726 3576 advocarunt

672 3602 852 3664 Eurip.
891 3599 1059 3663 Iphig.
1099 3601 1153 3649 in
1186 3598 1302 3650 Aul.
1331 3600 1420 3650 69:
1457 3595 1723 3665 μνηστή-

667 3691 787 3761 ρων
856 3668 960 3724 ἕνα
1014 3667 1182 3725 ’Ότου
1251 3673 1426 3724 πνοαὶ
1491 3676 1724 3745 φέροιεν

675 3745 1001 3819 Αφροδίτης
1050 3747 1245 3812 φίλαι,
1302 3750 1482 3800 «cuius
1523 3763 1720 3799 antor.»

673 3825 838 3874 Hau.
876 3824 1078 3874 Verum
1114 3837 1181 3875 ex
1213 3838 1265 3875 v.
1302 3825 1383 3874 24.
1412 3837 1528 3874 voc.
1554 3824 1727 3874 iuven-

673 3899 745 3946 cis
776 3898 829 3948 in
863 3897 1003 3948 hanc
1036 3899 1324 3963 imaginem
1346 3897 1484 3949 ultro
1507 3898 1726 3948 devenit

1794 1387 1917 1424 men
1969 1375 2230 1425 iocosum.
2320 1376 2413 1425 Est
2462 1375 2637 1425 «odor
2681 1375 2765 1426 ille
2812 1390 2844 1425 a

1793 1449 2019 1498 iuvenca
2053 1450 2310 1510 emissus,
2349 1462 2458 1512 quo
2495 1452 2707 1512 captato
2733 1452 2847 1500 tau·

1793 1535 1885 1572 rus
1920 1523 1974 1572 in
2015 1536 2274 1574 venerem
2315 1525 2482 1574 ruit.»
2553 1522 2692 1574 Talia
2738 1538 2844 1575 non

1792 1596 1861 1646 ad
1921 1598 2167 1647 nostrum
2219 1610 2439 1648 sensum
2475 1597 2840 1656 diiudicanda;

1793 1669 2064 1733 siquidem
2097 1671 2165 1719 ab
2190 1666 2494 1722 huiusmodi
2526 1672 2844 1735 imaginibus

1795 1756 1860 1793 ex
1893 1745 2008 1808 ipsa
2040 1758 2222 1795 rerum
2255 1750 2444 1796 natura
2464 1747 2643 1810 petitis
2668 1748 2843 1797 minus

1794 1817 2161 1869 abhorrebant
2225 1822 2413 1870 Graeci
2481 1823 2537 1871 et
2604 1821 2839 1871 Romani.

1793 1893 1934 1955 virg.
1974 1895 2066 1943 Ge.
2105 1893 2162 1953 3,
2198 1894 2322 1944 250:
2375 1895 2553 1944 Nonne
2582 1896 2745 1957 vides,
2784 1900 2841 1944 ut

1794 1971 1901 2017 tota
1932 1972 2121 2017 tremor
2144 1972 2390 2029 pertentet
2430 1982 2674 2030 equorum
2716 1969 2842 2019 Cor-

1786 2055 1946 2103 pora,
1999 2042 2044 2090 si
2088 2046 2286 2091 tantum
2327 2048 2474 2092 notas
2517 2044 2643 2093 odor
2674 2044 2841 2093 attulit

1795 2115 1988 2165 auras?
2009 2116 2094 2164 Sic
2117 2116 2280 2166 etiam
2304 2115 2598 2167 Orientales
2622 2118 2839 2180 antiqui.

1796 2190 1954 2240 Certe
2011 2191 2369 2252 Hieronymus
2421 2191 2721 2242 Comment.
2775 2192 2844 2242 ad

1795 2265 2076 2314 Ieremiam
2120 2263 2300 2315 locum
2347 2266 2405 2325 2,
2453 2263 2535 2315 24.
2573 2266 2642 2314 ita
2679 2265 2845 2315 inter-

1793 2341 2060 2401 pretatur:
2109 2338 2268 2387 Sicuti
2301 2352 2492 2401 onager
2524 2340 2757 2388 adsuetus
2788 2340 2843 2388 in

1793 2412 2053 2462 solitudine
2086 2413 2241 2463 trahit
2281 2413 2335 2461 in
2368 2413 2608 2462 desiderio
2641 2414 2846 2463 animae

1792 2501 1914 2538 suae
1942 2493 2143 2537 ventum
2172 2488 2251 2537 vel
2281 2488 2515 2549 spiritum
2546 2490 2737 2538 amoris
2765 2487 2846 2537 sui

1793 2562 2056 2624 nullusque
2076 2567 2162 2624 est,
2187 2563 2273 2622 qui
2298 2575 2414 2612 eum
2430 2567 2654 2612 avertere
2669 2563 2840 2624 possit.

1800 2662 1855 2673 -
1882 2637 2025 2686 Haec
2052 2637 2206 2698 igitur
2229 2637 2356 2685 mihi
2389 2635 2600 2686 videtur
2627 2637 2844 2700 antiqua

1794 2711 2159 2774 interpretatio
2195 2712 2250 2760 et
2282 2723 2409 2760 vere
2444 2713 2705 2769 Romana;
2753 2723 2844 2760 ve-

1794 2798 1916 2834 rum
1953 2784 2325 2835 calamistratis
2370 2787 2677 2835 nostrorum
2711 2788 2845 2835 tem-

1796 2871 1991 2922 porum
2036 2860 2404 2909 Grammaticis
2449 2861 2619 2923 magis
2668 2858 2846 2923 placet

1797 2934 2049 2983 Serviane
2072 2932 2155 2983 illa
2172 2973 2184 2995 ,
2211 2947 2309 2997 pro
2332 2947 2436 2996 qua
2461 2933 2690 2984 afferunt
2712 2935 2845 2982 Pro-

1798 3010 1935 3071 pert.
1962 3009 2012 3068 2,
2049 3009 2142 3069 27,
2183 3009 2269 3057 45;
2308 3008 2846 3057 Simododamnatum

1796 3083 2104 3131 revocaverit
2126 3095 2262 3131 aura
2288 3082 2488 3143 puellae
2524 3081 2636 3144 (cfr.
2663 3082 2849 3131 Hertz-

1797 3156 1965 3218 bergii
2001 3156 2250 3219 Comm.).
2296 3155 2402 3205 Sed
2435 3156 2580 3205 omni
2615 3156 2698 3205 isti
2732 3154 2846 3204 ele-

1797 3232 2005 3294 gantiae
2047 3230 2271 3280 flrmiter
2304 3230 2483 3280 obstat
2514 3243 2682 3279 unum
2717 3229 2845 3281 illud

1796 3305 2028 3354 iuvene-ia.
2102 3304 2262 3367 (Cura
2305 3317 2435 3354 vero
2481 3304 2698 3367 probari
2743 3317 2848 3354 ne-

1797 3381 1912 3442 quit
1954 3380 2175 3443 propter
2225 3392 2278 3427 v.
2323 3379 2402 3439 8.,
2452 3381 2512 3427 ut
2555 3379 2686 3429 vidit
2729 3380 2845 3442 ipse

1797 3451 2082 3504 BentleiuS.
2155 3453 2315 3502 Recte
2339 3451 2624 3503 nobiscum
2647 3453 2846 3502 faciens

1797 3525 2198 3577 Wernsdorflus
2267 3526 2334 3576 ad
2403 3527 2567 3576 Prisc.
2638 3528 2841 3588 Perieg.

1800 3601 1955 3650 ⁴020:
2005 3600 2176 3650 «Aura
2208 3601 2502 3664 generatim
2537 3599 2639 3650 dici
2673 3601 2847 3665 poetis

1798 3673 1959 3737 solet,
1996 3675 2257 3739 quidquid
2291 3688 2453 3725 sensu
2478 3673 2655 3738 aliquo
2682 3675 2844 3734 tenui,

1797 3751 1943 3812 visu,
1981 3752 2190 3811 odore,
2227 3751 2411 3800 auditu
2445 3752 2598 3815 quasi
2633 3749 2735 3801 levi
2766 3749 2848 3799 af-

1798 3825 1928 3875 ssatu
1950 3826 2272 3889 percipitur,
2302 3827 2360 3874 ut
2381 3823 2524 3889 apud
2547 3825 2687 3887 Virg.
2712 3826 2842 3874 Aen.

1799 3900 1855 3960 7,
1906 3898 2028 3949 646:
2086 3899 2163 3949 Ad
2211 3913 2303 3949 nos
2342 3903 2436 3950 via>
2480 3900 2641 3950 unicis
2678 3898 2850 3962 famae

674 3972 832 4035 poeta
889 3974 1050 4036 atque
1107 3986 1230 4024 eam
1287 3972 1356 4024 illi
1405 3976 1464 4023 ut
1507 3973 1723 4023 affinem
1792 3972 2079 4035 portabitur
2113 3973 2323 4036 auram)
