3234 4975
650 361 674 426 ·l
690 362 770 426 54

1417 366 1674 415 HORATH
1710 367 2045 419 CARMINUM

904 523 1125 588 Aerias
1172 530 1451 587 tentasse
1496 521 1727 587 domos
1771 523 2116 608 animoque
2164 522 2506 587 rotundum
2775 526 2814 587 ὃ

1237 642 1647 708 Percurrisse
1693 641 1913 729 polum
1958 643 2283 709 morituro.

902 761 1154 831 Occidit
1197 775 1260 829 et
1303 762 1562 850 Pelopis
1606 763 1893 850 genitor,
1943 764 2212 830 conviva
2256 763 2554 837 deorum,

1241 883 1679 971 Tithonusque
1724 895 2010 950 remotus
2054 885 2118 948 in
2162 905 2356 951 auras

899 1045 974 1109 Et
1017 1042 1186 1108 Iovis
1227 1042 1478 1109 arcanis
1523 1042 1727 1109 Minos
1770 1041 2117 1119 admissus,
2164 1040 2534 1130 habentque

778 1235 826 1282 5.
865 1237 1127 1295 temptasse
1165 1231 1220 1281 T.
1265 1258 1318 1267 ——
1357 1231 1405 1279 6.
1442 1229 1729 1280 φονίων-οφ
1762 1230 1843 1279 FJ.

648 1402 892 1459 κατέχει·
931 1400 1074 1448 iaces
1108 1397 1348 1447 mortuus
1383 1397 1436 1445 in
1471 1398 1693 1458 angusto

648 1474 812 1525 litoris
855 1473 1065 1522 arenosi
1111 1472 1333 1535 spatio.»
1389 1470 1692 1533 (Utramque

649 1550 786 1599 hanc
808 1547 1296 1611 interpretationem
1320 1545 1531 1608 egregie
1555 1543 1697 1593 refu·-

648 1625 777 1672 tavit
810 1621 1032 1672 Platzius
1068 1620 1457 1685 (Bemerkunyen
1491 1633 1539 1668 z.
1567 1618 1690 1667 Hor.

649 1697 744 1748 Od.
785 1698 823 1747 1.
861 1698 943 1746 28.
989 1695 1286 1745 wel-them.
1340 1694 1485 1744 4846.
1534 1705 1588 1756 p.
1632 1692 1694 1741 49

649 1773 788 1836 sqq.)
798 1810 810 1832 ,
835 1771 1161 1835 argumentis
1174 1769 1346 1818 ductis
1358 1769 1695 1831 potissimum

649 1860 680 1896 e
705 1846 1084 1909 significatione
1109 1843 1261 1894 verbi
1283 1842 1521 1903 cohibere,
1550 1855 1697 1891 «unt-

649 1921 954 1971 scmtossonm
930 1920 978 1984 n)

713 1997 764 2044 ὅ.
815 1994 997 2044 Aerias
1044 1997 1254 2042 mutasse
1285 1991 1468 2055 domos]
1505 1995 1699 2040 tentare

649 2082 730 2133 pr.
753 2067 1017 2131 tangendo
1037 2065 1339 2131 explorare3
1366 2066 1489 2115 hinc
1512 2048 1692 2127 etiam,

653 2146 708 2192 ut
742 2143 845 2192 hoc
877 2141 1025 2202 loco,
1064 2142 1217 2202 eniti,
1253 2141 1474 2204 provehi
1499 2137 1693 2202 aliquo,

651 2230 754 2267 non
789 2217 901 2265 sine
926 2214 1205 2276 audaciae,
1243 2227 1346 2264 nec
1369 2216 1547 2264 tamen
1572 2225 1695 2262 cum

651 2290 936 2354 impietatis
986 2290 1218 2339 notione.
1296 2289 1436 2351 Virg.
1489 2286 1594 2338 Ecl.
1644 2286 1693 2347 4,

651 2365 738 2415 32:
797 2369 991 2414 tentare
1047 2364 1228 2413 stetim
1277 2362 1484 2412 ratibus.
1533 2363 1694 2411 Tacit.

651 2443 827 2491 Germ.
855 2438 943 2491 34:
969 2440 1137 2502 Ipsum
1157 2464 1186 2475 -
1209 2438 1459 2488 Oceanum
1479 2437 1570 2487 illa
1596 2442 1701 2487 ten·-

649 2517 881 2566 tavimus,
945 2513 1159 2576 «Nilum
1198 2514 1390 2577 inquit,
1430 2515 1520 2562 «te
1555 2513 1701 2561 iuvat

650 2588 962 2653 astrologiae
996 2602 1098 2653 ope
1128 2589 1304 2639 sidera
1327 2588 1698 2638 dinumerasse

650 2667 810 2728 atque
861 2676 1050 2714 eorum
1101 2665 1357 2726 sphaeras
1409 2663 1462 2712 et
1508 2673 1698 2711 cursus

649 2740 995 2802 investigasse
1026 2738 1318 2802 mundique
1340 2737 1574 2786 universi
1597 2735 1702 2784 for-

650 2827 795 2864 mam
813 2819 868 2863 et
884 2813 1333 2863 constructionem
1351 2810 1697 2875 explicassem

650 2888 795 2952 quod
863 2887 1258 2950 antiquissimae
1332 2883 1697 2949 philosophiae

650 2962 1021 3024 gravissimum
1054 2963 1216 3023 caput
1256 2963 1387 3009 erat.
1429 2957 1698 3008 —Ptole-

652 3049 838 3086 maeus
872 3038 1210 3086 astronomus
1254 3036 1306 3084 in
1339 3032 1546 3083 Anthol.
1586 3031 1694 3119 Pal:

651 3112 713 3159 11
751 3123 804 3174 p.
841 3111 965 3159 205:
1020 3102 1135 3158 026'
1187 3101 1277 3158 ὅτι
1325 3103 1538 3169 θνατὸς
1584 3100 1695 3172 ἐγώ

651 3185 750 3234 καὶ
784 3180 1105 3271 ἐφάμερος·
1141 3177 1260 3233 ἀλλ’
1294 3176 1435 3233 ὅταν
1468 3176 1696 3269 ἄστρων

652 3254 932 3309 Μαστεύω
988 3254 1231 3320 πυκινὰς
1284 3251 1697 3328 ἀμφιδρόμους

653 3326 864 3396 ἕλικας,
891 3327 1086 3384 οὗκέτ’
1110 3329 1382 3396 ἑκιψαὺω
1403 3335 1574 3399 γαίης
1597 3347 1698 3381 πο-

652 3412 765 3472 σὶν,
796 3404 944 3459 ἀλλὰ
965 3403 1088 3479 παρ’
1117 3403 1271 3475 αὐτῷ
1294 3410 1434 3458 Ζανὶ
1454 3408 1697 3479 θεοτρο-

651 3488 794 3552 φίης
828 3484 1162 3551 πίμπλαμαι
1194 3479 1543 3556 ἀμβροσίης.
1598 3487 1699 3534 Se-

651 3575 785 3611 neca
819 3561 988 3611 Praet'.
1039 3559 1107 3609 ad
1143 3561 1355 3620 Quaest.
1405 3561 1512 3609 nat.
1551 3562 1606 3610 L.
1646 3557 1694 3608 3.

651 3637 719 3686 de
756 3650 844 3687 se:
882 3638 1046 3688 Seno-c
1076 3636 1320 3686 mundum
1350 3635 1566 3684 circuire
1585 3647 1703 3684 con-

650 3712 789 3760 stitui
809 3716 855 3761 et
874 3724 1057 3761 causas
1076 3714 1360 3771 secretaque
1381 3710 1486 3758 eius
1505 3721 1695 3758 eruere.

652 3785 761 3834 Cic.
788 3785 857 3834 de
881 3787 1027 3836 Finn.
1053 3786 1112 3847 2,
1150 3785 1240 3844 34,
1277 3785 1397 3834 ⁴02:
1435 3783 1570 3834 Haec
1600 3798 1701 3833 non

651 3865 799 3909 erant·
829 3860 935 3910 eius
969 3860 1249 3925 (Epicuri),
1287 3859 1373 3920 qut
1407 3859 1701 3908 innumora-

652 3934 770 3983 biles
816 3936 1026 3984 mundos
1076 3934 1394 3998 infinitasque
1443 3934 1698 3996 reqiones,

654 4022 868 4069 quorum
900 4009 1042 4058 nulla
1066 4014 1185 4059 esset
1206 4024 1326 4069 ora,
1367 4008 1508 4057 nulla
1529 4013 1700 4058 extre-

651 4083 826 4143 mitas,
862 4088 1021 4132 monto
1046 4085 1435 4147 porayravisset.

719 4159 766 4205 5.
806 4159 854 4207 6.
893 4159 1163 4207 rotundum
1184 4184 1212 4194 -
1227 4158 1420 4222 polum]
1458 4154 1698 4207 «caelum

655 4233 808 4294 quasi
844 4236 1305 4293 concameratum,
1344 4232 1557 4282 fornicis
1581 4244 1702 4294 spe-

1769 1396 1908 1445 ciem
1942 1395 2207 1446 habens.»
2251 1423 2303 1432 —-
2342 1399 2603 1464 morituro]
2644 1400 2816 1450 «Cum

1769 1468 2106 1521 nihilominus
2138 1472 2274 1521 mori
2298 1471 2602 1535 debueris‚»
2639 1477 2697 1525 ut
2719 1476 2812 1524 Od.

1768 1544 1826 1605 2,
1864 1542 1924 1605 3,
1964 1544 2019 1593 4ε
2056 1544 2281 1606 Aequam
2312 1553 2554 1597 ’nomento
2586 1548 2732 1599 rebus
2764 1551 2817 1597 in

1767 1618 1945 1666 arduis
1964 1618 2181 1668 Servare
2198 1625 2435 1683 montom,
2472 1648 2500 1658 -
2521 1648 2551 1658 -
2572 1624 2816 1672 mor-iture

1768 1692 1914 1742 Delli.

1834 1767 1882 1815 7.
1923 1767 2356 1831 «Quamquam»,
2400 1770 2636 1834 inquit‚»
2682 1771 2817 1822 haec

1770 1843 2068 1893 communis
2103 1845 2188 1893 est
2218 1856 2337 1894 sors
2363 1846 2619 1907 omnium,
2657 1847 2819 1895 etiam

1770 1916 2026 1977 heroum,
2077 1918 2238 1967 etiam
2272 1920 2624 1981 sapientum.»
2688 1921 2820 1970 Fun-

1771 1988 1871 2039 dus
1920 1990 2078 2041 huius
2123 1990 2495 2043 consolationis
2541 1997 2624 2044 est
2670 1992 2814 2043 ltiad.

1770 2079 1835 2123 σ,
1874 2065 2016 2123 447.,
2069 2065 2163 2114 ubi
2206 2065 2460 2117 Achilles:
2515 2061 2661 2117 Οὐδὲ
2693 2063 2818 2150 γὰρ

1771 2131 1905 2189 οὐδὲ
1948 2136 2052 2204 βίη
2080 2133 2402 2211 Ἡρακλῆος
2446 2137 2597 2207 φύγε
2630 2137 2815 2212 Κῆρα,

1760 2206 2005 2297 Ὅσπερ
2019 2214 2295 2277 φίλτατος
2344 2208 2480 2265 ἔσκε
2528 2216 2616 2266 Διὶ
2667 2217 2819 2339 Κρο-

1771 2291 1931 2339 νίωνι
1963 2282 2187 2339 ἄνακτι·
2227 2284 2386 2339 Ἀλλά
2422 2290 2453 2340 ἑ
2484 2290 2650 2377 Μοῖρ’
2687 2306 2713 2341 ε
2749 2306 2821 2339 α-

1770 2378 1965 2428 μασσε
1998 2365 2099 2414 καὶ
2131 2358 2412 2436 ἀργαλέος
2434 2362 2637 2428 χόλος
2641 2358 2815 2436 Ἡρης.

1758 2433 1867 2502 ἿΩς
1889 2439 1987 2488 καὶ
2010 2435 2155 2506 ἐγών
2177 2438 2295 2490 κτλ.
2322 2468 2377 2476 —-
2395 2441 2586 2503 Pelopis
2604 2440 2818 2505 genitor]

1771 2513 2035 2574 Tantalus,
2063 2514 2233 2578 epulis
2254 2516 2491 2579 supremi
2514 2517 2652 2566 lovis
2674 2515 2824 2564 adhi-

1772 2588 1932 2639 bitus.
1961 2588 2344 2653 Pind.01y1np.
2372 2589 2539 2650 4,ὅ4;
2568 2587 2816 2654 Ειδὲδή

1772 2663 1871 2713 τιν’
1897 2656 2081 2749 ἄνδρα
2112 2660 2329 2713 θνατὸν
2360 2658 2644 2728 Ὀλύμπου
2678 2679 2820 2714 σκο-

1773 2739 1873 2788 ποὶ
1907 2733 2246 2802 Ἐτίμασαν,
2286 2731 2356 2804 ἧν
2392 2735 2684 2802 Τάνταλος
2718 2729 2821 2790 οὖ-

1774 2827 1889 2874 τος.
1917 2814 2094 2876 Eurip
2124 2815 2294 2863 Orest.
2322 2814 2377 2863 9:
2416 2813 2575 2875 θεοῖς
2603 2809 2821 2900 ἄνθρω-

1773 2903 1881 2950 πος
1920 2903 2002 2936 ων
2045 2884 2258 2952 Κοινῆς
2301 2890 2577 2972 τραπέζης
2618 2884 2819 2953 rigam

1772 2978 1922 3023 εχων
1944 2959 2101 3023 ἴσον,
2122 2957 2511 3012 Ἀκόλαστον
2481 2977 2621 3023 εσχε
2641 2959 2822 3030 γλῶσ-

1772 3054 1910 3098 σαν,
1973 3039 2284 3103 αἰσχίστην
2317 3034 2514 3087 νόσον.

1836 3114 1884 3163 8.
1940 3113 2131 3162 Tithoni
2179 3111 2410 3162 fabulam
2454 3126 2508 3162 v.
2554 3113 2605 3162 in
2664 3112 2815 3163 Hom.

1772 3189 1964 3250 Hymn.
2014 3188 2064 3236 in
2105 3187 2237 3236 Ven.
2284 3187 2397 3236 2⁴9.
2446 3187 2819 3236 Laomedontis

1770 3263 1865 3313 fuit
1882 3261 2017 3312 filius
2032 3300 2043 3320 ,
2072 3262 2263 3312 Priami
2281 3261 2458 3310 frater.
2481 3261 2586 3311 Cfr.
2604 3261 2818 3311 omnino

1771 3337 1865 3387 Od.
1892 3338 1949 3397 2,
1988 3336 2080 3397 46,
2117 3337 2198 3386 30.
2241 3361 2297 3372 -
2326 3340 2545 3385 romolus
2564 3336 2619 3384 in
2641 3337 2815 3400 auras]

1774 3414 1956 3463 Utrum
1997 3410 2106 3460 «ab
2147 3413 2349 3460 Aurora
2390 3410 2444 3460 iu
2485 3409 2692 3460 caelum
2727 3423 2822 3460 ra-

1772 3490 1965 3551 ptus,»
2020 3500 2088 3536 an
2132 3486 2258 3549 aqui
2304 3487 2358 3535 in
2401 3497 2560 3535 auras
2604 3485 2819 3535 tandem

1774 3561 2060 3620 evanuit,»
2104 3563 2164 3610 ut
2209 3561 2321 3610 fere
2364 3560 2458 3609 Od.
2497 3561 2555 3621 2,
2595 3561 2688 3620 46,
2727 3559 2816 3608 30:

1772 3639 1949 3700 Lonya
1983 3635 2239 3685 Tithonum
2270 3635 2452 3683 ηιίπαίι
2471 3635 2727 3684 senectus?
2760 3632 2824 3684 ll-

1773 3709 1865 3761 lud
1887 3711 2042 3759 unice
2066 3721 2283 3758 verum:
2312 3709 2511 3758 etenim
2533 3709 2822 3771 requiritur

1773 3785 1889 3835 laus
1924 3784 2097 3847 aliqua
2132 3784 2464 3847 respondens
2493 3783 2591 3835 illis
2612 3784 2823 3833 conviva

1776 3862 1981 3910 deor-tam
2031 3862 2086 3909 et
2132 3859 2261 3907 Iovis
2305 3859 2511 3907 arcanis
2560 3859 2817 3907 admissus.

1777 3934 1953 3997 Eurip.
1981 3934 2151 3983 Troad
2175 3934 2297 3983 855:
2325 3924 2421 3980 ’Όν
2453 3925 2713 4018 ἀστέρων
2732 3932 2823 3982 τέ-

1775 4007 2026 4078 θριππος
2044 4001 2214 4067 ἔλαβε
2230 4001 2479 4077 χρύσεος
2494 3999 2637 4069 ὄχος
2654 4000 2825 4076 ἀναρ-

1777 4079 1983 4145 πάσας.
2034 4084 2160 4132 Stat
2212 4081 2332 4131 Sitv.
2374 4083 2432 4142 4,
2481 4082 2543 4141 2,
2594 4080 2685 4132 44:
2736 4093 2825 4130 nec

1774 4159 1817 4206 si
1838 4159 1975 4207 aima
1990 4169 2087 4219 por
2107 4168 2267 4206 auras
2304 4156 2365 4205 To
2390 4156 2560 4217 potius
2586 4168 2823 4218 prensum

1774 4233 1965 4282 veheret
2002 4233 2223 4281 Τίιὴοηόο
2263 4231 2395 4295 biga.
2468 4232 2696 4282 Rmotus
2726 4230 2824 4292 igi-
