3234 4975
643 382 765 447 694

1446 387 1699 436 HORATll
1741 388 1995 442 EPODON

900 540 973 606 Ut
1015 559 1260 626 nuper,
1309 551 1491 605 actus
1534 561 1683 607 cum
1725 542 1886 607 freto
1929 542 2284 629 Neptunius

981 661 1124 725 Dux
1165 660 1323 747 fugit
1367 662 1528 727 ustis
1571 661 1871 737 navibus,

904 781 1176 847 Minatus
1221 780 1376 848 Urbi
1419 781 1657 858 vincla,
1707 802 1878 869 quae
1923 781 2287 849 detraxerat

978 901 1197 967 Servis
1240 903 1485 968 amicus
1529 900 1816 988 perfidis.

2738 906 2818 970 io

896 1025 1258 1097 Romanus,
1307 1020 1492 1098 eheu,
1518 1059 1603 1070 —
1631 1023 1871 1109 posteri
1917 1022 2229 1110 negabitis
2257 1062 2342 1072 —

985 1143 1434 1230 Emancipatus
1479 1142 1754 1208 feminae

900 1267 1046 1330 Fert
1090 1262 1326 1329 vallum
1371 1272 1435 1329 et
1477 1282 1658 1329 arma
1700 1261 1885 1329 miles
1931 1273 1996 1330 et
2038 1263 2434 1349 spadonibus

985 1385 1243 1450 Servire
1285 1384 1540 1470 rugosis
1587 1392 1831 1469 potest,

773 1565 982 1614 44.1ιοα
1013 1564 1107 1614 hou
1138 1564 1193 1614 F.
1231 1590 1284 1599 —-
1325 1564 1403 1614 ⁴2
1441 1561 1661 1615 Ultimus
1694 1563 1850 1612 huius
1885 1563 2133 1612 carminis
2167 1577 2217 1611 v.
2255 1563 2307 1614 in
2339 1564 2397 1612 B.

643 1721 831 1771 Athen.
859 1723 906 1780 4,
933 1720 1023 1770 28:
1052 1713 1336 1791 (Όμηρος)
1361 1723 1536 1783 τοῒς-
1556 1717 1697 1807 βαρ·

642 1789 847 1879 βάροις
903 1788 1217 1844 ἀποδίδωσι
1273 1788 1409 1855 τοὺς
1458 1787 1690 1855 αὖλοίς.

644 1870 736 1918 Est
759 1863 794 1933 ἡ
821 1868 1114 1938 Φρυγιστὶ,
1154 1881 1290 1931 quae
1316 1868 1691 1931 computationi

646 1945 728 1993 est
762 1942 1331 1993 accommodatissima.
1388 1943 1484 1992 Od.
1511 1943 1568 2006 3,
1611 1943 1690 2004 ⁴9,

650 2018 711 2066 48
731 2030 812 2079 sq.
841 2015 945 2065 Cfr.
961 2014 1145 2065 Catuli.
1169 2014 1249 2074 64,
1271 2015 1395 2065 264:
1435 2015 1697 2065 Barbara-

651 2103 750 2151 quo
792 2090 1020 2140 horribili
1057 2089 1298 2139 stridebat
1346 2090 1471 2139 tibia
1518 2096 1691 2140 cantu.

645 2164 956 2226 (Barbarum
976 2177 1075 2227 pro
1098 2163 1354 2225 Pbrygio;
1380 2163 1501 2214 vide
1527 2164 1689 2215 Stanl.

645 2239 711 2288 ad
748 2238 943 2288 Aesch.
995 2239 1139 2287 Pers.
1186 2238 1299 2287 487.
1353 2238 1536 2300 Hau.)
1596 2238 1694 2289 Alii

645 2314 894 2378 quidem,
942 2315 1000 2363 ut
1041 2315 1197 2376 putu,
1247 2314 1423 2364 minus
1457 2317 1603 2364 recte
1637 2329 1689 2364 v.

644 2388 921 2437 barbarum
963 2387 1030 2436 de
1073 2387 1239 2450 Lydia
1283 2387 1558 2438 harmonia
1596 2402 1694 2437 ex·-

645 2460 857 2527 plicant.
920 2489 974 2498 —
1040 2462 1185 2511 Hanc
1252 2466 1434 2511 autem
1500 2456 1694 2513 αὐλῶν

649 2534 793 2606 πρὸς
845 2532 1023 2605 λύραν
1066 2536 1372 2585 κοινωνίαν
1421 2537 1694 2599 Ephippus

645 2612 922 2675 μεγίστην
952 2610 1160 2678 τέρψιν
1192 2611 1348 2659 vocat
1381 2623 1466 2673 ap.
1498 2610 1690 2659 Athen.

647 2684 737 2745 ⁴4,
775 2684 854 2743 9.,
892 2685 948 2733 et
979 2685 1169 2733 usitata
1205 2684 1320 2732 erat
1362 2684 1468 2732 iam
1503 2683 1626 2732 iude
1662 2696 1691 2731 a

647 2757 978 2822 temporibus
1014 2757 1310 2807 Homericis
1357 2755 1411 2806 ll.
1451 2770 1515 2817 σ,
1563 2755 1690 2805 495ι

648 2826 825 2882 Αὖλοὶ
869 2827 1186 2899 φόρμιγγές
1230 2844 1291 2880 τε
1333 2825 1485 2895 βοὴν
1530 2823 1690 2889 ἔχον.

710 2907 854 2956 7-40.
897 2907 956 2955 Ut
986 2905 1163 2967 nuper]
1196 2904 1693 2963 «Quemadmodum

646 2979 843 3030 abhinc
877 2980 1132 3031 sexennio
1169 2978 1234 3042 (a.
1270 2993 1323 3029 u.
1359 2993 1406 3029 c.
1444 2978 1576 3039 748.)
1613 2979 1696 3029 fe-

647 3056 819 3104 cimus
834 3092 845 3113 ,
884 3057 943 3103 ut
965 3053 1222 3103 sollemne
1246 3054 1549 3104 convivium
1573 3066 1697 3115 age-

647 3139 829 3176 remus
861 3128 1081 3189 propter
1114 3128 1232 3176 Sex.
1261 3128 1571 3191 Pompeium
1603 3127 1697 3177 de-

645 3202 845 3250 victum
899 3198 967 3248 ab
1024 3200 1305 3249 Octaviano
1357 3203 1412 3249 et
1463 3201 1694 3264 Agrippa

645 3285 813 3338 prope
865 3273 1165 3323 Messanam
1216 3276 1269 3323 et
1324 3279 1492 3323 actum
1542 3271 1696 3336 (διω-

647 3348 890 3409 χθέντα,
927 3347 1182 3411 fugatum)
1236 3360 1299 3396 ex
1351 3347 1484 3397 freto
1519 3347 1693 3397 Siculo

649 3426 961 3489 (posteaque
996 3423 1047 3472 in
1086 3423 1208 3472 Asia
1244 3423 1578 3472 interfectum
1624 3423 1692 3473 ab

647 3498 992 3560 Antonianis).
1020 3499 1348 3561 Oppressum
1366 3500 1547 3548 autem
1571 3500 1691 3547 Sex.

648 3573 957 3636 Pompeium
1027 3574 1299 3635 tamquam
1359 3571 1694 3635 praeludium

648 3648 807 3709 atque
858 3657 1017 3694 omen
1069 3646 1319 3695 victoriae
1354 3646 1422 3695 de
1470 3646 1694 3696 Antonio

647 3717 1003 3782 reportandae
1028 3721 1311 3769 memorat.
1337 3746 1390 3755 -—
1417 3719 1697 3781 Neptunius

651 3793 794 3854 Dum]
829 3794 886 3842 In
921 3795 1040 3843 Sex.
1079 3793 1314 3856 Pompeii
1356 3806 1574 3843 nummo
1614 3796 1698 3844 est

648 3868 922 3929 Neptunus
957 3866 1191 3930 aplustre
1214 3880 1377 3917 manu
1400 3870 1616 3929 gestans
1641 3870 1698 3919 et

648 3939 826 3990 addita
861 3954 1038 4005 prora.
1094 3939 1296 4003 (Miiller
1326 3942 1536 3991 Denlcm.
1563 3944 1601 3991 1.
1629 3944 1691 3992 N.

648 4013 782 4076 342.)
842 4016 991 4064 «Sex.
1022 4014 1302 4078 Pompeius
1337 4027 1396 4064 se
1432 4013 1594 4065 filium
1619 4016 1697 4065 di-

650 4088 810 4138 cebat
842 4100 963 4139 esse
997 4090 1254 4151 Neptuni,
1292 4091 1352 4139 ut
1384 4090 1456 4138 a'tt
1486 4091 1691 4149 Livius,

650 4161 816 4212 elatus
861 4174 1044 4212 rerum
1091 4163 1220 4212 mari
1268 4165 1539 4226 gestarum
1578 4164 1697 4214 feli-

651 4237 835 4295 citate,
890 4248 1058 4298 quare
1106 4236 1157 4285 in
1207 4236 1390 4286 habitu
1431 4239 1691 4303 Neptuni,

1767 1720 1919 1768 veste
1954 1718 2205 1768 nimirum
2238 1732 2472 1783 cyanea,
2510 1723 2693 1771 contra
2716 1722 2817 1771 ho-

1769 1793 1879 1842 stes
1930 1791 2250 1855 pugnabat.»
2310 1794 2479 1844 Comi.
2518 1795 2674 1853 Cano.
2734 1795 2818 1844 Si-

1767 1864 1909 1914 milia
1960 1866 2175 1916 tradunt
2222 1866 2319 1917 Dio
2370 1865 2463 1928 48,
2501 1868 2581 1917 49.
2637 1867 2813 1918 Aurei.

1770 1939 1965 1989 Victor.
2004 1941 2060 1990 C.
2106 1940 2192 1990 84:
2253 1941 2379 1990 Cum
2426 1942 2562 1990 mar-i
2609 1942 2819 2005 feliciter

1766 2018 2013 2074 uteretur,
2049 2014 2267 2075 Neptuni
2298 2027 2349 2063 se
2378 2014 2539 2078 filium
2570 2017 2819 2079 confossus

1767 2092 1866 2148 ost,
1919 2099 2128 2149 eumque
2159 2087 2313 2137 bubus
2356 2089 2555 2138 auratis
2598 2094 2645 2138 οι
2691 2102 2818 2150 equo

1761 2161 2004 2222 placavit.
2047 2186 2100 2196 —
2152 2162 2275 2211 ustis
2314 2162 2540 2225 navibus]
2590 2163 2689 2213 Dio
2723 2163 2815 2222 49,

1771 2235 1861 2283 4οε
1900 2230 2087 2284 πάντα
2120 2229 2192 2284 τὰ
2225 2232 2432 2300 σκάφη
2467 2231 2721 2300 (Σέξτου)
2746 2234 2817 2285 τά

1766 2321 1827 2356 τε
1861 2307 1920 2370 ἐς
1964 2303 2032 2357 τὸ
2065 2306 2377 2374 τεναγῶδες
2416 2303 2727 2360 daemona
2760 2304 2819 2373 (ὁ

1766 2381 2015 2452 Καῖσαρ)
2056 2385 2437 2454 κατεπίμπρη.
2484 2410 2539 2422 --
2592 2386 2820 2436 Minatus

1772 2457 1890 2506 Urbi
1908 2458 2093 2522 vincla]
2131 2471 2349 2522 semper
2372 2461 2570 2519 tamen,
2611 2457 2697 2509 vel
2718 2472 2820 2524 per

1769 2544 2043 2591 nummos,
2081 2533 2246 2595 patris
2280 2532 2546 2583 vindicem
2586 2546 2708 2584 sese
2743 2535 2821 2584 se-
2874 2548 2879 2553 ·

1770 2617 1912 2655 rens.
1954 2633 2009 2641 —
2047 2606 2229 2669 Servis]
2275 2606 2371 2656 Dio
2406 2606 2495 2664 48,
2526 2607 2617 2656 ⁴9:
2653 2603 2725 2657 τό
2756 2622 2820 2657 τε

1768 2679 1990 2729 ἐκείνου
2044 2680 2218 2740 (Sexti)
2272 2675 2543 2730 ναυτικὸν
2600 2683 2699 2731 καὶ
2747 2669 2817 2732 τὸ

1767 2750 1882 2802 τῶν
1914 2748 2137 2803 δούλων
2179 2748 2293 2802 τῶν
2338 2751 2402 2804 ἐκ
2446 2749 2553 2818 τῆς
2580 2749 2817 2818 Ἰταλίας

1768 2822 2213 2891 ἀφικνουμένων
2281 2825 2505 2892 πλῆθος
2562 2829 2817 2899 προσλα-

1767 2898 1892 2963 βών
1926 2898 2199 2966 πάμπολυ
2233 2896 2488 2968 ηὐξήθη.
2533 2900 2817 2955 Τοσοῦτοι

1768 2973 1878 3045 γὰρ
1926 2971 1997 3040 62>
2055 2970 2457 3042 ηὐτομόλουν,
2516 2993 2665 3029 ωστε
2716 2980 2818 3029 καὶ

1768 3047 1872 3113 τὰς
1905 3046 2320 3121 ἀειπαρθένους
2352 3052 2482 3101 καθ’
2521 3047 2687 3121 ἱερῶν
2728 3046 2819 3103 εὗ-

1768 3122 1985 3189 ξασθαι
2038 3123 2418 3191 ἐπισχεθῆναι
2479 3124 2648 3188 σφῶν
2712 3125 2819 3191 τὰς

1768 3194 2140 3264 αὐτομολίας.
2169 3202 2317 3251 OroS.
2345 3202 2401 3261 6,
2430 3202 2514 3252 ⁴8:
2554 3202 2815 3263 Continuo,

1767 3287 1883 3324 cum
1915 3280 2093 3324 contra
2128 3280 2337 3337 pactum
2378 3275 2636 3336 Pompeius
2677 3277 2819 3339 suffi-

1769 3349 1894 3398 tivos
1914 3350 2188 3412 adimeret,
2226 3354 2282 3398 ut
2314 3350 2469 3398 hostis
2499 3349 2695 3399 habitus
2725 3354 2812 3400 ost.

1770 3425 1876 3475 cfr,
1914 3424 2083 3488 Epod.
2107 3423 2168 3484 4,
2208 3425 2288 3474 49.
2326 3422 2508 3474 Vellei.
2535 3426 2595 3485 2,
2633 3425 2712 3475 73.

1836 3501 1889 3550 44
1906 3498 2025 3549 -44,
2063 3500 2317 3548 Romanus
2335 3524 2364 3534 -
2385 3524 2416 3534 -
2438 3499 2815 3562 Emancipacus]

1765 3573 2106 3634 Emancipare
2137 3585 2186 3621 se
2219 3572 2374 3621 alicui
2408 3574 2489 3621 est
2525 3584 2615 3622 «se
2652 3571 2819 3623 veluti

1767 3648 1821 3697 in
1857 3648 1973 3698 eius
2008 3648 2331 3710 mancipium
2364 3646 2678 3705 transferre,
2732 3649 2819 3696 to-

1768 3723 1882 3771 mm
1905 3735 1965 3772 se
1989 3720 2137 3771 alteri
2160 3720 2427 3771 tradere.»
2464 3721 2651 3781 (minor
2677 3722 2820 3770 Fran

1767 3796 2129 3858 Loibeiqmer.»
2165 3793 2340 3855 Voss.)
2372 3792 2539 3843 Plaut.
2561 3794 2812 3845 Bacchid.

1770 3871 1828 3931 4,
1884 3872 1939 3931 4
1994 3869 2087 3919 59:
2143 3870 2315 3929 Nunc,
2366 3867 2570 3928 miniter,
2622 3867 2820 3918 tibine

1769 3955 2076 4004 antaricupm·
2136 3942 2264 3990 Tuus
2294 3955 2435 4001 sum,
2484 3940 2573 3990 tibi
2608 3954 2819 4002 operam

1770 4018 1849 4066 du.
1911 4017 2019 4067 Cic.
2058 4015 2187 4066 Phil.
2226 4017 2285 4076 2,
2321 4016 2416 4064 2⁴:
2453 4020 2561 4064 tum
2592 4015 2820 4065 ἰειουαι-

1770 4090 2489 4152 ditumatquoemancipalum
2509 4088 2820 4138 tribunatum

1768 4165 1986 4214 consiliis
2027 4165 2201 4214 vestris
2238 4166 2483 4226 opposuit.
2542 4165 2652 4213 iam
2691 4176 2821 4226 pro-

1769 4239 1884 4303 prie
1953 4238 2170 4300 quidem
2238 4250 2374 4288 unus
2443 4238 2694 4287 Antonius
2756 4250 2817 4287 se
