3234 4975
641 385 767 448 232

1406 386 1663 435 HORATH
1699 387 2036 437 CARMINUM

1152 538 1422 604 Exilium
1467 539 1842 625 impositura
1887 539 2179 605 cumbae.

770 739 849 789 28.
889 739 1118 787 Exitium
1150 755 1185 803 y
1220 751 1303 800 ap.
1342 739 1552 787 Kirchn.
1592 740 1653 787 N.
1694 739 1753 796 Q.
1793 737 1854 785 H.
1881 751 1933 801 p.
1962 737 2041 786 36.
2085 765 2140 772 —-
2178 737 2383 787 cwnbae
2415 737 2516 788 Bc:
2555 737 2745 787 cimbae

702 814 766 869 T,
820 813 1024 874 cmnbae
1067 812 1217 873 bS,M
1263 825 1387 863 cum
1434 812 1565 885 Edd.
1605 811 1905 875 plerisque,
1945 812 2106 861 etiam
2137 812 2183 861 J.

699 988 781 1038 28.
820 989 1063 1052 Emitiwn]
1112 989 1208 1038 Hic
1243 991 1326 1038 est
1357 986 1535 1047 locus,
1589 987 1682 1036 uhi

636 1063 755 1123 quis
803 1061 994 1112 exulat.
1066 1063 1213 1112 ovid.
1265 1063 1400 1112 Fast.
1449 1062 1509 1121 6,
1556 1062 1679 1111 666:

633 1136 862 1185 Exilium
894 1136 1115 1196 quodam
1137 1141 1357 1198 temporo
1380 1135 1529 1185 Tibur
1550 1140 1678 1185 erat.

633 1213 857 1261 Prorsus
907 1223 1162 1276 perversa
1212 1213 1295 1262 est
1339 1208 1495 1261 lectio
1537 1210 1684 1260 haud

634 1297 930 1348 paucorum
987 1284 1154 1334 Codd.
1202 1284 1346 1349 apud
1396 1287 1580 1335 lanum
1632 1286 1686 1335 et

635 1357 1008 1409 nonnullorum
1057 1360 1291 1408 Pottierii
1342 1360 1568 1409 exitium.
1624 1386 1679 1395 —

634 1433 937 1494 impositura
968 1433 1189 1497 cumbae]
1227 1434 1396 1483 Dativ.
1438 1436 1684 1485 «lussura

636 1520 747 1557 nos=
768 1507 1132 1557 conscendere
1163 1507 1443 1557 Charontis
1466 1520 1680 1569 navem,

636 1593 774 1644 quae
826 1593 925 1631 nos
978 1580 1240 1645 perducat
1294 1582 1348 1631 in
1405 1583 1683 1631 aeternum

637 1652 876 1715 exilium,
927 1655 979 1704 in
1022 1654 1166 1716 quod
1205 1653 1454 1720 pellimur
1486 1668 1517 1704 a
1551 1654 1684 1705 sede

639 1729 818 1779 nostra
834 1729 1073 1779 terrestri
1090 1730 1313 1792 eiusque
1332 1728 1647 1780 commodis.
1658 1746 1682 1772 n

1757 988 2140 1037 Hermesianax
2174 989 2229 1048 2,
2268 988 2315 1037 3.
2368 987 2694 1039 Schneidew.
2739 987 2807 1037 de

1757 1061 1993 1125 Orpheo:
2047 1055 2320 1111 ἔπλευσεν
2364 1058 2426 1111 δὲ
2476 1058 2679 1111 κακὸν
2708 1062 2809 1113 καὶ

1756 1128 2000 1184 ἀπειθέα
2021 1128 2232 1205 χῶρον,
2243 1129 2429 1185 ’Ἔνθα
2450 1131 2668 1207 Χάρων
2689 1151 2810 1187 κοι-

1755 1204 1864 1273 νὴν
1919 1204 2142 1259 ἕλκεται
2196 1210 2278 1272 εἰς
2326 1202 2550 1261 ἄκατον
2605 1207 2808 1274 Ψυχὰς

1758 1282 2099 1347 οἰχομένων.
2137 1283 2445 1335 Δίκωπον-
2421 1280 2694 1348 -σκάφος
2709 1300 2809 1336 vo-

1758 1360 1845 1409 cat
1891 1359 2071 1423 Eurip.
2122 1357 2232 1409 Alc.
2286 1360 2401 1409 252.
2456 1362 2696 1424 Propert.
2746 1360 2803 1419 3,

1759 1433 1846 1494 ⁴8,
1884 1431 1973 1483 24:
2012 1433 2314 1483 Scandonda
2346 1438 2416 1483 est
2448 1434 2808 1497 tor-vipubttca

1756 1506 1937 1556 cumba
1967 1507 2112 1556 senis.
2181 1508 2244 1557 Et
2276 1507 2459 1556 cumba
2500 1521 2552 1557 v.
2581 1509 2800 1559 omnino

1758 1578 1971 1631 solitum
2006 1580 2074 1630 de
2110 1581 2390 1632 Charontis
2417 1583 2554 1632 navi.
2589 1584 2803 1634 Petron.

1759 1655 1872 1704 ⁴2⁴.
1909 1668 1962 1704 v,
1992 1655 2102 1705 ⁴⁴6.
2142 1655 2373 1706 Fabrett.
2409 1658 2576 1708 Inscr.
2607 1671 2661 1722 p.
2688 1659 2802 1708 702.

1757 1731 1819 1778 Ν.
1857 1729 1971 1779 235.
2010 1727 2163 1793 Apul.
2201 1731 2324 1782 Met.
2364 1733 2423 1793 6,
2464 1732 2541 1783 ⁴8.

1572 1929 1862 1940 ——n—

1359 2102 2089 2162 Excunsus

1598 2261 1846 2312 Anv.8.

776 2413 1015 2463 Interiora
1060 2417 1184 2462 nota
1226 2412 1447 2462 Falerni.
1485 2410 1768 2474 Amphoris
1809 2408 2064 2473 cadisque
2099 2424 2128 2458 a
2165 2409 2334 2473 figulis
2367 2410 2811 2475 imprimebantur

639 2502 788 2548 notae
824 2496 1119 2560 (consulum
1154 2495 1382 2558 nomina)
1420 2494 1605 2545 litteris
1639 2496 1784 2544 certe
1820 2493 2002 2545 seculo
2040 2497 2163 2558 post
2197 2496 2320 2545 Chr.
2358 2495 2598 2546 secundo
2633 2494 2810 2545 mobi-

637 2579 802 2642 iibuS,
847 2583 907 2631 ut
938 2583 1064 2631 sunt
1095 2579 1426 2630 officinarum
1461 2579 1765 2630 nostrarum
1799 2574 1986 2629 τύποι.
2052 2579 2137 2628 Sic
2170 2581 2393 2628 Parmae
2429 2580 2601 2629 exstat
2633 2577 2805 2641 tegula

636 2665 837 2716 Horatii
868 2662 1134 2727 aequalis:
1193 2665 1250 2714 L.
1286 2663 1473 2714 ΝΔΕΝ
1507 2666 1516 2722 Ι
1553 2662 1687 2712 C'OS.
1725 2663 1780 2711 L.
1821 2662 1981 2712 COTT
2016 2663 2338 2722 {VLsMANL
2397 2663 2462 2725 (a.
2500 2674 2552 2711 u.
2592 2675 2638 2711 c.
2667 2661 2802 2723 689.)

636 2748 891 2812 Borghesi
925 2748 979 2798 in
1011 2748 1139 2798 Ami.
1166 2746 1276 2797 ‹tolt'
1310 2747 1428 2797 last.
1455 2746 1562 2796 XII.
1597 2761 1650 2811 p.
1687 2744 1802 2796 229.
1846 2772 1901 2780 —
1940 2747 1998 2795 In
2032 2745 2288 2811 amphora
2322 2746 2560 2810 Pompeii
2594 2746 2808 2810 reperta

640 2831 779 2881 haec
809 2830 1000 2895 legitur
1030 2830 1331 2894 inscriptio:

1636 3081 1689 3130 P.
1730 3082 1817 3131 CII

645 3165 699 3215 id
735 3169 844 3226 est,
880 3165 1094 3214 rubrum
1127 3163 1228 3228 (vel
1261 3163 1405 3214 rubri
1438 3165 1560 3226 cet.)
1601 3164 1926 3214 Vemoenum
1952 3166 2183 3226 picatum
2217 3164 2315 3215 CII.
2356 3165 2580 3228 explicat
2611 3166 2808 3216 Avelli—

643 3263 744 3300 nus
779 3248 1095 3313 (Altaemeino
1133 3249 1340 3311 Zeituny
1382 3246 1526 3298 4845.
1565 3247 1648 3298 24.
1684 3248 1786 3296 Juto·
1818 3260 1871 3311 p.
1913 3247 2099 3311 ⁴635),
2137 3249 2236 3299 nisi
2271 3249 2354 3298 est
2386 3250 2591 3311 potius:
2639 3251 2809 3311 pondo

641 3335 765 3395 CIL,
818 3335 870 3382 in
922 3332 1088 3383 altera
1133 3330 1478 3395 explicatione
1526 3333 1609 3381 est
1651 3332 1942 3395 amphorae
1985 3333 2038 3382 in
2087 3346 2151 3382 ea
2197 3332 2455 3395 apotheca
2503 3334 2809 3383 asservatae

642 3429 916 3468 numerus.
976 3444 1031 3453 —-
1085 3415 1190 3466 Cfr.
1227 3416 1333 3465 Sat.
1373 3416 1431 3476 4,
1470 3416 1563 3475 40,
1601 3414 1692 3465 24:
1754 3416 1871 3465 Chio
1913 3421 2035 3464 nota
2077 3417 2119 3463 si
2159 3417 2435 3465 commixta
2478 3416 2684 3465 Falerni
2717 3421 2805 3465 ost.

641 3503 823 3551 Iuven.
863 3503 922 3562 ὃ,
960 3500 1051 3550 33;
1091 3500 1217 3550 Cras
1249 3499 1373 3549 bibet
1403 3499 1610 3548 Albanis
1642 3499 1837 3560 aliquid
1869 3499 1928 3548 de
1959 3499 2206 3548 montibus
2238 3504 2327 3548 aut
2348 3500 2407 3547 do
2429 3500 2633 3560 Setinis,
2669 3501 2813 3549 cuius

634 3586 870 3647 patriam
909 3585 1207 3644 titulumque
1244 3588 1462 3633 senectus
1500 3583 1694 3632 Detevit
1724 3583 1888 3632 multa
1918 3583 2098 3633 veteris
2135 3583 2344 3646 fuliqiaew
2375 3587 2542 3632 testae.
2595 3585 2806 3633 Petron.

642 3670 746 3718 Sat.
775 3671 832 3719 C.
861 3668 950 3719 34:
988 3669 1173 3718 Statim
1205 3667 1392 3717 allatae
1423 3672 1539 3716 sunt
1569 3667 1849 3731 amphorae
1880 3667 2070 3716 vitreae
2091 3667 2351 3730 diligenter
2370 3670 2644 3729 msam,
2682 3677 2813 3726 qua-

640 3765 758 3802 rum
806 3754 861 3801 in
909 3751 1179 3802 cervicibus
1220 3751 1438 3813 pittacia
1485 3756 1633 3800 erant
1684 3751 1852 3813 amam
1903 3763 2018 3800 cum
2066 3750 2156 3800 hoc
2206 3749 2376 3799 titulo:
2432 3749 2802 3799 FALERNVM.

653 3836 1031 3888 OPIMIANVM.
1070 3835 1290 3886 ANNOR
1299 3835 1405 3884 VM.
1446 3834 1727 3886 CENTVM.
2333 3821 2338 3830 ’
