3234 4975
653 399 776 469 422
1409 401 1670 453 nomn-11
1707 402 2041 454 cAnmNuu

900 564 1109 647 Eques
1148 559 1291 644 ipso
1333 557 1558 625 melior
1597 557 2080 651 Bellerophonte
2103 606 2122 635 ,
2175 579 2380 646 neque
2427 579 2643 644 pugno

1067 685 1286 768 Neque
1330 682 1508 765 segni
1556 683 1723 766 pede
1769 681 2010 748 victus:

901 840 1086 906 Cetus
1132 839 1303 906 idem
1344 858 1460 927 per
1508 848 1795 924 apertum

899 963 1236 1047 Fugientes
1287 964 1515 1047 agitato

902 1087 1111 1167 Grege
1159 1103 1380 1149 cervos
1421 1081 1683 1149 iaculari
1738 1090 1802 1148 et
1842 1083 2012 1149 celer
2054 1090 2188 1150 erto
2233 1083 2575 1151 latitantem

1066 1203 1382 1270 Fruticeto
1427 1203 1722 1292 excipere
1767 1223 2009 1292 aprum.

779 1386 923 1435 Haec
954 1383 1157 1448 pedum
1195 1383 1496 1434 lonicorum
1519 1381 1588 1431 ad
1610 1394 1828 1432 carmen
1852 1382 2246 1446 tetxnstrophon
2269 1381 2630 1444 efficiendum,
2669 1382 2813 1447 quod

645 1469 761 1534 pari
795 1480 921 1519 oum
953 1465 1172 1530 reliquis
1205 1464 1456 1517 omnibus
1489 1464 1605 1516 odis
1640 1464 1809 1516 forme
1843 1465 2109 1528 gaudeat,
2155 1464 2430 1530 dispositio
2465 1468 2525 1516 ut
2559 1464 2722 1518 facilis
2756 1469 2813 1516 et

646 1553 891 1619 expedita
938 1552 1130 1616 sponte
1179 1562 1239 1600 se
1302 1547 1515 1609 obtulit,
1574 1551 1630 1599 et
1677 1562 1742 1598 ea
1807 1562 1866 1598 re
1926 1547 2333 1599 commendatur
2353 1587 2365 1611 ,
2430 1549 2576 1613 quod
2625 1547 2815 1613 plenos

645 1649 900 1689 numeros
933 1635 1112 1697 affert,
1168 1631 1311 1684 nullo
1343 1631 1605 1684 vocabulo
1638 1631 1724 1682 vel
1756 1631 1902 1683 laeso
1935 1630 2020 1682 vel
2082 1631 2348 1697 discet-pto
2370 1671 2382 1694 ‚
2442 1631 2587 1698 quod
2628 1634 2811 1685 vitium

646 1733 774 1773 cum
815 1720 1006 1785 priscis
1051 1717 1300 1769 omnibus
1344 1717 1444 1767 hos
1485 1728 1675 1767 versus
1708 1714 2025 1780 disponendi
2059 1715 2339 1767 conatibus
2361 1754 2374 1777 ‚
2426 1717 2516 1781 qui
2547 1716 2635 1768 vel
2669 1718 2813 1784 apud

647 1803 1024 1869 grammaticos
1072 1800 1158 1852 vel
1207 1802 1261 1851 in
1312 1799 1585 1851 codicibus
1636 1813 1766 1850 mss.
1805 1800 2145 1864 reperiuntur
2165 1839 2178 1863 ‚
2235 1813 2521 1852 commune
2555 1802 2624 1853 sit
2644 1840 2657 1864 ,
2716 1816 2811 1853 eos

650 1900 838 1939 omnes
870 1883 1138 1937 Bentleius
1171 1886 1318 1935 recte
1352 1885 1586 1934 reiecit.»

778 1972 887 2022 Nos
930 1982 1098 2020 unum
1143 1968 1245 2018 hoc
1278 1967 1526 2019 addimus
1544 2006 1556 2029 ,
1608 1967 1662 2017 in
1697 1966 1893 2018 Codice
1927 1969 2201 2020 Turicensi
2235 1981 2452 2021 carmen
2484 1972 2728 2020 nostrum
2762 1971 2815 2020 in

652 2056 904 2120 quattuor
925 2052 1174 2117 strophas
1208 2054 1482 2103 ternorum
1505 2064 1761 2101 versuum
1785 2050 2128 2103 distributum
2161 2065 2311 2115 esse,
2347 2065 2578 2117 quorum
2610 2052 2814 2118 primus

654 2142 709 2191 et
740 2136 1008 2190 secundus
1044 2136 1232 2198 terni8‚
1270 2136 1458 2186 tertius
1482 2136 1756 2199 quaternis
1788 2134 2020 2200 pedibus
2054 2138 2277 2187 constet.

1503 2597 1930 2618 ss
