3234 4975
607 429 728 495 ⁴80

1384 424 1642 478 nonam
1675 422 2012 476 CARmNUM

946 587 1266 652 Decantes
1310 582 1564 669 elegm,
1615 603 1734 648 cur
1775 581 1889 647 tibi
1932 582 2143 647 iunior

1114 707 1320 772 Laesa
1363 704 1724 792 praeniteat
1768 702 1917 770 fide.

941 864 1265 952 Insignem
1309 862 1485 928 tenui
1529 861 1736 927 l'ronte
1781 859 2104 951 Lycorida
2732 858 2770 919 ὃ

941 985 1095 1074 Cyri
1140 994 1340 1051 torret
1381 1004 1592 1060 amor,
1642 983 1853 1071 Cyrus
1898 982 1962 1046 in
2006 1002 2307 1069 asperam

940 1104 1234 1174 Declinat
1275 1102 1593 1182 Pholo'en3
1640 1102 1759 1170 sed
1802 1103 1985 1191 prius
2031 1101 2254 1190 Apulis

1109 1230 1461 1315 Iungentur
1502 1244 1782 1312 capreae
1824 1223 2028 1310 lupis,

729 1430 776 1477 7.
816 1427 1037 1477 Det-linet
1068 1438 1149 1490 pr.
1187 1425 1245 1486 T,
1283 1423 1382 1474 sed
1416 1422 1484 1473 ab
1520 1422 1641 1472 ead.
1679 1434 1841 1472 manu
1885 1434 2023 1472 corr.
2061 1422 2115 1471 in
2148 1422 2394 1471 Declinat.
2439 1448 2493 1457 -
2530 1421 2704 1483 Apulis

665 1499 742 1552 Td
777 1503 832 1550 et
866 1498 1212 1565 probabiliter
1246 1500 1406 1549 etiam
1441 1494 1633 1559 reliqui
1666 1497 1791 1559 mei,
1829 1509 1965 1560 quos
1999 1509 2184 1547 rursus
2225 1497 2528 1547 examinare
2563 1509 2705 1546 nunc

665 1588 772 1627 non
805 1576 979 1640 potui:
1015 1574 1225 1636 Appulis
1256 1570 1428 1635 volgo.

662 1755 712 1804 2.
750 1754 799 1803 3.
834 1749 1137 1801 miserabiles
1157 1777 1186 1786 -
1207 1749 1379 1813 elcqos]
1414 1749 1520 1798 Liv.
1546 1749 1641 1809 26,

597 1829 653 1879 3:
689 1826 1039 1877 miserabiliter
1050 1825 1268 1886 scriptae
1287 1824 1497 1873 litterae.
1537 1824 1645 1873 llos

598 1913 871 1965 nunquam
917 1900 1117 1959 editos,
1167 1898 1266 1949 sed
1300 1911 1425 1948 cum
1458 1898 1644 1947 amicis

597 1980 799 2027 tantum
834 1973 1278 2033 communicatos,
1316 1974 1500 2036 postea
1535 1972 1643 2022 sor-

594 2054 736 2101 tasse
759 2049 828 2099 ab
852 2050 967 2113 ipso
991 2045 1212 2107 Tibulle,
1238 2046 1384 2110 quod
1402 2047 1451 2096 ei
1469 2045 1647 2110 displi-

596 2127 808 2183 cerent,
857 2122 1063 2172 deletos
1112 2135 1233 2172 esse
1286 2121 1640 2185 suspicantur.

596 2199 760 2261 Quid,
797 2199 842 2249 si
865 2209 1138 2260 nunquam
1172 2197 1354 2261 scripti
1388 2198 1545 2247 sunt‘?
1583 2200 1645 2246 ut

594 2274 736 2324 dicat
767 2272 1039 2322 Horatius:
1088 2272 1346 2335 «propter
1377 2271 1644 2334 perfidam

593 2347 779 2398 illam»
826 2347 1039 2408 (aquam
1080 2347 1172 2394 aut
1208 2358 1267 2394 re
1306 2358 1432 2395 vera
1470 2358 1639 2406 amne,

592 2424 687 2472 aut
725 2433 888 2483 quam
935 2433 965 2470 a
1012 2422 1065 2469 te
1114 2420 1281 2469 amari
1324 2432 1422 2484 per
1464 2420 1642 2469 iocum

592 2497 803 2562 lingon
839 2497 942 2546 hoc
977 2496 1120 2546 enim
1154 2508 1253 2546 nos
1287 2496 1592 2558 ignoramus
1607 2495 1640 2558 z)

593 2570 730 2622 «noli
773 2568 1010 2630 flebiles,
1059 2568 1424 2634 queribundos
1462 2569 1643 2632 elegos

592 2659 945 2710 componere,
972 2647 1033 2694 ut
1054 2643 1222 2695 fecisti
1247 2646 1300 2694 in
1323 2642 1502 2695 Deliae
1524 2644 1646 2708 (for-

592 2725 736 2771 tasse
771 2721 933 2771 etiam
964 2720 1224 2783 Nemesis)
1261 2732 1474 2779 amore,
1514 2731 1645 2783 pro-

591 2797 777 2860 pterea
812 2792 957 2857 quod
998 2793 1169 2843 iunior
1202 2792 1296 2843 tibi
1331 2792 1509 2844 rivalis
1544 2806 1644 2842 an-

594 2870 895 2933 teponatur.
927 2894 983 2903 —
1008 2868 1268 2932 Decantcs]
1304 2870 1367 2919 Ut
1397 2868 1644 2919 nostrum

593 2943 950 3005 her-singen,
994 2941 1063 2990 dc
1099 2941 1358 2991 cantilena
1381 2941 1641 2991 flebiliore

595 3019 650 3067 et
682 3016 830 3066 vocis
865 3015 1119 3064 varietate
1156 3017 1389 3065 carente.
1439 3043 1493 3052 —
1531 3017 1640 3079 cur]

594 3092 671 3140 De
718 3091 820 3140 hoc
854 3102 904 3137 v.
941 3102 1036 3138 cur
1076 3101 1178 3139 usu
1217 3103 1314 3153 pro
1359 3091 1490 3152 quod
1521 3092 1646 3155 post

593 3178 679 3214 vv.
705 3163 935 3213 maxime
960 3164 1260 3224 accusandi,
1293 3164 1515 3225 dolendi,
1540 3165 1648 3213 ira-

591 3239 757 3290 scendi
783 3238 930 3301 (Epp.
959 3239 979 3286 4
1005 3275 1016 3298 ,
1043 3238 1102 3298 8,
1129 3237 1186 3286 9:
1230 3238 1431 3287 irascar
1450 3239 1643 3300 conici-5,

593 3313 698 3365 Gur
733 3315 1005 3375 properent
1048 3310 1201 3375 cet),
1236 3312 1488 3374 mirandi,
1546 3313 1641 3364 cfr.

594 3388 748 3439 Hand
791 3388 941 3437 Turs.
986 3386 1047 3436 11.
1094 3400 1146 3451 p.
1186 3387 1299 3437 477.
1338 3389 1393 3437 et
1435 3386 1648 3438 Liibker

594 3462 663 3513 ad
686 3463 741 3513 h.
768 3460 800 3512 l.
850 3461 975 3512 Mihi
1000 3460 1218 3525 quidem
1243 3461 1451 3512 videtur
1473 3477 1647 3513 enun-

593 3538 781 3587 tiatum
854 3537 1069 3602 proprie
1146 3550 1211 3585 ex
1284 3537 1366 3588 his
1434 3537 1646 3588 duobus

595 3613 955 3663 contractum:
1012 3611 1058 3674 4)
1112 3624 1180 3661 ne
1232 3610 1418 3663 dolens
1468 3612 1643 3664 dicas:

595 3686 738 3736 «Cur
770 3686 900 3735 mihi
951 3686 1123 3736 iunior
1166 3687 1542 3750 praefertur‘ln
1595 3687 1644 3751 Ξ)

596 3759 704 3811 noli
737 3759 945 3820 dolere,
982 3760 1127 3824 quod
1161 3760 1253 3811 tibi
1279 3761 1453 3812 iunior
1484 3776 1649 3828 prae-

598 3834 814 3885 feratur.

662 3907 712 3959 4.
741 3908 1047 3974 praeniteat]
1071 3922 1173 3973 pr.:
1216 3908 1504 3973 «Glycerae
1534 3913 1653 3962 niti·

598 3982 718 4033 dior
749 3995 814 4032 ac
847 3982 1129 4033 formosior
1160 3984 1455 4036 videatur.»

663 4058 713 4106 5.
750 4057 1161 4109 Inconstantiam
1205 4072 1450 4109 amorum
1485 4062 1648 4124 atque

599 4130 817 4183 dissidIa
840 4132 1001 4182 certis
1024 4131 1346 4196 quibusdam
1369 4134 1646 4200 exemplis,

598 4219 632 4255 a
655 4219 734 4268 se,
772 4208 831 4256 ut
851 4207 1058 4271 opinor,
1095 4207 1250 4270 fictis,
1288 4222 1414 4259 cum
1436 4209 1649 4261 delectu

598 4281 874 4332 nominum
918 4283 1069 4345 grate
1113 4284 1414 4334 sonantium
1457 4283 1650 4348 depin-

1719 1748 1806 1811 git.
1885 1749 2210 1812 comparant
2260 1747 2461 1799 Moschi
2511 1745 2660 1809 Idyll.
2716 1747 2766 1810 6,

1722 1824 1742 1872 4
1767 1837 1777 1870 :
1801 1813 1951 1894 “Hpa
1989 1819 2118 1873 Πὰν
2147 1817 2322 1885 Ἀχῶς
2355 1820 2458 1885 τᾶς
2489 1824 2767 1890 γείτονος,

1719 1891 1903 1967 ἤρατο
1936 1895 1983 1946 δ’
2013 1891 2155 1957 Ἀχώ
2189 1895 2476 1967 Σκιρτητᾶ
2508 1896 2767 1970 Σατύρα),

1718 1968 1978 2043 Σάτυρος
2011 1970 2057 2022 δ’
2091 1971 2430 2036 §aestuatum
2451 1969 2615 2041 Λὺδᾳ
2635 1990 2688 2024 κ.
2715 1988 2766 2025 τ.

1719 2045 1769 2096 λ.
1808 2046 2113 2098 Callimach.
2164 2048 2338 2112 Epigr.
2389 2047 2483 2109 32,
2537 2050 2596 2097 5:
2654 2043 2771 2099 Οὖ-

1715 2117 1831 2186 μὸς
1865 2115 2009 2191 ἔρως
2042 2116 2300 2181 τοιόσδε,
2353 2117 2426 2171 τὰ
2467 2120 2577 2186 μὲν
2621 2119 2771 2185 φεύ-

1717 2211 1894 2262 γοντα
1955 2192 2183 2247 διώκειν
2238 2192 2404 2257 Οἶδε,
2473 2192 2547 2247 τὰ
2600 2195 2648 2246 δ’
2706 2197 2770 2249 ἐν

1715 2274 1917 2337 μέσσῳ
1951 2272 2188 2335 κείμενα
2219 2273 2581 2342 napata-stac.
2613 2299 2667 2308 —
2694 2278 2770 2323 to-

1714 2347 1806 2395 nui
1845 2345 2025 2409 fronte]
2072 2346 2203 2410 Epp.
2244 2347 2299 2406 4,
2343 2346 2403 2407 7,
2452 2347 2543 2395 26:
2598 2348 2772 2411 πέρι-οε

1717 2424 1935 2483 αηρωεα
1964 2420 2130 2482 fronte
2162 2420 2386 2482 capillos.
2457 2420 2676 2471 MartiaL
2715 2420 2765 2481 4,

1718 2495 1807 2556 42,
1834 2496 1892 2545 9:
1929 2496 2091 2545 Frons
2115 2495 2275 2546 brevis
2295 2502 2446 2559 atquo
2465 2498 2641 2546 modu-3
2661 2497 2773 2548 brc-

1713 2571 1844 2620 viter
1889 2571 1954 2619 sit
1996 2570 2206 2620 naribus
2249 2572 2404 2621 uncis.
2490 2572 2769 2622 Petronius

1718 2646 1776 2695 C.
1841 2644 1952 2694 ⁴26.
2033 2644 2287 2695 feminam
2351 2643 2771 2709 pulcherrimam

1717 2718 2055 2770 describens:
2111 2720 2271 2769 Frons
2309 2721 2523 2770 nunivna
2561 2725 2609 2770 ot
2640 2733 2772 2782 quac

1715 2794 1882 2854 apices
1955 2793 2255 2854 capillorum
2329 2799 2467 2843 rotro
2532 2797 2766 2858 ματα-αι.

1716 2865 2032 2916 Winckelm.
2074 2868 2213 2918 Mon.
2251 2868 2380 2917 inca.
2419 2867 2474 2916 Τ.
2514 2869 2654 2918 LIII:
2692 2868 2769 2918 La

1717 2941 1955 2991 bassczza
1995 2940 2127 2991 della
2166 2942 2333 3005 fronto
2361 2943 2475 2992 vien
2517 2955 2770 2993 commen-

1718 3016 1842 3066 data
1874 3017 1943 3065 da
1975 3017 2188 3077 Orazi0‚
2243 3019 2443 3080 quando
2485 3017 2604 3067 leda
2635 3018 2770 3069 Insi-

1718 3102 1877 3153 gnem
1901 3115 1930 3126 -
1952 3117 1981 3127 -
2004 3091 2289 3152 Lycorida,
2343 3093 2395 3141 di
2427 3093 2509 3142 cui
2542 3092 2633 3142 bon
2676 3105 2770 3142 ca-

1709 3166 1896 3227 pirono
1929 3165 1968 3214 il
1997 3178 2117 3215 vero
2145 3179 2285 3215 senso
2305 3167 2377 3231 qli
2400 3167 2588 3217 antichi
2609 3168 2770 3218 intor-

1712 3239 1864 3301 prcti,
1900 3239 1920 3288 i
1954 3241 2094 3301 quali
2126 3241 2175 3290 lo
2206 3242 2474 3304 spieqano:
2516 3246 2768 3304 «angusta

1720 3318 1774 3365 et
1794 3328 1958 3379 parva
1993 3316 2181 3377 fronte,
2219 3318 2363 3380 quod
2388 3330 2453 3367 cx
2480 3316 2771 3381 pulchritu-

1721 3389 1858 3440 dinis
1921 3389 2089 3440 forma
2152 3390 2530 3462 commendari·
2571 3390 2766 3442 solet.»

1724 3489 1778 3498 —
1842 3464 2120 3529 Lycorida]
2179 3466 2289 3516 Hoc
2343 3466 2557 3516 nomine
2611 3467 2768 3515 antea

1721 3536 1997 3588 Cornelius
2040 3537 2215 3590 Gallus
2258 3552 2386 3591 suos
2424 3552 2637 3590 amores
2676 3552 2769 3589 ce-

1721 3613 1940 3662 cinerat.

1786 3687 1835 3736 6.
1873 3687 2009 3751 Cym]
2048 3686 2143 3737 Od.
2184 3688 2230 3748 4,
2269 3688 2350 3747 47,
2387 3688 2468 3736 25.
2508 3689 2590 3736 est
2611 3685 2769 3736 huius

1722 3761 1950 3812 nominis
1972 3760 2230 3824 Tyndaris
2252 3762 2474 3810 amator.
2514 3786 2570 3795 —-
2595 3758 2767 3823 tonet]

1723 3837 1924 3887 Eadem
1959 3836 2271 3900 metaphora
2295 3834 2507 3900 Sappho
2541 3835 2623 3884 Fr.
2652 3835 2764 3885 ⁴⁴5.

1721 3911 1929 3974 Bergk:
1955 3905 2187 3971 Ὄπταις
2217 3902 2395 3974 ἄμμε.

1787 3987 1836 4036 7.
1891 3983 2137 4048 Declinal]
2187 3987 2267 4033 «A
2310 3984 2568 4046 Lycoride
2611 3996 2770 4033 aver—

1720 4072 1813 4112 sus
1868 4058 2169 4123 propendet
2230 4059 2285 4109 in
2339 4057 2572 4110 Pholoen
2626 4057 2769 4108 Illam

1722 4132 1989 4185 difficilem
2023 4147 2087 4184 ac
2125 4134 2502 4184 renitentem.»
2551 4159 2607 4169 -
2640 4132 2772 4182 Pho—

1720 4208 1849 4273 loen]
1886 4208 1981 4259 Od.
2018 4210 2077 4268 2,
2126 4211 2185 4270 ὅ,
2237 4210 2325 4260 47ε
2372 4208 2765 4272 molossum-22.

1722 4281 1816 4334 Od.
1856 4282 1912 4342 3,
1951 4283 2040 4344 ⁴5,
2077 4284 2126 4333 7.
2196 4282 2417 4334 Maratht
2457 4284 2514 4333 et
2544 4280 2769 4333 Pholoes
