3234 4975
619 432 744 496 612
1383 432 1638 482 Ηοῐυιτιι
1674 431 2012 482 (ῖΑιηιιΝυῃ

1333 1011 2072 1077 cmm·

959 1206 1140 1281 Quae
1188 1222 1346 1268 cura
1388 1213 1644 1289 patrum
1688 1220 1942 1287 quaeve
1988 1199 2333 1280 Quiritium

951 1323 1167 1390 Plenis
1212 1323 1530 1390 honorum
1572 1321 1950 1388 muneribus
1995 1330 2167 1397 tuas,

1041 1447 1364 1532 Auguste,
1412 1444 1680 1509 virtutes
1726 1443 1798 1533 in⁴
1840 1462 2074 1509 aevum

750 1645 878 1695 XIV.
917 1645 1083 1694 lnscr.
1119 1639 1256 1705 volg.
1293 1642 1371 1691 Aa
1397 1640 1691 1705 Augustum.
1723 1665 1778 1676 —
1815 1639 2011 1688 Laudes
2041 1638 2252 1701 Augu-ui
2275 1635 2397 1687 bSc.
2432 1664 2486 1673 —-
2524 1638 2638 1687 Om.
2667 1639 2724 1686 Τ.

691 1745 745 1755 -
784 1719 833 1768 2.
870 1724 987 1767 tuas
1022 1729 1130 1767 om.
1170 1717 1227 1766 T.

684 1893 814 1944 XIV.
874 1893 1010 1943 Cum
1057 1891 1214 1940 huius
1264 1888 1384 1940 libri
1430 1889 1667 1939 carmine
1744 1902 1850 1938 non
1907 1901 2036 1938 vero
2096 1900 2219 1937 cum
2282 1885 2430 1938 aliis:
2503 1886 2792 1936 muneribus

619 1968 705 2018 IV.
775 1967 931 2016 Drusi
982 1978 1070 2015 res
1120 1965 1173 2014 in
1215 1961 1434 2027 Alpibus
1485 1966 1668 2026 gestas
1739 1963 1899 2025 plenis
1971 1962 2250 2023 honorum,
2327 1960 2796 2011 honorificentissi-

619 2039 1016 2105 praedicasset‚
1062 2036 1130 2086 ab
1166 2038 1401 2099 Augusto
1436 2036 1665 2086 sortasse

617 2114 868 2164 invitatus
902 2111 986 2162 vel
1021 2112 1136 2176 ipse
1171 2110 1390 2160 fautoris
1423 2109 1671 2160 volunta-

616 2191 731 2239 tem
757 2186 999 2236 divinans
1015 2225 1027 2247 ,
1055 2184 1295 2235 similiter
1317 2183 1545 2234 alterum
1566 2188 1672 2234 Au-

618 2261 756 2326 gusti
779 2260 1105 2323 privignum,
1143 2259 1216 2309 Ti.
1257 2257 1537 2308 Claudium
1569 2260 1671 2308 Ne-

618 2347 842 2396 ronem,
879 2335 1099 2397 propter
1118 2333 1366 2382 victorias
1400 2331 1467 2382 de
1492 2332 1669 2382 Raetis

620 2424 669 2460 a.
708 2423 763 2460 u.
805 2423 852 2459 c.
908 2409 1023 2459 739.
1076 2409 1255 2472 partas
1305 2406 1536 2467 extollit3
1597 2408 1669 2456 ita

618 2488 799 2536 tamen
852 2487 908 2535 et
957 2483 1010 2534 in
1063 2482 1311 2533 carminis
1361 2481 1579 2532 exordio
1616 2483 1671 2531 et

619 2559 721 2611 sub
747 2560 946 2610 exitum
970 2559 1022 2608 in
1051 2558 1271 2621 Augusti
1292 2556 1539 2607 laudibus
1572 2558 1671 2606 im-

617 2635 884 2693 moratur,
938 2635 1024 2693 ut,
1080 2633 1178 2683 nisi
1222 2632 1399 2682 omnia
1445 2644 1543 2682 nos
1579 2629 1669 2681 fal-

618 2706 766 2769 lunt,
816 2706 885 2757 ab
933 2705 1111 2757 indole
1154 2718 1218 2755 ac
1252 2704 1492 2756 moribus
1526 2705 1668 2755 Dru-

620 2795 741 2833 sum
779 2781 949 2844 magis
984 2792 1148 2843 quam
1182 2778 1453 2831 Tiberium
1487 2778 1667 2828 huius—

620 2856 831 2906 cemodi
862 2856 1146 2920 praeconia
1179 2855 1374 2905 mereri
1399 2854 1513 2917 ipse
1537 2867 1664 2903 sen-

617 2930 753 2981 sisse
820 2929 1064 2979 videatur
1085 2966 1097 2990 ‚
1172 2928 1401 2991 ideoque
1474 2925 1665 2977 bellica

619 3004 894 3053 dumtaxat
945 3002 1101 3052 buius
1148 3003 1341 3064 yirtute
1397 2999 1667 3052 celebrata

617 3076 869 3127 libentius
916 3075 985 3125 ad
1019 3079 1317 3140 Augustum
1349 3089 1409 3126 se
1445 3089 1670 3126 conver-

614 3153 719 3212 tat,
773 3151 828 3199 et
876 3150 1096 3213 quidem
1131 3151 1243 3211 sic,
1297 3153 1386 3212 ut,
1445 3150 1488 3200 si
1542 3163 1666 3200 cum

618 3223 835 3276 Editore
873 3223 1117 3273 Leidensi
1151 3222 1284 3274 velis
1317 3223 1520 3273 habere
1555 3237 1668 3274 me-

618 3313 742 3350 rum
795 3293 1084 3365 ἐγκώμιον
1136 3298 1384 3361 Augusti,
1444 3310 1666 3347 carmen

618 3376 799 3424 tamen
856 3374 1005 3423 certo
1069 3371 1174 3421 fine
1229 3374 1390 3435 atque
1447 3372 1666 3422 consilio

613 3460 836 3513 prorsus
861 3446 1173 3497 destitutum
1188 3483 1200 3506 ‚
1238 3459 1430 3497 secure
1455 3446 1665 3497 recidas

614 3535 668 3572 v.
706 3520 892 3572 9-40.
947 3520 1201 3582 Omnino,
1255 3520 1452 3581 fateor,
1506 3517 1667 3570 simil-

614 3594 803 3647 limum
853 3608 979 3645 cum
1029 3596 1404 3657 argumentum
1445 3595 1664 3645 iamiam

614 3671 924 3730 tractasset,
976 3669 1153 3718 minus
1203 3670 1531 3731 spontaneus
1579 3670 1664 3718 est

614 3744 873 3808 impetus,
928 3755 1036 3807 quo
1087 3742 1281 3802 fertur,
1330 3754 1394 3791 ac
1437 3741 1665 3805 diligen-

613 3818 817 3868 tissima
850 3818 963 3867 arte
999 3817 1174 3867 omnia
1208 3819 1333 3866 sunt
1367 3814 1660 3871 elaborata,

613 3905 683 3941 ne
734 3892 788 3941 in
829 3889 915 3941 illo
958 3892 1038 3941 vis
1076 3891 1284 3954 poetica
1330 3888 1663 3953 aliquatenus

615 3964 874 4016 exhausta
910 3963 1198 4013 videretur.
1256 3965 1349 4027 (De
1391 3963 1663 4026 composi-

612 4039 770 4091 tionis
794 4041 1037 4101 tempore
1060 4038 1181 4088 vide
1207 4051 1369 4102 supra
1391 4051 1445 4102 p.
1472 4037 1608 4101 554.)

678 4114 710 4164 2
734 4140 765 4152 -
787 4112 835 4162 6.
871 4111 1060 4175 Pleni-³]
1110 4125 1280 4176 «quae
1316 4113 1419 4163 tuis
1453 4112 1658 4163 meritis

608 4200 829 4255 prorsus
851 4185 1265 4250 respondeant.»
1301 4187 1510 4238 Etenim
1532 4200 1662 4238 con-

611 4264 793 4314 strue:
842 4260 1003 4324 platus
1050 4259 1337 4311 muneribus
1390 4261 1656 4322 honor-iun,

1745 2038 1873 2098 mis,
1910 2037 1970 2085 ut
1990 2034 2075 2085 alu
2098 2034 2396 2086 voluerunt
2468 2036 2564 2085 Dio
2589 2034 2680 2095 54,
2707 2035 2788 2085 25.

1747 2112 1811 2171 (a.
1857 2123 1911 2159 n.
1956 2122 2003 2158 c.
2049 2107 2215 2171 74⁴.:)
2293 2101 2334 2173 ἥ
2368 2123 2429 2158 τε
2459 2104 2571 2179 γὰρ
2601 2104 2792 2173 βουλὴ

1745 2178 2039 2255 ἡθροίσθη
2079 2184 2179 2233 καὶ
2217 2176 2381 2246 ἴδοξε
2406 2176 2796 2267 Ι..σφίσινοῖλλα

1744 2273 1804 2310 τε
1838 2259 1934 2308 καὶ
1968 2253 2173 2322 βωμὸν
2195 2257 2259 2308 ἐν
2278 2252 2433 2323 αὐτῷ
2457 2254 2535 2323 τῷ
2557 2255 2795 2318 βουλευ-

1743 2336 1921 2403 τηρίῳ
1961 2326 2104 2404 {nep
2158 2328 2262 2396 τῆς
2311 2329 2413 2382 τοῦ
2448 2325 2790 2399 Αὐγούστου

1743 2405 2028 2458 ἐπανόδου
2085 2404 2485 2472 ποιήσασθαι,
2549 2410 2676 2470 τοῖς
2726 2405 2793 2460 δὲ

1745 2478 2107 2534 ἱκετεύσασιν
2140 2476 2320 2533 αὐτὸν
2354 2478 2517 2545 ἐντὸς
2549 2478 2654 2534 τοῦ
2679 2499 2794 2533 πω-

1740 2559 1955 2629 μηρίου
1976 2550 2119 2607 ὄντα
2139 2550 2337 2608 ἄδειαν
2366 2553 2529 2608 εἶναι·
2568 2553 2639 2608 οὗ
2659 2559 2794 2623 μέν·

1741 2648 1833 2682 τοι
1865 2633 1964 2682 καὶ
2000 2628 2232 2696 ἐδέξατο
2283 2626 2602 2702 οὐδέτερον.
2656 2633 2794 2682 Sen-

1742 2707 1904 2758 tentia
1947 2709 2129 2756 autem
2177 2707 2600 2770 interrogationis
2656 2707 2793 2756 haec

1743 2784 1859 2832 est:
1916 2779 2094 2831 «Nulla
2128 2780 2370 2846 profecto
2407 2794 2536 2830 cura
2569 2782 2790 2832 senatus

1741 2853 2030 2921 populique
2075 2856 2295 2906 Romani
2339 2855 2507 2906 iustos
2551 2855 2646 2905 tibi
2688 2856 2792 2904 ho-

1740 2944 1899 2981 nores
1922 2930 2164 2981 conserre
2199 2930 2447 2994 poterit.»
2475 2956 2532 2965 -
2563 2930 2659 2979 Per
2677 2929 2793 2978 tim-

1741 3004 1829 3068 los]
1868 3006 2270 3069 «inscriptiones
2293 3017 2517 3053 arcuum
2541 3002 2789 3053 aliorum-

1743 3092 1848 3142 que
1883 3081 2354 3129 monumentorum
2398 3075 2789 3143 publicorum.»

1747 3179 1802 3188 —
1838 3165 2176 3214 moresque
2212 3153 2392 3216 fastos]
2451 3152 2572 3216 «qui
2607 3164 2789 3202 rerum

1741 3227 2015 3289 gestarum
2057 3227 2374 3276 memoriam
2422 3227 2694 3278 continent
2735 3228 2792 3276 et

1740 3303 2037 3365 propagant
2057 3314 2103 3358 ;»
2140 3303 2199 3349 ut
2233 3302 2315 3351 est
2349 3300 2401 3349 in
2435 3301 2600 3350 Fastis
2634 3302 2793 3350 Prae-

1741 3375 1878 3424 nest.
1915 3373 1984 3422 ad
2019 3375 2197 3424 Nonas
2231 3373 2385 3424 Febr.
2421 3374 2687 3438 Inscriptt.
2713 3386 2786 3423 m.

1742 3449 1874 3497 Latt.
1901 3449 1962 3497 11.
1989 3460 2107 3511 pag.
2136 3447 2249 3499 384.
2288 3448 2698 3498 CONCORDIAE
2716 3448 2795 3497 IN

1737 3521 1905 3571 ARCE
1970 3522 2205 3572 FERIAE
2253 3522 2346 3571 EX
2389 3523 2442 3571 S.
2499 3522 2552 3572 C.
2610 3522 2785 3583 QVOD

1736 3595 1824 3644 EO
1844 3596 1963 3645 DIE
1983 3596 2345 3646 IMPERATOR
2369 3595 2612 3646 CAESAR
2638 3595 2791 3644 PON-

1740 3669 1932 3718 TIFEX
1957 3670 2258 3720 MAXIMVS
2293 3670 2450 3720 TRIB.
2486 3669 2622 3720 POT.
2657 3668 2785 3719 XXI.

1738 3742 1872 3792 COS.
1927 3742 2057 3793 XIII.
2111 3744 2153 3794 Δ
2203 3744 2257 3793 S.
2301 3745 2356 3795 Ρ.
2407 3746 2466 3806 Q.
2516 3743 2789 3794 ROMANO

1734 3817 1935 3867 PATER
2026 3818 2295 3868 PATRIAE
2364 3817 2784 3869 APPELLATUS.

1739 3891 1806 3952 (a.
1833 3891 1969 3955 752.)
2012 3893 2089 3941 De
2125 3890 2322 3956 duplici
2357 3891 2526 3943 forma
2561 3904 2790 3942 accusa·

1735 3966 1829 4014 tivi
1869 3965 2034 4029 fastus
2076 3968 2130 4015 et
2160 3967 2318 4030 fastos
2350 3966 2457 4016 vid.
2495 3965 2564 4017 ad
2598 3964 2696 4016 Od.
2733 3965 2784 4026 3,

1738 4040 1836 4101 ⁴7,
1872 4039 1924 4091 4.
1967 4067 2022 4077 -
2075 4041 2130 4089 in
2171 4054 2354 4092 aevum
2389 4067 2418 4078 -
2456 4066 2486 4077 -
2528 4039 2784 4103 decernet]

1734 4127 1832 4178 pro
1872 4111 2098 4179 simplici
2142 4118 2364 4165 aeternat
2413 4113 2498 4164 vel
2540 4126 2665 4178 pro:
2731 4114 2788 4161 in

1736 4200 1916 4238 aevum
1945 4215 1975 4226 -
2005 4216 2035 4227 -
2071 4188 2356 4251 Extendat,
2407 4189 2467 4238 ut
2506 4187 2787 4271 proposuit

1735 4274 2030 4321 nonnem0‚
2084 4274 2279 4326 prosae
2329 4261 2579 4312 orationis
2627 4259 2786 4310 nimis
