3234 4975
646 372 773 435 576
1419 374 1674 425 nonam
1710 375 2047 427 cAamNUM

1352 880 2113 942 cmm

906 1053 1228 1118 Donarem
1272 1059 1529 1136 pateras
1575 1060 1886 1136 grataque
1932 1048 2350 1123 commoduS‚

907 1170 1294 1244 Censorine‚
1344 1169 1504 1235 meis
1548 1189 1702 1234 aera
1746 1168 2117 1244 sodalibus,

902 1294 1227 1356 Donarem
1271 1288 1583 1377 tripodaS,
1634 1288 1919 1374 praemia
1966 1288 2222 1354 sortium

782 1471 911 1520 vlu.
950 1471 1112 1518 lnscr.
1152 1467 1287 1531 volg.
1322 1468 1399 1517 Ad
1433 1466 1780 1528 emmaum,
1819 1469 1873 1515 et
1905 1467 1984 1516 sic
2017 1466 2147 1517 Bbc.
2180 1494 2235 1505 —
2261 1467 2337 1517 Act
2358 1469 2608 1518 Marcium
2631 1470 2757 1519 Cen-

726 1546 951 1593 sorinum
968 1545 1019 1593 S.
1063 1570 1117 1581 --
1157 1544 1271 1592 Om.
1299 1542 1353 1591 T.
1399 1567 1453 1577 -
1494 1542 1540 1590 4.
1578 1542 1847 1590 commodis
1878 1542 1950 1591 Tc
1975 1543 2030 1590 et
2048 1541 2212 1592 Aldus
2250 1543 2391 1592 4509.
2433 1544 2553 1605 (non
2578 1542 2753 1601 Bbsd‚

716 1624 825 1668 tres
861 1617 1064 1675 mand„
1102 1618 1235 1668 Pott.
1274 1618 1503 1680 septem,
1542 1628 1719 1678 neque
1754 1613 1918 1665 Aldus
1954 1616 2120 1677 4549.)

715 1778 822 1826 vn.
879 1779 976 1825 Pro
1018 1774 1182 1825 rebus
1216 1774 1446 1824 cuiusvis
1486 1774 1697 1836 generis

650 1850 925 1916 pretiosi3‚
982 1861 1115 1911 quas
1160 1850 1315 1912 poeta
1351 1861 1456 1898 non
1502 1847 1694 1908 habet,

651 1924 847 1988 quibus
882 1923 1086 1972 amicus
1128 1935 1234 1972 non
1278 1923 1422 1984 eget,
1478 1933 1695 1970 carmen

652 1999 701 2048 ei
737 1998 910 2057 mittit,
948 1997 1098 2045 cuius
1131 1996 1361 2059 pretium
1397 1996 1449 2044 in
1485 2008 1551 2044 eo
1580 2008 1698 2044 ma-

650 2072 791 2120 xime
837 2072 1080 2120 constare
1122 2068 1272 2128 dicit,
1327 2068 1472 2131 quod
1504 2069 1565 2117 ut
1596 2067 1696 2117 alia

650 2143 789 2204 aliis,
826 2142 973 2193 velut
995 2143 1143 2193 Ennii
1173 2142 1426 2206 Scipioni,
1464 2144 1697 2192 Graeco-

651 2230 771 2268 rum
810 2219 1090 2281 poetarum
1122 2215 1403 2277 heroibus,
1443 2217 1519 2265 sic
1555 2217 1699 2266 Cen-

651 2292 829 2342 sorino
864 2288 1315 2342 immortalitatem
1348 2290 1477 2340 dare
1502 2288 1692 2339 valeat.

654 2364 935 2429 (Alcmanis
978 2365 1282 2415 imitationis
1326 2362 1527 2413 nullum
1560 2364 1700 2414 inest

649 2440 959 2504 vestigium:
998 2451 1123 2490 nam
1146 2438 1417 2502 quomodo
1442 2437 1511 2487 ad
1533 2450 1584 2487 v,
1613 2437 1695 2487 40.

652 2529 683 2565 a
701 2513 1018 2565 scholastico
1043 2513 1271 2563 conferri
1301 2513 1534 2575 potuerit
1563 2510 1697 2561 illius

651 2586 946 2639 versiculus
988 2587 1194 2649 Fragm.
1239 2586 1321 2635 27.
1366 2584 1695 2636 Schneidew.

652 2664 733 2714 78.
760 2662 955 2724 Bergk:
995 2654 1077 2711 Οὐ
1110 2655 1221 2730 γὰρ
1245 2655 1547 2730 πορφύρας
1568 2655 1702 2708 τόσ-

652 2751 760 2799 σος
781 2732 957 2806 κόρος
971 2772 985 2794 ,
1011 2728 1147 2784 ὥστ’
1167 2730 1525 2800 ἀμύνασθαι,
1552 2733 1702 2796 equi-

652 2812 780 2863 dem
824 2824 931 2861 non
984 2809 1249 2874 intelligo.)
1300 2836 1355 2846 —
1406 2811 1463 2860 C.
1517 2812 1697 2859 autem

652 2888 878 2937 Marcius
924 2885 1245 2935 Censorinus
1292 2884 1387 2933 fuit
1428 2882 1609 2933 consul
1645 2895 1695 2931 a.

651 2973 705 3010 u.
755 2972 802 3007 c.
851 2958 965 3008 746.
1016 2971 1139 3008 cum
1192 2959 1248 3007 C.
1305 2958 1481 3008 Asinio
1532 2955 1695 3006 Gallo.

651 3033 972 3083 Demerendis
1017 3031 1293 3080 luminibus
1334 3033 1556 3096 ymnum
1599 3044 1699 3095 ap-

651 3107 812 3171 pellat
834 3104 1015 3155 Vellei.
1042 3107 1101 3166 2,
1139 3108 1250 3155 402.
1289 3107 1453 3156 Huius
1477 3106 1697 3156 denario

654 3182 801 3246 (Anu.
856 3181 964 3230 dell’
1017 3180 1135 3229 Just.
1178 3181 1264 3229 XI.
1312 3194 1364 3244 p.
1403 3181 1535 3243 304.)
1589 3180 1697 3230 duo

653 3256 825 3319 capita
871 3255 1132 3319 impressa
1178 3256 1302 3305 sunt
1341 3269 1464 3305 cum
1514 3256 1695 3306 insen:

652 3329 899 3380 NVMAE.
936 3329 1208 3378 POMPILI.
1250 3330 1417 3380 ANCI.
1454 3329 1694 3380 MARCII.

660 3432 712 3440 —-
740 3405 817 3453 De
841 3406 1084 3468 tempore
1115 3404 1364 3454 carminis
1390 3402 1514 3453 nihil
1542 3403 1698 3467 plane

654 3478 835 3540 liquet.
877 3477 1161 3528 Grotefend
1186 3477 1255 3526 ad
1278 3491 1326 3527 a.
1364 3477 1478 3527 739.
1516 3477 1696 3526 refert.

721 3552 767 3600 4.
805 3553 854 3601 2.
908 3552 1182 3613 Donarem]
1220 3551 1467 3602 Kalendis
1502 3552 1699 3601 Martiis

654 3628 709 3675 et
731 3624 1095 3676 Saturnalibus
1131 3626 1373 3676 homines
1405 3624 1698 3688 locupletes

652 3700 763 3751 suis
806 3698 1080 3750 sodalibus
1114 3700 1253 3750 dona
1290 3698 1538 3762 (strenas)
1577 3700 1701 3748 mit-

652 3773 859 3834 tebant,
914 3772 1087 3837 qualia
1128 3773 1385 3836 significat
1425 3773 1702 3823 Pseudoti-

654 3847 781 3898 bull.
809 3849 863 3908 3,
903 3850 923 3897 4
949 3887 960 3909 ,
999 3849 1055 3898 4ε
1091 3849 1276 3897 Martis
1305 3849 1516 3897 Romani
1546 3847 1702 3910 festae

651 3936 828 3973 venere
876 3923 1132 3972 Kalendae
1163 3949 1192 3958 -
1222 3949 1252 3958 -
1280 3923 1345 3972 Et
1384 3935 1521 3986 vaqa
1566 3936 1701 3971 nunc

653 4002 794 4047 certa
825 3997 1113 4046 discum-unt
1132 3997 1351 4058 undiquc
1375 4009 1565 4059 pompa
1585 3997 1703 4046 Per-

655 4084 750 4133 que
769 4071 881 4119 vias
900 4070 1039 4119 urbis
1058 4083 1271 4120 munera
1295 4084 1487 4132 perque
1509 4071 1693 4120 domos.

655 4145 865 4194 Lucian.
905 4143 1230 4194 Cronosolon
1266 4146 1352 4195 46:
1407 4144 1698 4195 Saturnali-

655 4219 757 4269 bus
822 4211 1218 4282 ἄντιπεμπέτω
1284 4213 1318 4267 ὁ
1375 4220 1549 4283 πένης
1616 4216 1693 4286 τῷ

1772 1770 2065 1838 πλουσίῳ,
2124 1767 2159 1821 ὁ
2209 1773 2320 1838 μὲν
2371 1770 2821 1838 πεπαιδευμένος

1769 1845 2001 1907 βιβλίον
2033 1845 2149 1897 τῶν
2183 1845 2460 1908 παλαιῶν,
2497 1846 2556 1898 εἴ
2570 1863 2622 1898 τι
2646 1843 2824 1913 εὔφη-

2360 1914 2819 1937 ἱἱἱἱἱ

1771 1992 2150 2067 σύγγραμμα,
2196 1992 2407 2048 ὁποῖον
2445 1977 2529 2047 ἄν
2560 1994 2818 2063 δύνηται.

1774 2096 1829 2106 -
1879 2072 2153 2135 oratuque]
2201 2084 2370 2135 «quae
2414 2070 2683 2135 plerisque
2726 2086 2823 2122 ac-

1768 2148 1922 2207 cepta
1957 2147 2117 2209 atque
2152 2158 2476 2210 magnopere
2517 2147 2813 2210 expetenda

1766 2218 2068 2269 videntur.»
2107 2247 2163 2256 -
2188 2220 2488 2284 cmmodus]
2527 2222 2817 2271 construe:

1768 2295 2052 2343 commodus
2087 2291 2281 2357 (largus
2316 2297 2370 2344 et
2404 2292 2664 2355 liberaliS,
2719 2308 2820 2359 pro

1769 2366 2025 2417 adverbio
2064 2369 2158 2417 mit
2196 2369 2318 2417 Lusa
2357 2368 2530 2430 Voss.)
2576 2370 2817 2418 donarem

1761 2446 1973 2503 pateras
2011 2442 2135 2491 meis
2177 2441 2454 2501 sodalibus3
2509 2455 2616 2493 non
2657 2455 2815 2494 vero:

1768 2518 2051 2566 commodus
2089 2517 2213 2565 meis
2251 2516 2514 2566 sodalibus.
2582 2517 2712 2581 Epp.
2749 2519 2814 2578 2,

1772 2591 1792 2638 4
1815 2627 1827 2650 ,
1865 2589 1985 2655 226ζε
2035 2602 2295 2651 speramus
2314 2604 2370 2640 eo
2391 2604 2500 2641 rem
2518 2597 2815 2652 venturam,

1769 2667 1826 2712 ut
1846 2690 1878 2701 -
1897 2690 1927 2700 -
1949 2665 2234 2714 cmmoda-3
2260 2665 2395 2714 ultro
2427 2664 2672 2715 Arcessas.
2733 2667 2820 2715 Sic

1771 2736 1997 2787 verbum
2021 2740 2308 2799 cognatum
2328 2740 2643 2789 commodare
2664 2738 2818 2790 alicui

1773 2810 1900 2874 quid
1935 2813 2020 2861 est
2053 2810 2312 2862 «libenter
2350 2826 2414 2862 ac
2449 2814 2563 2863 sine
2597 2812 2703 2863 ullo
2739 2815 2821 2864 fe-

1771 2897 1902 2934 nore
1937 2885 2008 2934 ad
2039 2888 2249 2935 certum
2283 2889 2498 2951 tempus
2532 2886 2686 2937 alicui
2721 2888 2819 2939 ali—

1774 2971 1936 3021 quam
1959 2971 2094 3018 rem,
2121 2972 2225 3021 qua
2244 2963 2437 3022 utatur,
2464 2961 2817 3012 concedere.»

1772 3034 2065 3096 opponitur
2087 3034 2218 3097 Epp.
2248 3034 2304 3092 4,
2333 3036 2421 3096 48,
2448 3034 2538 3086 74:
2582 3037 2656 3085 Ne
2681 3035 2820 3097 (mu-

1773 3121 1900 3159 nere
1925 3109 2115 3170 negato
2138 3109 2341 3159 amicus
2375 3109 2444 3171 te)
2477 3110 2819 3160 inconmtodus

1772 3187 1932 3245 angat
1981 3181 2313 3246 (unqeshlliq).
2367 3209 2421 3218 —
2483 3184 2641 3245 aera]
2689 3196 2816 3232 vasa

1773 3256 1824 3305 in
1869 3257 2054 3319 primis
2090 3257 2376 3307 Corinthia.

1838 3329 1992 3379 3-5.
2047 3330 2307 3393 tripodas]
2361 3331 2551 3393 Odyss.
2599 3346 2660 3392 ν,
2717 3331 2813 3380 43ι

1765 3396 1902 3452 Ἀλλ’
1937 3396 2065 3469 ἄγε,
2119 3404 2182 3452 οἱ
2209 3401 2399 3469 δῶμεν
2433 3402 2674 3474 τρίποδα
2709 3406 2818 3468 μέ-

1771 3491 1880 3542 γαν
1913 3470 2016 3541 ἡδὲ
2050 3475 2280 3543 λέβητα.
2337 3477 2549 3528 Hesiod.
2577 3479 2634 3527 Ο.
2662 3482 2717 3528 et
2749 3479 2813 3528 D.

1774 3551 1898 3601 656:
1949 3543 2096 3601 ενθα
2136 3552 2214 3616 με’
2257 3567 2411 3617 φημι
2433 3543 2617 3616 Ὕμνῳ
2651 3548 2818 3616 νική-

1774 3639 1959 3674 σαντα
2013 3626 2209 3695 φέρειν
2263 3623 2480 3711 τριποδ
2532 3620 2814 3675 ωτώεντα.

1775 3698 1922 3749 Pind.
1949 3699 2133 3750 Isthm.
2162 3701 2216 3760 4,
2245 3700 2334 3749 48·
2357 3690 2527 3749 Ἔντ’
2552 3693 2820 3750 ἀέθλοισι

1775 3773 1941 3839 θίγον
1975 3771 2254 3824 πλείστων
2286 3767 2522 3841 ἀγώνων
2559 3774 2673 3824 Καὶ
2707 3788 2821 3845 τρι-

1775 3844 2049 3898 πόδεσσιν
2094 3843 2433 3913 ἐκόσμησαν
2476 3844 2661 3913 δόμον
2703 3847 2818 3900 Καὶ

1773 3920 2115 3989 λεβήτεσσιν
2165 3918 2436 3984 φιάλαισί
2482 3937 2545 3972 τε
2591 3922 2816 4008 χρυσοῦ

1772 3994 2082 4061 Γευόμενοι
2117 3993 2420 4060 στεφάνων
2441 3992 2813 4067 Νικαφόρων.

1778 4100 1832 4108 -
1879 4073 2078 4133 Fen-os]
2127 4072 2429 4129 ‹Mauferres
2486 4073 2813 4135 acciperes.»

1775 4171 1830 4181 —
1871 4146 2077 4210 arcican]
2122 4159 2376 4209 «operum
2413 4146 2612 4196 affabre
2646 4144 2815 4194 facto-

1772 4233 1943 4270 rum.»
2013 4220 2095 4269 Sic
2145 4220 2320 4278 τέχνα
2373 4220 2425 4268 in
2475 4220 2644 4283 Epigr.
2688 4231 2812 4267 mox
