3234 4975
1164 434 1429 484 CARMEN
1462 433 1807 484 semmaa.
2455 429 2566 494 641

924 592 1232 676 Proroget
1275 609 1525 654 aevum.

751 749 1067 834 Quaeque
1112 747 1490 812 Aventinum
1537 757 1712 812 tenet
1755 745 2212 832 Algidumque,

754 867 1139 945 Quindecim
1182 866 1385 932 Diana
1429 887 1659 954 preces
1705 866 1986 931 virorum

760 989 954 1054 Curet
996 999 1061 1052 et
1102 989 1267 1053 votis
1312 1009 1662 1074 puerorum
1709 987 1946 1052 amicas

927 1107 1218 1195 Applicet
1261 1129 1472 1174 aures,

2500 870 2580 931 70

553 1298 635 1346 68.
674 1297 912 1359 Proroqet
944 1295 981 1345 b
1006 1334 1017 1356 ,
1064 1300 1121 1345 et
1153 1296 1363 1346 duobus
1398 1298 1634 1359 exceptis
1670 1310 1857 1347 omncs
1893 1298 2123 1348 Pottierii
2147 1335 2158 1357 ,
2211 1299 2339 1348 item
2381 1300 2516 1348 LCt:

486 1373 733 1434 Proroqat
766 1371 834 1430 B,
890 1372 1141 1434 quattuor
1172 1370 1355 1420 Bland.
1380 1409 1392 1431 ,
1448 1384 1584 1421 unus
1619 1372 1856 1430 Bersm.,
1894 1387 1955 1436 y,
1994 1385 2075 1435 pr.
2113 1387 2176 1432 κ,
2214 1374 2347 1422 Pott.
2386 1373 2520 1429 duo,

488 1446 527 1495 C
550 1484 562 1505 ,
618 1443 816 1505 Benll.,
872 1445 976 1496 ΡΜ.
1036 1471 1090 1480 -
1149 1446 1230 1494 74.
1271 1444 1421 1495 Curet
1451 1445 1488 1495 b
1524 1446 1578 1495 et
1610 1445 1719 1495 duo
1754 1446 2009 1507 Pottierii,
2066 1447 2154 1505 Lt3
2207 1447 2364 1497 Curat
2399 1449 2436 1498 B
2473 1452 2526 1497 et

494 1522 712 1583 praeter
745 1519 915 1569 Codd.
968 1533 999 1569 a
1049 1519 1287 1569 Bentleio
1337 1519 1405 1569 ad
1454 1534 1505 1569 v.
1542 1521 1792 1583 Prorogat
1825 1524 2180 1581 memoratos,
2238 1520 2377 1582 βλχ,
2413 1524 2525 1572 tres

490 1595 724 1655 Bersm.‚
762 1607 873 1643 var.
900 1592 1022 1644 lect.
1047 1610 1124 1653 ω,
1151 1595 1210 1655 C,
1237 1593 1425 1654 Bentl.,
1453 1595 1556 1645 ΡΜ.
1590 1623 1644 1630 -
1683 1596 1763 1644 72.
1801 1594 2020 1657 Applicat
2051 1595 2088 1645 b
2123 1598 2177 1645 et
2208 1597 2438 1646 Pottierii
2464 1600 2524 1658 8,

488 1669 521 1716 9
541 1706 553 1727 ,
578 1669 672 1718 22:
720 1669 954 1730 Applicat
974 1670 1014 1719 B
1034 1708 1046 1729 ‚
1085 1668 1253 1718 Codd.
1282 1683 1310 1718 a
1333 1666 1501 1719 Bentl.
1539 1669 1607 1718 ad
1643 1682 1694 1718 v.
1734 1668 1891 1719 Curat
1925 1671 2231 1729 memorati,
2271 1673 2330 1731 C,
2356 1671 2524 1721 Bentl.

488 1743 591 1792 ΡΜ.
651 1742 729 1792 De
754 1742 884 1792 Cod.
912 1757 942 1792 c
978 1757 1119 1793 nunc
1153 1744 1278 1793 mihi
1315 1756 1421 1793 non
1456 1745 1677 1793 constat.
1739 1746 1861 1807 (Nos
1895 1747 2111 1795 secutus
2145 1748 2229 1795 est
2258 1744 2430 1806 Jahn.)
2472 1774 2523 1781 --

487 1817 629 1866 auris
663 1818 718 1866 B.

424 1983 696 2047 religiosa,
740 1987 980 2048 proprie,
1020 1999 1124 2035 non
1163 1986 1360 2036 infinite
1400 1987 1473 2047 (ut

424 2058 537 2108 aliis
560 2058 773 2122 placuit)
799 2059 1169 2122 accipiendum
1186 2099 1198 2121 ,
1236 2060 1357 2109 ideo
1379 2073 1474 2124 po-

425 2133 717 2192 tissimum,
757 2133 902 2195 quod
936 2146 1074 2183 anno
1110 2134 1470 2197 praecedente

424 2207 539 2256 736.
577 2170 845 2269 Augustus
880 2209 1045 2257 πέντε
1078 2205 1183 2272 τῆς
1216 2222 1257 2256 π
1402 2223 1473 2257 α-

425 2282 558 2341 σίας
606 2274 742 2344 ἔτη,
800 2278 1101 2369 ἐτειδήπερ
1157 2276 1192 2331 ὁ
1242 2279 1474 2347 δεκέτης

426 2353 639 2425 χρόνος
656 2347 943 2418 ἐξήκων’
903 2372 992 2421 ην,
1020 2354 1354 2426 προσέθετο.
1377 2357 1474 2406 Dio

431 2428 520 2490 54,
559 2429 638 2478 ⁴2.
697 2430 807 2479 Hoc
841 2431 1055 2480 lustrum
1095 2431 1332 2495 principe
1365 2432 1478 2480 Au-

429 2506 581 2568 gusto
617 2502 735 2554 felix
770 2504 883 2555 fore
907 2504 1006 2555 sibi
1043 2504 1274 2569 spondet
1297 2506 1472 2569 poeta3

427 2580 640 2629 alterum
682 2580 863 2629 autem
899 2581 1314 2642 «proximum»;
1370 2581 1477 2630 iam

427 2654 668 2716 sequitur
710 2656 921 2716 tempus
965 2653 1225 2703 infinitum
1276 2654 1480 2703 melias-

430 2739 525 2788 que
546 2740 739 2789 semper·
759 2754 788 2763 -
810 2740 1014 2786 aevum3
1051 2740 1246 2789 seraper
1278 2742 1344 2777 ex
1378 2729 1480 2779 sor-

429 2800 609 2860 mula,
663 2803 721 2850 ut
765 2800 879 2851 Tib.
920 2804 978 2861 4,
1028 2802 1084 2863 7,
1139 2802 1233 2852 63:
1286 2805 1348 2853 At
1393 2809 1476 2866 tu,

432 2875 652 2935 Natalis,
677 2876 859 2924 multos
879 2874 1167 2924 celebrande
1182 2890 1278 2938 per
1299 2890 1476 2938 annox,

432 2950 707 3000 Candidior
737 2963 929 3011 semper
959 2951 1318 3012 candidiorque
1345 2952 1475 3001 veni.

429 3022 581 3073 Ovid.
605 3024 740 3074 Fast.
765 3025 786 3072 4
809 3062 821 3083 ,
848 3023 928 3074 87.
969 3022 1037 3073 de
1066 3023 1175 3073 Kal.
1202 3026 1474 3076 Ianuariis:

438 3099 607 3160 Salve,
632 3100 767 3149 laeta
789 3100 908 3160 dies,
942 3100 1215 3160 meliorque
1234 3105 1484 3150 revertere

429 3186 635 3236 semper.
720 3172 979 3223 Nonnulla
1039 3175 1260 3237 poetae,
1324 3173 1478 3236 longe

430 3249 630 3298 maiore
678 3248 1030 3311 interpretum
1075 3246 1229 3312 culpa
1280 3247 1479 3299 sactum

432 3324 533 3381 est,
568 3323 629 3370 ut
661 3320 745 3371 alii
781 3322 1060 3383 iungerent
1092 3323 1295 3372 Latium
1326 3323 1476 3386 felic,

429 3394 603 3443 melius
634 3408 829 3453 aevum,
868 3394 951 3445 alii
986 3396 1187 3445 Latium
1217 3396 1342 3459 felia>
1373 3410 1481 3446 me-

431 3468 642 3529 liusque,
679 3466 765 3517 alii
798 3468 1032 3531 denique
1067 3470 1193 3532 felix:
1227 3469 1293 3519 ad
1319 3468 1481 3534 Apol-

430 3540 594 3592 linem
627 3541 916 3602 reserrent,
972 3542 1301 3607 appellantes
1334 3545 1476 3606 Virg.

430 3613 539 3665 Ecl.
566 3616 615 3675 5,
637 3615 726 3664 65:
764 3616 845 3663 Sis
879 3615 1033 3665 bonus
1053 3630 1082 3665 o
1112 3616 1336 3678 felixque
1364 3618 1477 3667 tuis.

498 3689 580 3739 68.
615 3690 857 3752 Proroqet
870 3715 899 3725 -
916 3689 1066 3739 Curet
1079 3715 1109 3725 -
1123 3688 1361 3755 Applicet]
1382 3693 1482 3740 Per

432 3778 491 3815 se
539 3762 879 3813 manifestum
918 3764 1031 3823 est,
1087 3764 1338 3813 carminis
1390 3764 1478 3814 fini

431 3850 618 3887 rursus
649 3836 804 3885 unice
828 3836 1113 3886 convenire
1147 3838 1481 3899 precationes

430 3924 559 3960 vere
595 3909 895 3972 religiosas,
945 3923 1050 3959 non
1087 3910 1304 3960 nimiam
1339 3910 1478 3963 illam

431 3984 834 4036 indicativorum
856 3983 1250 4045 confidentiam,
1272 3998 1409 4048 quae
1431 3987 1485 4035 et

433 4057 784 4122 scriptoribus
820 4057 1048 4108 librariis
1073 4061 1128 4107 et
1153 4058 1345 4108 criticis
1371 4060 1487 4122 qui-

433 4133 679 4192 busdam,
706 4131 952 4195 adeoque
976 4132 1075 4195 ipsi
1098 4130 1350 4193 Bentleio,
1377 4131 1487 4195 pla·

433 4210 555 4258 cuit.
583 4209 728 4268 Quae
747 4206 966 4269 quidem
992 4207 1124 4256 ratio
1146 4208 1271 4255 tunc
1295 4205 1484 4256 saltem

433 4282 719 4332 tolerabilis
756 4284 862 4340 est,
917 4282 959 4330 si
1003 4279 1158 4345 plene
1195 4281 1485 4344 distinguas

600 4375 782 4419 lloau.
820 4386 930 4420 vor..
970 4374 1001 4419 1.
1069 4386 1147 4421 an.
1182 4384 1335 4419 mma
1369 4372 1438 4418 ΙΙΙ.

1545 1988 1670 2049 post
1701 1999 1784 2034 vv.
1824 1986 1888 2036 68
1924 1988 1977 2036 et
2010 1987 2114 2045 72.;
2152 2000 2372 2051 prorsus
2397 1988 2591 2052 inepta,

1547 2060 1591 2108 si
1627 2072 1726 2123 per
1758 2072 1978 2121 zeugma
2013 2062 2148 2122 part.
2186 2061 2229 2110 si
2263 2061 2465 2112 reseras
2487 2075 2516 2111 a
2543 2076 2591 2110 v.

1545 2134 1677 2183 videt
1711 2133 1780 2182 ad
1815 2134 1914 2183 tria
1952 2132 2355 2197 reliqua·verba
2391 2138 2446 2185 et
2477 2148 2506 2184 a
2543 2150 2592 2184 v.

1548 2207 1630 2257 73.
1670 2206 1926 2270 apodosin
1961 2208 2207 2271 incipias,
2261 2211 2321 2258 ut
2361 2210 2456 2260 sit:
2514 2210 2596 2259 «Si

1550 2277 1734 2343 Apollo
1768 2292 1884 2329 rem
1917 2279 2191 2342 publicam
2219 2285 2494 2345 prorogat,
2532 2284 2601 2333 si-

1549 2366 1655 2416 que
1714 2353 1881 2403 Diana
1935 2355 2072 2405 votis
2127 2354 2357 2419 applicat
2411 2369 2596 2414 aures.

1550 2440 1705 2491 spem
1730 2430 1947 2491 reporto
1983 2430 2085 2478 cet.

1616 2502 1825 2552 69-72.
1888 2504 2144 2568 Quaeque]
2196 2505 2261 2555 Ut
2306 2502 2600 2568 Apollinem

1550 2589 1650 2641 per
1683 2576 1875 2627 aedem
1910 2576 2227 2634 Palatinam.
2267 2579 2345 2628 sic
2378 2579 2602 2629 Dianam

1553 2651 1850 2701 obtestatur
1884 2650 2078 2700 chorus
2114 2664 2214 2715 per
2246 2650 2525 2714 religiones
2549 2657 2603 2702 et

1554 2727 1752 2775 Romae
1778 2728 1832 2774 et
1853 2727 1904 2775 in
1931 2726 2103 2787 Latio,
2131 2727 2182 2776 in
2211 2729 2393 2775 monte
2418 2726 2601 2789 Algido

1555 2800 1668 2863 (Od.
1699 2801 1752 2856 4,
1790 2800 1873 2859 2⁴,
1913 2800 1981 2862 6.)
2007 2799 2076 2849 illi
2111 2801 2398 2860 institutas,
2438 2803 2520 2860 ut,
2558 2803 2602 2851 si

1551 2875 1776 2938 propitia
1813 2874 1881 2924 sit
1915 2875 2139 2939 imperio
2171 2875 2438 2932 Romano,
2498 2875 2601 2925 hoc

1555 2948 1824 2999 fortunare
1874 2947 2015 2998 velit.
2084 2948 2276 3000 Zosim.
2314 2950 2375 3007 2,
2423 2950 2482 2998 5:
2543 2949 2607 3000 ἐν

1554 3020 1632 3089 τῷ
1670 3019 1800 3091 ἱερῷ
1835 3019 1939 3087 τῆς
1969 3017 2314 3092 Ἀρτέμιδος,
2355 3018 2392 3073 ὃ
2425 3022 2488 3074 ἐν
2527 3022 2604 3091 τῷ

1548 3093 1876 3163 Ἀουεντίνῳ
1910 3094 2076 3164 λόφῳ
2110 3095 2448 3168 καθίδρυται
2479 3097 2599 3148 κτλ.

1557 3200 1612 3207 -
1660 3172 1951 3234 Quindecim
1972 3199 2000 3208 -
2022 3173 2319 3236 -virorumJ
2367 3173 2501 3223 Cum
2553 3173 2605 3221 hi

1551 3246 1678 3296 ludi.
1709 3244 1980 3296 seculares
2027 3259 2090 3295 ex
2137 3244 2395 3296 librorum
2438 3245 2607 3309 Sibyl-

1553 3320 1785 3371 linorum
1850 3333 2113 3383 responso
2182 3318 2602 3380 celebrarentur,

1554 3408 1690 3458 quos
1714 3393 1840 3445 solis
1865 3393 2308 3455 Quindecimviris
2337 3394 2454 3442 Sac.
2483 3394 2601 3444 Fac.

1553 3470 1703 3519 adire
1737 3468 1960 3527 licebat,
2003 3470 2424 3518 consentaneum
2460 3469 2602 3527 erat,

1552 3548 1612 3592 ut
1634 3542 1736 3593 hoc
1749 3542 2089 3594 sacerdotum
2109 3539 2389 3603 collegium
2407 3540 2605 3590 diserte

1554 3619 1963 3667 memoraretur.
2034 3615 2195 3665 Tacit.
2220 3615 2355 3664 Ann.
2385 3614 2440 3663 4⁴
2466 3652 2478 3674 ,
2509 3614 2563 3663 ⁴⁴
2591 3628 2601 3661 z

1551 3692 1756 3754 colleqio
1779 3691 2200 3753 Qindecimvirum
2231 3688 2509 3750 antiquitus
2540 3702 2602 3738 ea

1552 3779 1682 3814 cura
1718 3764 1979 3827 (ludorum
2014 3763 2373 3826 secularium),
2412 3769 2458 3812 et
2491 3776 2607 3812 ma-

1552 3841 1796 3902 ,msa-atas
1841 3841 2154 3902 potissimum
2211 3838 2609 3900 &aequabantur

1556 3913 1725 3976 officia
1757 3915 2197 3963 caerimoniarum.
2229 3942 2283 3950 —-
2309 3913 2605 3976 puerorum]

1556 3987 1834 4050 utriusque
1870 4000 2047 4037 sexus.
2110 3987 2302 4038 Paulus
2338 3988 2404 4037 de
2439 3986 2603 4036 Verb.

1558 4059 1734 4120 Signis.
1775 4059 1842 4109 ed
1892 4061 2130 4109 Cramer.
2168 4074 2220 4123 p.
2258 4060 2337 4111 78.
2376 4060 2497 4120 463,
2546 4062 2604 4108 ⁴:

1556 4133 1706 4181 Pueri
1728 4132 2060 4194 appellatione
2081 4133 2234 4182 etiam
2261 4134 2434 4194 puella
2453 4134 2610 4196 siqni-

1555 4207 1758 4269 ficatur.
1800 4234 1854 4241 —-
1892 4207 2083 4256 amicas
2119 4207 2356 4269 Applicet]
2395 4208 2607 4270 «propi-

1562 4280 1663 4329 tias
1699 4278 2005 4344 praebeat.»
2060 4282 2242 4331 Senon„

2209 4374 2251 4416 ti
