3234 4975
662 404 784 470 428

1427 408 1684 459 HORATII
1724 408 2058 459 CARMINUM

1000 564 1072 629 Et
1116 584 1301 630 soror
1343 562 1496 629 clari
1542 562 1727 630 ducis
1772 574 1837 629 et
1880 562 2156 630 decorae

1162 684 1465 771 Supplice
1510 684 1664 751 vitta

994 842 1319 930 Virginum
1363 852 1599 910 matres
1646 843 2082 932 iuvenumque
2128 866 2336 932 nuper

991 963 1334 1051 Sospitam.
1422 966 1581 1041 νος,
1630 985 1669 1029 o
1714 965 1900 1052 pueri
1948 975 2013 1031 et
2056 964 2313 1052 puellae

2741 965 2819 1030 lo

993 1087 1126 1150 lam
1172 1085 1382 1150 virum
1425 1095 1762 1172 expertae,
1809 1085 1978 1153 male
2022 1087 2318 1153 ominatis

791 1237 839 1285 7.
876 1236 987 1286 cari
1019 1233 1086 1295 β,
1125 1237 1258 1286 Pott.
1298 1237 1423 1287 tres.
1464 1263 1520 1273 —
1562 1238 1641 1287 Η.
1679 1243 1904 1301 azpertes
1937 1241 2154 1289 auctore
2188 1238 2444 1302 Cuningh.
2482 1240 2534 1289 F.
2564 1265 2621 1275 —
2647 1239 2760 1288 Non

719 1313 887 1362 virum
931 1316 1168 1373 expertae
1207 1310 1441 1362 malebat
1484 1312 1654 1364 Bentl.
1695 1341 1750 1351 —
1786 1314 1935 1363 Haud
1965 1314 2134 1363 virum
2165 1319 2403 1375 apertae
2436 1313 2600 1363 edidit
2634 1315 2756 1364 Pot-

721 1386 838 1436 tier.
878 1385 951 1448 (ln
977 1385 1155 1436 ultima
1176 1385 1269 1436 Ed.
1289 1387 1444 1447 Jahn,
1482 1390 1540 1438 ut
1561 1388 1697 1449 nos.)
1718 1416 1775 1426 —
1802 1389 2071 1439 nmnivzatis
2091 1390 2181 1449 Bc,
2206 1402 2288 1453 pr.
2310 1389 2367 1448 T,
2394 1401 2530 1439 corr.
2558 1388 2613 1451 b,
2653 1388 2760 1438 «di-

725 1460 887 1511 midia
919 1474 1044 1525 pars
1070 1461 1356 1512 Codicum»
1381 1461 1629 1524 Bentleii,
1667 1464 1794 1515 item
1818 1465 1874 1514 L.
1902 1464 2190 1529 (nominatis
2212 1475 2479 1527 superscr.
2508 1461 2619 1513 «vel
2643 1464 2754 1523 ho»,

720 1535 775 1584 id
799 1537 906 1595 est,
943 1535 1175 1585 omittatis
1209 1550 1270 1597 c,
1308 1537 1452 1600 quod
1486 1536 1665 1588 firmat
1694 1536 1877 1588 Bland.
1917 1537 2231 1601 antiquiss),
2266 1538 2555 1587 inominatis
2588 1536 2753 1588 Bentl.

720 1611 855 1661 coni.
896 1609 1148 1673 (ominati-³
1180 1613 1341 1661 etiam
1374 1609 1442 1678 γδ
1477 1626 1561 1677 ap.
1600 1614 1812 1664 Kirchn.
1850 1626 1903 1677 p.
1942 1611 2023 1661 36.
2061 1612 2163 1673 56.)

720 1741 769 1791 8.
829 1740 1059 1803 supplico
1111 1741 1254 1806 vitta]
1313 1754 1448 1805 quas
1503 1744 1556 1792 in
1608 1756 1703 1794 ca—

1774 1755 1947 1806 usque
1997 1741 2065 1791 ad
2116 1741 2303 1791 aetatis
2354 1754 2554 1791 annum
2604 1742 2710 1791 XX.
2765 1744 2821 1791 et

653 1818 762 1880 pite
818 1814 1098 1879 gestabant
1152 1817 1426 1866 matronae
1484 1829 1698 1877 omnes,
1771 1815 1997 1880 amplius
2026 1814 2194 1877 pueri)
2229 1818 2284 1864 et
2313 1815 2532 1878 virgines
2565 1813 2664 1876 (vel
2681 1817 2822 1877 puoc-

660 1903 766 1953 quo
831 1903 861 1939 a
930 1888 1188 1940 libertinis
1255 1889 1707 1954 distinguerentur
1771 1890 1870 1954 lae)
1889 1891 2010 1940 ante
2031 1887 2405 1940 Cantabricam
2429 1889 2820 1953 expeditionem
2865 1948 2881 1963 ἱ

660 1963 790 2026 (Tib.
818 1965 872 2025 4,
911 1964 965 2023 6,
1005 1965 1093 2014 67;
1133 1964 1210 2014 Sit
1235 1967 1544 2016 modocasta
1563 1967 1699 2027 doce,
1772 1963 1869 2015 illis
1919 1966 2131 2028 nuptae)
2177 1965 2312 2014 mala
2355 1964 2590 2014 ominatis
2623 1965 2821 2027 parcite

660 2038 891 2098 quamvis
937 2053 1038 2088 non
1075 2039 1204 2089 vitta
1243 2040 1423 2104 liyatos
1461 2041 1704 2103 Impediat
1766 2039 1954 2100 verbis,
1992 2038 2136 2102 quod
2166 2038 2386 2102 quidem
2409 2038 2670 2088 monitum
2694 2040 2817 2103 apte

661 2113 1077 2163 crinesnecstola
1098 2114 1473 2179 mammaea),
1507 2114 1699 2178 partim
1771 2113 1862 2163 dat
1895 2113 2082 2163 iuniori
2117 2114 2300 2174 aetati,
2349 2112 2416 2162 de
2452 2116 2819 2163 matronarum

660 2188 711 2237 in
748 2189 915 2238 sacris
949 2187 1220 2239 faciendis.
1277 2189 1432 2252 (virg.
1468 2190 1599 2239 Aen.
1637 2187 1697 2251 4,
1771 2189 2013 2238 cautione
2048 2200 2289 2238 securus.
2327 2188 2581 2238 Ceterum
2605 2188 2703 2237 etsi
2728 2201 2821 2237 no-

659 2262 784 2312 637:
838 2267 988 2324 utque
1034 2262 1148 2325 ipsa
1187 2264 1283 2326 pia
1327 2268 1433 2327 teas
1475 2267 1702 2325 tempora

653 2336 797 2386 vitta.
837 2336 942 2387 Cfr.
980 2338 1248 2402 Boettiger
1279 2337 1470 2388 Sabina
1502 2339 1540 2387 1.
1574 2350 1695 2403 pag.

655 2410 790 2474 ⁴57.)
848 2409 987 2462 Alias
1034 2413 1195 2463 etiam
1239 2414 1398 2476 virgis
1437 2410 1699 2463 involutas

651 2498 780 2550 prae
826 2498 888 2537 se
934 2484 1194 2538 ferebant.
1275 2490 1421 2550 (Aen.
1459 2488 1515 2548 7,
1566 2487 1693 2538 237:

648 2559 981 2623 Praeserimus
1010 2562 1242 2611 manibus
1271 2562 1423 2611 vittas
1454 2574 1517 2610 ac
1543 2560 1699 2610 verba

644 2635 950 2698 precantia.)
978 2635 1311 2687 Pontificium
1333 2635 1523 2685 harum
1547 2635 1701 2685 vitta-

650 2721 769 2758 rum
812 2722 1008 2759 nomen
1049 2710 1297 2774 supplicia
1332 2710 1564 2761 servavit
1600 2711 1698 2761 Sa-

649 2781 772 2832 lust.
809 2785 920 2847 lug.
958 2783 1039 2835 46.

714 2857 762 2907 9.
819 2858 897 2907 lo.
955 2860 1169 2924 matres]
1222 2859 1397 2909 Liviae
1443 2859 1599 2922 igitur
1644 2862 1697 2909 et

649 2932 894 2981 Octaviae
922 2933 972 2981 in
995 2946 1053 2982 re
1078 2932 1253 2982 divina
1285 2932 1524 2984 facienda
1559 2935 1698 2985 assi-

649 3007 791 3055 stent
820 3010 1031 3057 ceterae
1055 3009 1328 3057 matronae
1360 3006 1568 3059 nobiles
1592 3009 1698 3059 Ro-

650 3093 868 3141 manae,
923 3083 1123 3132 matres
1166 3094 1353 3132 eorum
1410 3083 1693 3143 iuvenum,

650 3155 739 3219 qui
776 3168 805 3205 e
839 3154 980 3205 bello
1015 3155 1329 3207 Cantabrico
1363 3157 1491 3209 salvi
1526 3159 1699 3210 redie-

648 3232 792 3290 rant,
853 3228 1102 3281 mulieres
1154 3231 1311 3294 igitur
1357 3235 1530 3283 aetate
1587 3234 1697 3285 iam

648 3303 759 3355 sere
783 3304 1251 3368 quadragenariae.
1279 3334 1333 3342 —-
1366 3305 1472 3370 Vos]
1510 3308 1693 3369 «Tum,

647 3390 772 3429 cum
807 3378 1040 3443 prodibit
1060 3380 1201 3430 Livia
1236 3382 1291 3430 et
1323 3381 1534 3432 Octavia
1550 3420 1562 3442 ,
1598 3394 1696 3432 vos

645 3454 846 3518 parcite
870 3455 1008 3503 cet.»
1043 3456 1156 3505 lam
1189 3455 1233 3504 si
1254 3454 1474 3519 viraines
1508 3469 1538 3505 a
1558 3456 1698 3518 puel-

647 3530 732 3591 lis,
769 3543 798 3579 a
828 3529 1000 3591 pueris
1020 3511 1219 3580 iuven&
1240 3529 1691 3593 discriminamuS,

644 3617 811 3669 prope
846 3604 1233 3656 inextricabiles
1268 3608 1561 3656 nascuntur
1589 3605 1695 3656 dif-

646 3677 932 3740 ficultates,
970 3692 1106 3743 quas
1139 3679 1232 3730 tibi
1256 3678 1538 3730 solvendas
1561 3693 1692 3745 pro-

651 3756 852 3819 ponent
906 3754 1235 3805 Eichstadius
1315 3755 1573 3818 imprimis
1643 3757 1697 3805 et

648 3827 939 3880 Lubkerus.
1007 3828 1211 3890 Quibus
1247 3828 1497 3880 omnibus
1531 3843 1694 3880 accu-

644 3905 757 3952 rate
792 3904 1093 3967 pensitatiS,
1148 3916 1290 3954 nunc
1324 3903 1394 3953 ad
1426 3904 1694 3968 interpre-

644 3976 897 4028 tationem
952 3979 1190 4029 omnium
1243 3976 1690 4043 simplicissimam

644 4050 835 4112 redeo,
892 4065 956 4101 ex
1006 4066 1111 4117 qua
1155 4055 1304 4116 puer-i
1355 4052 1539 4104 iidem>
1567 4055 1693 4104 sunt

642 4128 803 4189 atque
847 4127 1068 4188 iuvenes,
1116 4128 1314 4190 puellas
1356 4127 1583 4179 eaedem
1627 4142 1691 4179 ac

639 4202 874 4264 virgines.
913 4200 1025 4251 Hoc
1060 4202 1216 4265 igitur
1246 4203 1403 4253 dicit:
1466 4204 1592 4254 «Vos
1613 4205 1692 4254 iu-

640 4289 784 4327 venes
821 4275 903 4337 (ex
950 4276 1131 4326 Latina
1179 4277 1560 4329 consuetudine
1605 4276 1690 4328 vel

1770 2263 2034 2314 tissimum
2086 2263 2169 2312 est
2216 2274 2365 2311 vocc.
2403 2263 2458 2311 et
2504 2261 2718 2325 virginis
2764 2264 2818 2312 et

1762 2337 1961 2400 puellae
1995 2336 2062 2386 de
2098 2349 2290 2386 recens
2325 2335 2503 2401 nuptis
2536 2335 2681 2385 haud
2726 2349 2816 2385 ra-

1769 2425 1830 2462 ro
1877 2411 2146 2475 usurpari,
2200 2412 2359 2461 certis
2401 2414 2582 2461 tamen
2618 2410 2818 2474 aliquot

1769 2483 2028 2551 exemplis
2051 2486 2478 2537 confirmandum
2504 2489 2600 2536 est.
2634 2487 2730 2537 Od.
2757 2488 2810 2546 2,

1768 2561 1826 2620 8,
1852 2561 1946 2611 22:
1983 2574 2144 2623 nuper
2168 2561 2392 2624 Virgines
2410 2565 2612 2622 nuptae.
2650 2561 2699 2620 3,
2727 2562 2809 2621 22,

1767 2634 1827 2685 2:
1882 2634 2166 2685 laborantes
2210 2641 2352 2686 atero
2394 2635 2608 2697 puella-5.
2665 2636 2808 2698 Virg.

1768 2712 1860 2760 Ge.
1886 2709 1937 2770 4,
1963 2708 2076 2760 458.
2131 2709 2423 2774 Eurydice,
2460 2709 2653 2773 Orphei
2686 2723 2816 2760 con-

1768 2784 1881 2845 iux,
1950 2784 2204 2834 moritura
2258 2784 2442 2846 puella.
2505 2784 2682 2847 Eurip.
2736 2783 2809 2834 El.

1768 2857 1883 2909 484.
1929 2857 2351 2921 Clytaemnestra
2390 2857 2590 2908 iamdiu
2625 2858 2815 2908 marito

1768 2934 1945 2985 occiso
1962 2935 2237 2998 superstes
2253 2937 2475 2983 vocatur
2493 2929 2814 3003 κακόφρων

1765 3003 1929 3077 κόρα.
1982 3007 2144 3057 Andr.
2187 3006 2299 3058 440.
2354 3008 2550 3058 chorus
2609 3006 2814 3058 Andro-

1767 3083 1996 3134 machen
2061 3081 2294 3147 appellat
2358 3073 2410 3131 ὦ
2463 3079 2816 3132 nanciacum

1769 3154 1992 3222 νύμφα,
2030 3156 2367 3220 eandemque
2390 3170 2440 3206 v.
2468 3155 2582 3208 489.
2604 3149 2815 3208 Ἰλιάδα

1767 3227 1966 3302 κόρων.
2007 3258 2062 3268 -
2103 3231 2256 3290 Quod
2289 3229 2359 3281 ad
2390 3244 2442 3280 v.
2481 3232 2731 3293 Sospitam·
2757 3246 2810 3283 v.

1770 3307 1848 3356 40.
1903 3307 2112 3367 attinet,
2166 3306 2254 3356 hic
2305 3318 2521 3369 quoque
2572 3304 2668 3366 illi,
2722 3308 2813 3371 qui

1768 3393 1940 3444 nuper
1972 3380 2076 3430 hoc
2109 3393 2328 3431 carmen
2364 3380 2656 3431 admodum
2681 3394 2814 3445 ope-

1769 3467 1892 3504 rose
1939 3455 2255 3516 tractarunt,
2311 3456 2527 3506 rationis
2573 3456 2813 3519 poeticae

1768 3530 1931 3592 ignari
1968 3529 2205 3588 fuerunt,
2244 3543 2369 3581 cum
2401 3529 2662 3592 sospitibus
2695 3531 2810 3594 ipsi,

1767 3617 1870 3653 non
1916 3604 2159 3655 Horatius
2175 3641 2187 3665 ,
2237 3607 2570 3669 opponerent
2610 3606 2809 3654 occisos.

1766 3678 1863 3729 Hic
1897 3679 2041 3730 enim
2076 3691 2174 3730 suo
2198 3679 2312 3729 iure
2346 3681 2623 3744 tamquam
2656 3683 2812 3744 poeta

1767 3754 1936 3802 totum
1972 3754 2262 3803 exercitum
2293 3755 2557 3817 «Augusto
2580 3756 2810 3804 victore»

1764 3829 1996 3890 sospitem
2046 3827 2251 3878 redisse
2301 3829 2429 3879 dicit
2479 3831 2623 3880 omni
2673 3827 2812 3879 malo

1766 3904 1970 3964 omine,
2031 3902 2187 3968 quale
2239 3902 2365 3954 illud
2414 3917 2543 3954 sane
2601 3904 2809 3962 fuisset,

1766 3980 1898 4029 scite
1934 3977 2181 4029 devitato.

1831 4056 1910 4106 44.
1937 4056 2070 4106 male
2090 4054 2325 4105 ontinatis
2339 4054 2392 4103 P.
2412 4054 2482 4117 v.]
2507 4047 2817 4118 «εὐφημεῖ-

1765 4143 1875 4179 τε.»
1926 4129 2020 4178 Od.
2043 4129 2090 4190 3,
2114 4129 2163 4190 4,
2181 4129 2229 4179 2.
2253 4129 2444 4178 Accius
2471 4129 2524 4178 in
2543 4129 2813 4178 Oenomao

1765 4203 1946 4266 (Bothe
1973 4204 2115 4253 Poet.
2145 4215 2290 4254 scen.
2328 4216 2380 4267 p.
2420 4202 2585 4263 226ss
2631 4202 2720 4251 Vos
2747 4201 2816 4250 ite

1762 4282 1982 4328 actutum
2028 4283 2178 4340 atquo
2220 4291 2367 4340 opere
2415 4289 2601 4341 magno
2643 4275 2814 4327 edicito
