3234 4975
1187 333 1393 383 LIBER.
1467 334 1663 385 CARM.
1703 335 1787 384 111.

2501 333 2627 398 663

882 487 1044 551 Num
1090 486 1423 573 viperinus
1467 486 1566 553 his
1613 508 1806 556 cruor

795 607 1093 674 lncoctus
1136 605 1357 673 herbis
1400 628 1505 675 me
1548 607 1817 675 fefellit?
1863 629 1944 674 an
1987 608 2191 674 malas
2284 625 2289 634 ’

882 727 1152 794 Canidia
1195 729 1486 795 tractavit
1529 728 1735 817 dapes
1758 730 1792 793 ⁴?

792 847 873 913 Ut
912 850 1314 935 Argonautas
1358 859 1619 937 praeter
1665 870 1893 917 omnes
1943 849 2291 917 candidum

880 967 1111 1035 Medea
1153 969 1382 1036 mirata
1425 980 1524 1037 est
1568 970 1837 1048 ducem,

2547 971 2628 1036 40

797 1090 1020 1176 Ignota
1065 1089 1263 1156 tauris
1307 1089 1698 1178 illigaturum
1740 1091 1891 1179 iuga

877 1210 1183 1275 Perunxit
1222 1208 1348 1277 hoc
1390 1211 1720 1290 Iasonem;

797 1331 935 1397 Hoc
979 1329 1281 1397 delibutis
1328 1329 1462 1396 ulta
1506 1330 1697 1398 donis
1741 1330 2042 1419 pellicem

884 1452 1197 1539 Serpente
1241 1450 1400 1540 fugit
1450 1450 1617 1518 alite.

793 1575 927 1639 Nec
969 1581 1183 1639 tantus
1227 1593 1515 1659 unquam
1560 1572 1851 1639 siderum
1895 1572 2131 1639 insedit
2171 1593 2374 1660 vapor

2546 1574 2627 1676 45

586 1781 634 1831 6.
660 1781 772 1830 Non
792 1780 846 1830 b.
872 1806 926 1817 —-
956 1781 1004 1832 8.
1032 1782 1240 1831 tentavit
1261 1794 1400 1832 unus
1419 1778 1697 1831 Torrentii.
1722 1776 1956 1842 (Ultimus
1974 1778 2130 1830 huius
2150 1791 2316 1831 carm.
2337 1794 2389 1830 v.
2412 1780 2464 1830 in
2481 1779 2559 1842 B.)

455 1928 541 2006 ma
565 1959 720 2021 capta
742 1960 875 2018 estn3
905 1958 1102 2008 etenim
1128 1957 1206 2008 sie
1229 1960 1499 2019 construe,
1576 1957 1704 2006 risio
1754 1954 1803 2006 4.
1856 1968 1909 2019 p.
1966 1955 2080 2006 468.
2128 1955 2312 2018 Lind.,
2366 1969 2396 2005 a
2441 1956 2628 2006 Bothio

459 2044 566 2081 non
607 2044 765 2082 vero:
825 2033 1071 2083 iasonem
1102 2034 1373 2083 candidum
1403 2033 1505 2082 mi·
1576 2030 1959 2094 praetermissa
1978 2066 1990 2089 ‚
2027 2029 2173 2079 haud
2206 2027 2630 2094 improbabiliter

452 2109 575 2154 rata
614 2109 684 2154 est
725 2110 933 2166 praeter
965 2119 1131 2155 omnes
1160 2106 1498 2169 Argonautas.
1576 2104 1656 2153 sic
1705 2104 1946 2154 restituta
1993 2115 2023 2151 a
2068 2102 2460 2154 Lindemanuo:
2513 2104 2629 2153 Non

452 2179 538 2228 Sic
579 2180 851 2241 Magnetes
896 2179 1156 2229 mirantur
1198 2192 1324 2229 eum
1357 2178 1502 2242 apud

453 2251 601 2301 Pind.
630 2251 780 2313 Pyth.
808 2251 869 2311 4,
898 2253 989 2301 87:
1029 2245 1168 2303 Οὔτι
1191 2266 1303 2302 που
1328 2243 1503 2314 οὗτος

449 2318 763 2384 Ἀπόλλων,
817 2318 953 2375 οὐδὲ
997 2321 1120 2409 μὰν
1160 2322 1502 2396 χαλκάρμα-

451 2393 554 2460 τός
605 2396 731 2447 ἐστι
779 2393 952 2460 πόσις
1001 2397 1329 2468 Αφροδίτας
1377 2398 1497 2450 κτλ.

450 2471 585 2522 Vide
618 2471 790 2522 Museo
823 2471 1137 2536 Gregort’ano
1171 2474 1227 2524 T.
1259 2474 1497 2525 LXXXII.

454 2573 510 2582 -
546 2545 737 2609 duem]
780 2545 937 2596 Plane
981 2546 1259 2610 singularis
1294 2551 1378 2599 est
1419 2549 1501 2599 fa-

449 2618 574 2670 bula
624 2620 678 2670 in
719 2633 847 2670 vase
889 2621 1030 2684 picto
1070 2622 1208 2672 Mon.
1250 2623 1368 2673 [nst.
1406 2638 1501 2673 ar-

448 2695 600 2750 cheol.
639 2695 701 2744 11.
740 2696 795 2744 T.
827 2695 931 2756 35„
968 2695 1061 2745 uhi
1094 2696 1250 2747 Iason
1283 2698 1498 2750 iamiam

449 2783 478 2818 a
515 2769 749 2819 dracone
785 2769 1079 2820 devoratus
1102 2771 1371 2821 Minervae
1396 2786 1497 2837 ope

450 2857 516 2893 ex
567 2842 703 2894 illius
754 2846 940 2894 ventre
997 2845 1266 2895 extractus
1311 2858 1499 2897 serva-

449 2921 558 2979 tur,
596 2918 655 2966 ιιι
674 2918 976 2968 monstrum
998 2917 1194 2968 vincat.
1219 2946 1273 2954 —
1299 2921 1495 2985 Ignota]

449 2992 599 3053 «iuga
633 2993 792 3041 antea
827 2992 1032 3042 insueta
1068 2992 1232 3043 tauris
1265 2991 1364 3044 illis
1393 2996 1497 3045 im-

446 3067 748 3130 positurum
771 3064 860 3116 tali
882 3079 1094 3116 veneno
1127 3069 1392 3130 perunxit,
1426 3082 1493 3119 ne

447 3140 705 3201 flammis,
744 3153 878 3205 quas
913 3139 1215 3204 spirabant,
1256 3139 1497 3193 laedere-

447 3215 532 3263 tur
584 3216 863 3278 taeterque
920 3213 1023 3265 allii
1066 3214 1202 3264 odor
1256 3220 1494 3268 monstra

446 3289 765 3338 averteret.»
835 3290 948 3339 Hoc
982 3302 1108 3339 eum
1142 3289 1295 3353 dicit,
1348 3293 1495 3342 ioca-

444 3359 661 3412 bundus
702 3364 998 3424 generatim
1041 3364 1323 3427 significat,
1375 3369 1496 3417 tan-

444 3437 557 3485 tam
605 3436 716 3484 vim
752 3437 1017 3497 magicam
1050 3438 1102 3487 in
1143 3436 1262 3488 allio
1294 3440 1490 3501 inesse,

445 3511 504 3559 ut
549 3507 674 3558 nihil
728 3509 774 3557 ei
825 3510 1064 3569 resistat,
1123 3525 1191 3561 ne
1241 3512 1493 3564 flammae

445 3581 666 3645 quidem
708 3580 826 3631 illae
871 3584 1231 3645 portentosae.
1279 3586 1495 3649 Nequa-

444 3668 609 3719 quam
659 3656 841 3706 autem
888 3655 1322 3721 distinguendum
1368 3673 1491 3711 cum

444 3729 647 3779 editore
682 3729 956 3780 Leidensi:
997 3732 1176 3780 «Utn
1204 3733 1397 3783 mirata
1426 3739 1496 3784 esc

443 3805 616 3853 ducem
630 3804 810 3867 Ignota
831 3804 993 3853 tauris
1014 3805 1328 3869 inmaturum
1349 3809 1492 3871 3149oe

441 3879 686 3927 Per-unxit
705 3878 795 3927 hoc
817 3879 1062 3940 Iasonem,
1089 3882 1149 3928 ut
1168 3880 1283 3943 pari
1307 3893 1490 3931 amore

442 3952 721 4015 flagraret,
777 3964 884 4015 quo
926 3952 1040 4016 ipsa
1081 3953 1391 4015 flagrabat.»
1433 3982 1487 3990 .-

440 4024 697 4089 Per-unxit]
735 4026 1071 4089 Quapropter
1103 4028 1290 4089 postea
1316 4026 1385 4076 ab
1409 4028 1493 4077 Ia-

441 4113 573 4151 sone
624 4099 833 4164 prodita
884 4099 1027 4164 apud
1076 4101 1305 4151 Ennium
1355 4101 1491 4151 haec

443 4176 490 4224 ei
526 4173 722 4239 probra
759 4173 1021 4236 obiectat,
1061 4177 1272 4226 servata
1295 4188 1326 4226 a
1352 4175 1492 4226 Cha-

1572 2190 1935 2237 commemoro,
2011 2178 2145 2236 quod
2192 2178 2427 2228 draconis
2474 2177 2627 2228 taetri

1576 2250 1796 2311 oppressi
1844 2251 2112 2311 impactum
2167 2252 2308 2312 Non,
2361 2252 2496 2311 quod
2533 2251 2626 2301 do—

1574 2324 1682 2372 mui
1711 2324 1816 2373 vim
1854 2327 2125 2372 taurorum
2156 2327 2203 2373 ot
2232 2325 2408 2389 sepelis
2445 2337 2626 2374 anm—

1574 2400 1658 2447 tae
1688 2409 1885 2446 mame.

1642 2470 1722 2521 43.
1746 2470 1825 2522 ⁴4.
1862 2471 1967 2521 Hoc
1987 2470 2213 2521 delibutis
2227 2499 2257 2509 -
2272 2472 2429 2537 donis]
2455 2469 2623 2537 «palla

1575 2547 1632 2595 et
1652 2559 1849 2596 corona
1873 2545 2246 2596 huiuscemodi
2267 2546 2622 2597 medicamine

1572 2619 1897 2683 perunctis.»
1940 2646 1996 2655 —
2025 2619 2270 2683 pellicem]
2321 2618 2619 2683 «Glaucen,

1575 2690 1677 2755 (alii
1718 2693 1977 2743 Creusam
2000 2691 2317 2757 appellant),
2357 2694 2620 2755 CreontiS‚

1571 2766 1713 2829 regis
1732 2766 2012 2828 Corinthii,
2050 2763 2242 2827 filiam,
2281 2779 2443 2830 quam
2466 2769 2623 2818 Iason

1571 2840 1627 2890 in
1689 2840 2089 2891 matrimonium
2155 2841 2412 2891 ducturus
2470 2842 2621 2901 erat,

1571 2928 1745 2979 aeque
1780 2916 1891 2965 acri
1923 2927 2132 2965 veneno
2166 2915 2423 2978 perdidit,
2459 2917 2622 2980 atque

1571 2992 1656 3040 est
1699 2989 1830 3050 hoc,
1886 2989 2031 3052 quod
2075 2989 2128 3038 in
2183 2989 2443 3041 intestinis
2485 2991 2622 3042 meis

1569 3066 1776 3114 saevire
1812 3063 2047 3114 sentio.»
2116 3064 2242 3114 Erat
2289 3065 2471 3115 autem
2522 3078 2622 3115 na·-

1566 3138 1780 3202 phthaS.
1809 3136 1937 3188 Plin.
1965 3139 2027 3187 H.
2050 3140 2110 3187 N.
2137 3138 2187 3200 2,
2210 3138 2329 3188 ⁴05:
2366 3139 2447 3188 Ita
2458 3139 2625 3204 fertur

1569 3227 1604 3262 a
1641 3213 1821 3264 Medea
1855 3212 2080 3274 pellicem
2121 3217 2433 3272 ormatam,
2476 3218 2622 3275 post-

1568 3301 1723 3350 quam
1754 3289 2111 3352 sacrificatura
2141 3289 2210 3338 ad
2240 3301 2365 3338 aras
2402 3301 2622 3338 accesse-

1566 3368 1679 3425 rat,
1715 3376 1905 3413 corona
1926 3363 2043 3425 igne
2065 3368 2238 3424 rapta.
2268 3390 2323 3398 —
2365 3362 2619 3428 Ser-pente]

1569 3449 1762 3486 «curru
1810 3435 2134 3486 draconibus
2190 3433 2343 3485 alatis
2399 3436 2580 3485 iuncto
2603 3473 2616 3498 ,

1569 3523 1736 3574 quem
1769 3509 1955 3559 hahuit
1987 3508 2056 3558 ab
2089 3522 2191 3558 avo
2225 3506 2375 3569 Sole,
2412 3521 2512 3572 per
2532 3513 2621 3559 ae-

1566 3597 1684 3634 rem
1718 3585 1906 3633 avecta
1938 3582 2172 3632 Athenas
2204 3581 2455 3645 aufugit.»
2509 3582 2615 3633 Ct'r.

1567 3659 1662 3721 Ep.
1699 3658 1760 3717 5,
1798 3657 1878 3706 63.
1922 3685 1977 3693 —
2015 3655 2158 3720 alite]
2194 3658 2254 3706 ut
2286 3652 2383 3706 od.
2422 3655 2478 3717 4,
2528 3657 2614 3719 44,

1565 3734 1660 3782 26:
1709 3732 1812 3781 ales
1841 3732 2073 3794 Pegasus.
2148 3731 2477 3794 Frequenter
2518 3743 2618 3780 au—

1567 3808 1679 3855 tem
1728 3805 1781 3854 in
1826 3805 1968 3854 vasis
2011 3804 2167 3868 pictis
2217 3803 2618 3868 conspiciuntur

1568 3878 1701 3929 tales
1734 3882 2013 3943 serpentes
2048 3878 2187 3928 alati.

1636 3954 1811 4003 45-48.
1833 3954 2053 4003 ridor-um
2070 3952 2194 4017 cet.]
2209 3952 2385 4003 «calor
2399 3966 2619 4019 oppres-

1568 4027 1637 4077 sit
1668 4027 1874 4077 aridam
1908 4027 2203 4092 Apuliam.»
2255 4029 2397 4091 virg.
2437 4030 2529 4079 Ge.
2562 4028 2613 4088 2,

1568 4099 1689 4149 353:
1711 4101 1878 4151 hiulca
1893 4101 1975 4151 siti
1987 4103 2133 4167 findit
2149 4103 2299 4153 Canis
2313 4103 2514 4166 aestifer
2529 4114 2618 4150 ar-

1565 4189 1649 4225 va.
1676 4203 1729 4212 —
1757 4175 1948 4240 insedit]
1978 4176 2295 4239 «incubuitm
2337 4180 2396 4228 ut
2411 4177 2635 4227 Seneca*
