<?xml version="1.0" encoding="UTF-8"?>
<!DOCTYPE html PUBLIC "-//W3C//DTD XHTML 1.0 Transitional//EN"
    "http://www.w3.org/TR/xhtml1/DTD/xhtml1-transitional.dtd">
<html xmlns="http://www.w3.org/1999/xhtml" xml:lang="en" lang="en">
 <head>
  <title>
</title>
<meta http-equiv="Content-Type" content="text/html;charset=utf-8" />
  <meta name='ocr-system' content='tesseract 3.04.00' />
  <meta name='ocr-capabilities' content='ocr_page ocr_carea ocr_par ocr_line ocrx_word'/>
</head>
<body>
  <div class='ocr_page' id='page_1' title='image "./qhoratiusflaccu05baitgoog_0203.png"; bbox 0 0 3234 4975; ppageno 0'>
   <div class='ocr_carea' id='block_1_1' title="bbox 1196 375 1756 426">
    <p class='ocr_par' dir='ltr' id='par_1_1' title="bbox 1196 375 1756 426">
     <span class='ocr_line' id='line_1_1' title="bbox 1196 375 1756 426; baseline 0 -1"><span class='ocrx_word' id='word_1_1' title='bbox 1196 376 1312 425; x_wconf 78' lang='lat' dir='ltr'><strong>Lm.</strong></span> <span class='ocrx_word' id='word_1_2' title='bbox 1354 376 1392 426; x_wconf 90' lang='grc' dir='ltr'><strong>Ι.</strong></span> <span class='ocrx_word' id='word_1_3' title='bbox 1464 378 1520 425; x_wconf 86' lang='lat' dir='ltr'><strong>C.</strong></span> <span class='ocrx_word' id='word_1_4' title='bbox 1560 375 1756 425; x_wconf 79' lang='lat' dir='ltr'><strong>xxxn.</strong></span> 
     </span>
    </p>
   </div>
   <div class='ocr_carea' id='block_1_2' title="bbox 773 529 2296 850">
    <p class='ocr_par' dir='ltr' id='par_1_2' title="bbox 773 529 2296 850">
     <span class='ocr_line' id='line_1_2' title="bbox 773 529 2296 618; baseline 0.001 -23"><span class='ocrx_word' id='word_1_5' title='bbox 773 530 1070 595; x_wconf 88' lang='lat' dir='ltr'><strong>Lusimus</strong></span> <span class='ocrx_word' id='word_1_6' title='bbox 1114 539 1357 607; x_wconf 88' lang='lat' dir='ltr'><strong>tecum,</strong></span> <span class='ocrx_word' id='word_1_7' title='bbox 1405 529 1583 618; x_wconf 85' lang='lat' dir='ltr'><strong>quod</strong></span> <span class='ocrx_word' id='word_1_8' title='bbox 1629 542 1694 596; x_wconf 88' lang='lat' dir='ltr'><strong>et</strong></span> <span class='ocrx_word' id='word_1_9' title='bbox 1737 529 1907 597; x_wconf 90' lang='lat' dir='ltr'><strong>hunc</strong></span> <span class='ocrx_word' id='word_1_10' title='bbox 1952 532 2015 595; x_wconf 91' lang='lat' dir='ltr'><strong>in</strong></span> <span class='ocrx_word' id='word_1_11' title='bbox 2060 551 2296 597; x_wconf 86' lang='lat' dir='ltr'><strong>annum</strong></span> 
     </span>
     <span class='ocr_line' id='line_1_3' title="bbox 774 651 2073 739; baseline 0.002 -22"><span class='ocrx_word' id='word_1_12' title='bbox 774 652 951 717; x_wconf 81' lang='lat' dir='ltr'>Vivat</span> <span class='ocrx_word' id='word_1_13' title='bbox 994 660 1058 718; x_wconf 90' lang='lat' dir='ltr'><strong>et</strong></span> <span class='ocrx_word' id='word_1_14' title='bbox 1099 651 1350 739; x_wconf 78' lang='lat' dir='ltr'><strong>plureS,</strong></span> <span class='ocrx_word' id='word_1_15' title='bbox 1401 672 1555 739; x_wconf 83' lang='lat' dir='ltr'><strong>age,</strong></span> <span class='ocrx_word' id='word_1_16' title='bbox 1605 652 1710 719; x_wconf 92' lang='lat' dir='ltr'><strong>dic</strong></span> <span class='ocrx_word' id='word_1_17' title='bbox 1755 653 2073 727; x_wconf 81' lang='lat' dir='ltr'><strong>Latinum,</strong></span> 
     </span>
     <span class='ocr_line' id='line_1_4' title="bbox 1019 771 1648 850; baseline 0 -12"><span class='ocrx_word' id='word_1_18' title='bbox 1019 771 1309 850; x_wconf 87' lang='lat' dir='ltr'><strong>Barbite,</strong></span> <span class='ocrx_word' id='word_1_19' title='bbox 1357 793 1648 849; x_wconf 89' lang='lat' dir='ltr'><strong>carmen,</strong></span> 
     </span>
    </p>
   </div>
   <div class='ocr_carea' id='block_1_3' title="bbox 771 929 2596 1262">
    <p class='ocr_par' dir='ltr' id='par_1_3' title="bbox 771 929 2596 1262">
     <span class='ocr_line' id='line_1_5' title="bbox 772 929 2596 1019; baseline 0 -23"><span class='ocrx_word' id='word_1_20' title='bbox 772 929 1005 998; x_wconf 91' lang='lat' dir='ltr'><strong>Lesbio</strong></span> <span class='ocrx_word' id='word_1_21' title='bbox 1048 932 1329 1019; x_wconf 90' lang='lat' dir='ltr'><strong>primum</strong></span> <span class='ocrx_word' id='word_1_22' title='bbox 1370 931 1697 999; x_wconf 88' lang='lat' dir='ltr'><strong>modulate</strong></span> <span class='ocrx_word' id='word_1_23' title='bbox 1741 933 1898 1008; x_wconf 88' lang='lat' dir='ltr'><strong>civi,</strong></span> <span class='ocrx_word' id='word_1_24' title='bbox 2558 936 2596 996; x_wconf 76' lang='lat'><strong>5</strong></span> 
     </span>
     <span class='ocr_line' id='line_1_6' title="bbox 771 1052 2060 1133; baseline 0.003 -16"><span class='ocrx_word' id='word_1_25' title='bbox 771 1053 895 1133; x_wconf 88' lang='lat' dir='ltr'><strong>Qui</strong></span> <span class='ocrx_word' id='word_1_26' title='bbox 941 1052 1121 1119; x_wconf 79' lang='lat' dir='ltr'><strong>ferox</strong></span> <span class='ocrx_word' id='word_1_27' title='bbox 1161 1053 1336 1120; x_wconf 88' lang='lat' dir='ltr'><strong>bello</strong></span> <span class='ocrx_word' id='word_1_28' title='bbox 1382 1064 1596 1120; x_wconf 85' lang='lat' dir='ltr'><strong>tamen</strong></span> <span class='ocrx_word' id='word_1_29' title='bbox 1641 1055 1808 1121; x_wconf 89' lang='lat' dir='ltr'><strong>inter</strong></span> <span class='ocrx_word' id='word_1_30' title='bbox 1852 1075 2060 1131; x_wconf 89' lang='lat' dir='ltr'><strong>arma,</strong></span> 
     </span>
     <span class='ocr_line' id='line_1_7' title="bbox 774 1164 1780 1262; baseline 0.002 -23"><span class='ocrx_word' id='word_1_31' title='bbox 774 1174 922 1240; x_wconf 88' lang='lat' dir='ltr'><strong>Sive</strong></span> <span class='ocrx_word' id='word_1_32' title='bbox 967 1164 1262 1241; x_wconf 70' lang='lat' dir='ltr'><strong>iactatam</strong></span> <span class='ocrx_word' id='word_1_33' title='bbox 1306 1173 1607 1262; x_wconf 81' lang='lat' dir='ltr'>religarat</span> <span class='ocrx_word' id='word_1_34' title='bbox 1649 1175 1780 1241; x_wconf 91' lang='lat' dir='ltr'><strong>udo</strong></span> 
     </span>
    </p>
   </div>
   <div class='ocr_carea' id='block_1_4' title="bbox 1022 1296 1525 1373">
    <p class='ocr_par' dir='ltr' id='par_1_4' title="bbox 1022 1296 1525 1373">
     <span class='ocr_line' id='line_1_8' title="bbox 1022 1296 1525 1373; baseline 0 -11"><span class='ocrx_word' id='word_1_35' title='bbox 1022 1296 1236 1363; x_wconf 82' lang='lat' dir='ltr'>Litore</span> <span class='ocrx_word' id='word_1_36' title='bbox 1280 1296 1494 1363; x_wconf 89' lang='lat' dir='ltr'><strong>navim</strong></span> <span class='ocrx_word' id='word_1_37' title='bbox 1511 1348 1525 1373; x_wconf 85' lang='lat'>‚</span> 
     </span>
    </p>
   </div>
   <div class='ocr_carea' id='block_1_5' title="bbox 562 1476 2529 1541">
    <p class='ocr_par' dir='ltr' id='par_1_5' title="bbox 562 1476 2529 1541">
     <span class='ocr_line' id='line_1_9' title="bbox 562 1476 2529 1541; baseline 0.002 -15"><span class='ocrx_word' id='word_1_38' title='bbox 562 1477 609 1526; x_wconf 73' lang='lat'><strong>2.</strong></span> <span class='ocrx_word' id='word_1_39' title='bbox 645 1476 715 1539; x_wconf 75' lang='lat' dir='ltr'><strong>iu]</strong></span> <span class='ocrx_word' id='word_1_40' title='bbox 744 1489 840 1537; x_wconf 78' lang='lat' dir='ltr'><strong>per</strong></span> <span class='ocrx_word' id='word_1_41' title='bbox 862 1488 1130 1539; x_wconf 85' lang='lat' dir='ltr'><strong>superscr.</strong></span> <span class='ocrx_word' id='word_1_42' title='bbox 1168 1477 1222 1525; x_wconf 75' lang='lat' dir='ltr'><strong>in</strong></span> <span class='ocrx_word' id='word_1_43' title='bbox 1256 1476 1307 1526; x_wconf 93' lang='lat' dir='ltr'><strong>d.</strong></span> <span class='ocrx_word' id='word_1_44' title='bbox 1353 1504 1406 1513; x_wconf 91' lang='lat'><em>-</em></span> <span class='ocrx_word' id='word_1_45' title='bbox 1445 1476 1491 1526; x_wconf 88' lang='grc'><strong>8.</strong></span> <span class='ocrx_word' id='word_1_46' title='bbox 1529 1490 1709 1527; x_wconf 77' lang='lat' dir='ltr'><strong>navem</strong></span> <span class='ocrx_word' id='word_1_47' title='bbox 1742 1476 1847 1528; x_wconf 90' lang='lat' dir='ltr'><strong>bSc</strong></span> <span class='ocrx_word' id='word_1_48' title='bbox 1871 1480 1926 1528; x_wconf 86' lang='lat' dir='ltr'><strong>et</strong></span> <span class='ocrx_word' id='word_1_49' title='bbox 1956 1476 2121 1528; x_wconf 83' lang='lat' dir='ltr'><strong>Bentl.</strong></span> <span class='ocrx_word' id='word_1_50' title='bbox 2151 1478 2343 1541; x_wconf 66' lang='lat' dir='ltr'><strong>(nataeim</strong></span> <span class='ocrx_word' id='word_1_51' title='bbox 2366 1484 2529 1530; x_wconf 82' lang='lat' dir='ltr'><strong>ceteri</strong></span> 
     </span>
    </p>
   </div>
   <div class='ocr_carea' id='block_1_6' title="bbox 501 1551 1015 1613">
    <p class='ocr_par' dir='ltr' id='par_1_6' title="bbox 501 1551 1015 1613">
     <span class='ocr_line' id='line_1_10' title="bbox 501 1551 1015 1613; baseline -0.004 -12"><span class='ocrx_word' id='word_1_52' title='bbox 501 1552 690 1611; x_wconf 84' lang='lat' dir='ltr'><strong>nostri,</strong></span> <span class='ocrx_word' id='word_1_53' title='bbox 745 1552 907 1601; x_wconf 89' lang='lat' dir='ltr'><strong>etiam</strong></span> <span class='ocrx_word' id='word_1_54' title='bbox 942 1551 1015 1613; x_wconf 81' lang='lat' dir='ltr'><strong>d.)</strong></span> 
     </span>
    </p>
   </div>
   <div class='ocr_carea' id='block_1_7' title="bbox 432 1704 1474 1854">
    <p class='ocr_par' dir='ltr' id='par_1_7' title="bbox 432 1704 1474 1854">
     <span class='ocr_line' id='line_1_11' title="bbox 433 1704 1474 1780; baseline 0 -22"><span class='ocrx_word' id='word_1_55' title='bbox 433 1711 638 1760; x_wconf 77' lang='lat' dir='ltr'><strong>aetatis,</strong></span> <span class='ocrx_word' id='word_1_56' title='bbox 692 1712 857 1760; x_wconf 84' lang='lat' dir='ltr'><strong>Antea</strong></span> <span class='ocrx_word' id='word_1_57' title='bbox 891 1709 975 1760; x_wconf 89' lang='lat' dir='ltr'><strong>vel</strong></span> <span class='ocrx_word' id='word_1_58' title='bbox 1012 1704 1047 1774; x_wconf 84' lang='grc' dir='ltr'><em>ἦ</em></span> <span class='ocrx_word' id='word_1_59' title='bbox 1079 1707 1358 1780; x_wconf 78' lang='grc' dir='ltr'><em>βάρβιτος</em></span> <span class='ocrx_word' id='word_1_60' title='bbox 1389 1707 1474 1759; x_wconf 82' lang='lat' dir='ltr'><strong>vel</strong></span> 
     </span>
     <span class='ocr_line' id='line_1_12' title="bbox 432 1780 828 1854; baseline 0.003 -21"><span class='ocrx_word' id='word_1_61' title='bbox 432 1781 499 1834; x_wconf 83' lang='grc' dir='ltr'><strong>τὸ</strong></span> <span class='ocrx_word' id='word_1_62' title='bbox 530 1780 828 1854; x_wconf 75' lang='grc' dir='ltr'><strong><em>βάρβιτον.</em></strong></span> 
     </span>
    </p>
   </div>
   <div class='ocr_carea' id='block_1_8' title="bbox 424 1895 1477 4316">
    <p class='ocr_par' dir='ltr' id='par_1_8' title="bbox 424 1895 1477 3212">
     <span class='ocr_line' id='line_1_13' title="bbox 494 1895 1474 1960; baseline -0.002 -13"><span class='ocrx_word' id='word_1_63' title='bbox 494 1899 542 1947; x_wconf 80' lang='lat'><strong>5.</strong></span> <span class='ocrx_word' id='word_1_64' title='bbox 600 1898 753 1957; x_wconf 71' lang='lat' dir='ltr'><strong>«Quo</strong></span> <span class='ocrx_word' id='word_1_65' title='bbox 799 1898 1029 1960; x_wconf 87' lang='lat' dir='ltr'><strong>primum</strong></span> <span class='ocrx_word' id='word_1_66' title='bbox 1073 1895 1298 1948; x_wconf 81' lang='lat' dir='ltr'><strong>Alcaeus</strong></span> <span class='ocrx_word' id='word_1_67' title='bbox 1347 1908 1474 1946; x_wconf 84' lang='lat' dir='ltr'><strong>usus</strong></span> 
     </span>
     <span class='ocr_line' id='line_1_14' title="bbox 431 1969 1470 2035; baseline -0.003 -14"><span class='ocrx_word' id='word_1_68' title='bbox 431 1977 577 2032; x_wconf 74' lang='lat' dir='ltr'><strong>cst»,</strong></span> <span class='ocrx_word' id='word_1_69' title='bbox 623 1971 713 2035; x_wconf 91' lang='lat' dir='ltr'><strong>qui</strong></span> <span class='ocrx_word' id='word_1_70' title='bbox 754 1971 931 2020; x_wconf 86' lang='lat' dir='ltr'><strong>floruit</strong></span> <span class='ocrx_word' id='word_1_71' title='bbox 972 1969 1178 2034; x_wconf 75' lang='lat' dir='ltr'><strong>Olymp.</strong></span> <span class='ocrx_word' id='word_1_72' title='bbox 1215 1970 1383 2020; x_wconf 80' lang='lat' dir='ltr'><strong>XLIV.</strong></span> <span class='ocrx_word' id='word_1_73' title='bbox 1422 1985 1470 2019; x_wconf 88' lang='lat' dir='ltr'><strong>a.</strong></span> 
     </span>
     <span class='ocr_line' id='line_1_15' title="bbox 431 2044 1474 2109; baseline -0.002 -14"><span class='ocrx_word' id='word_1_74' title='bbox 431 2047 553 2095; x_wconf 76' lang='lat' dir='ltr'><strong>Chr.</strong></span> <span class='ocrx_word' id='word_1_75' title='bbox 590 2059 638 2096; x_wconf 87' lang='lat' dir='ltr'><strong>a.</strong></span> <span class='ocrx_word' id='word_1_76' title='bbox 683 2044 796 2095; x_wconf 75' lang='lat'><strong>604.</strong></span> <span class='ocrx_word' id='word_1_77' title='bbox 856 2072 909 2081; x_wconf 89' lang='lat'><strong>--</strong></span> <span class='ocrx_word' id='word_1_78' title='bbox 965 2046 1216 2095; x_wconf 79' lang='lat' dir='ltr'><strong>Modulata</strong></span> <span class='ocrx_word' id='word_1_79' title='bbox 1262 2045 1474 2109; x_wconf 82' lang='lat' dir='ltr'><strong>passive</strong></span> 
     </span>
     <span class='ocr_line' id='line_1_16' title="bbox 431 2118 1476 2183; baseline -0.003 -13"><span class='ocrx_word' id='word_1_80' title='bbox 431 2123 487 2170; x_wconf 87' lang='lat' dir='ltr'><strong>ut</strong></span> <span class='ocrx_word' id='word_1_81' title='bbox 521 2133 701 2183; x_wconf 86' lang='lat' dir='ltr'><strong>saepe.</strong></span> <span class='ocrx_word' id='word_1_82' title='bbox 741 2118 950 2179; x_wconf 88' lang='lat' dir='ltr'><strong>Quintil.</strong></span> <span class='ocrx_word' id='word_1_83' title='bbox 977 2119 1026 2179; x_wconf 84' lang='lat'><strong>9,</strong></span> <span class='ocrx_word' id='word_1_84' title='bbox 1064 2121 1113 2179; x_wconf 77' lang='lat'><strong>2,</strong></span> <span class='ocrx_word' id='word_1_85' title='bbox 1151 2120 1230 2169; x_wconf 80' lang='lat'><strong>35.</strong></span> <span class='ocrx_word' id='word_1_86' title='bbox 1269 2119 1476 2168; x_wconf 78' lang='lat' dir='ltr'><strong>canticis</strong></span> 
     </span>
     <span class='ocr_line' id='line_1_17' title="bbox 429 2194 1470 2243; baseline -0.002 0"><span class='ocrx_word' id='word_1_87' title='bbox 429 2196 497 2243; x_wconf 81' lang='lat' dir='ltr'><strong>ad</strong></span> <span class='ocrx_word' id='word_1_88' title='bbox 528 2194 747 2243; x_wconf 68' lang='lat' dir='ltr'><strong>alionum</strong></span> <span class='ocrx_word' id='word_1_89' title='bbox 787 2194 1155 2242; x_wconf 74' lang='lat' dir='ltr'><strong>similitudinem</strong></span> <span class='ocrx_word' id='word_1_90' title='bbox 1186 2194 1470 2242; x_wconf 64' lang='lat' dir='ltr'><strong>mutatis.</strong></span> 
     </span>
     <span class='ocr_line' id='line_1_18' title="bbox 430 2266 1477 2331; baseline 0 -16"><span class='ocrx_word' id='word_1_91' title='bbox 430 2266 525 2327; x_wconf 90' lang='lat' dir='ltr'><strong>Qui</strong></span> <span class='ocrx_word' id='word_1_92' title='bbox 560 2269 730 2317; x_wconf 77' lang='lat' dir='ltr'><strong>active</strong></span> <span class='ocrx_word' id='word_1_93' title='bbox 767 2268 1057 2330; x_wconf 83' lang='lat' dir='ltr'><strong>accipiunt,</strong></span> <span class='ocrx_word' id='word_1_94' title='bbox 1094 2267 1342 2331; x_wconf 87' lang='lat' dir='ltr'><strong>supplent</strong></span> <span class='ocrx_word' id='word_1_95' title='bbox 1362 2280 1477 2315; x_wconf 87' lang='lat' dir='ltr'><strong>car-</strong></span> 
     </span>
     <span class='ocr_line' id='line_1_19' title="bbox 426 2340 1472 2404; baseline -0.001 -14"><span class='ocrx_word' id='word_1_96' title='bbox 426 2343 581 2391; x_wconf 75' lang='lat' dir='ltr'><strong>mina.</strong></span> <span class='ocrx_word' id='word_1_97' title='bbox 662 2340 993 2393; x_wconf 78' lang='lat' dir='ltr'><strong>Modulamur</strong></span> <span class='ocrx_word' id='word_1_98' title='bbox 1036 2345 1215 2391; x_wconf 85' lang='lat' dir='ltr'><strong>autem</strong></span> <span class='ocrx_word' id='word_1_99' title='bbox 1262 2341 1472 2404; x_wconf 78' lang='lat' dir='ltr'>proprie</span> 
     </span>
     <span class='ocr_line' id='line_1_20' title="bbox 428 2414 1472 2480; baseline -0.002 -15"><span class='ocrx_word' id='word_1_100' title='bbox 428 2429 647 2466; x_wconf 81' lang='lat' dir='ltr'><strong>carmen</strong></span> <span class='ocrx_word' id='word_1_101' title='bbox 681 2417 870 2466; x_wconf 89' lang='lat' dir='ltr'><strong>modos</strong></span> <span class='ocrx_word' id='word_1_102' title='bbox 900 2417 948 2466; x_wconf 91' lang='lat' dir='ltr'><strong>ei</strong></span> <span class='ocrx_word' id='word_1_103' title='bbox 972 2419 1241 2480; x_wconf 57' lang='lat' dir='ltr'><strong>aptantem</strong></span> <span class='ocrx_word' id='word_1_104' title='bbox 1279 2414 1472 2465; x_wconf 89' lang='lat' dir='ltr'><strong>deinde</strong></span> 
     </span>
     <span class='ocr_line' id='line_1_21' title="bbox 427 2490 1473 2557; baseline -0.001 -16"><span class='ocrx_word' id='word_1_105' title='bbox 427 2493 587 2542; x_wconf 87' lang='lat' dir='ltr'><strong>etiam</strong></span> <span class='ocrx_word' id='word_1_106' title='bbox 609 2490 780 2554; x_wconf 79' lang='lat' dir='ltr'><strong>lyram</strong></span> <span class='ocrx_word' id='word_1_107' title='bbox 816 2494 1003 2557; x_wconf 89' lang='lat' dir='ltr'><strong>ipsam,</strong></span> <span class='ocrx_word' id='word_1_108' title='bbox 1042 2492 1230 2542; x_wconf 87' lang='lat' dir='ltr'><strong>modos</strong></span> <span class='ocrx_word' id='word_1_109' title='bbox 1255 2491 1473 2541; x_wconf 82' lang='lat' dir='ltr'>carmini</span> 
     </span>
     <span class='ocr_line' id='line_1_22' title="bbox 428 2567 1473 2630; baseline -0.001 -15"><span class='ocrx_word' id='word_1_110' title='bbox 428 2569 578 2629; x_wconf 90' lang='lat' dir='ltr'><strong>aptos</strong></span> <span class='ocrx_word' id='word_1_111' title='bbox 613 2569 863 2630; x_wconf 86' lang='lat' dir='ltr'><strong>certaque</strong></span> <span class='ocrx_word' id='word_1_112' title='bbox 905 2568 1105 2616; x_wconf 84' lang='lat' dir='ltr'><strong>ratione</strong></span> <span class='ocrx_word' id='word_1_113' title='bbox 1153 2567 1376 2616; x_wconf 79' lang='lat' dir='ltr'><strong>inflexos</strong></span> <span class='ocrx_word' id='word_1_114' title='bbox 1410 2578 1473 2614; x_wconf 88' lang='lat' dir='ltr'><strong>ac</strong></span> 
     </span>
     <span class='ocr_line' id='line_1_23' title="bbox 429 2639 1468 2704; baseline 0 -15"><span class='ocrx_word' id='word_1_115' title='bbox 429 2644 752 2704; x_wconf 86' lang='lat' dir='ltr'><strong>temperatos</strong></span> <span class='ocrx_word' id='word_1_116' title='bbox 787 2655 852 2691; x_wconf 79' lang='lat' dir='ltr'><strong>ex</strong></span> <span class='ocrx_word' id='word_1_117' title='bbox 887 2656 949 2691; x_wconf 90' lang='lat' dir='ltr'><strong>ea</strong></span> <span class='ocrx_word' id='word_1_118' title='bbox 986 2643 1211 2700; x_wconf 80' lang='lat' dir='ltr'><strong>cienteS,</strong></span> <span class='ocrx_word' id='word_1_119' title='bbox 1256 2643 1314 2690; x_wconf 86' lang='lat' dir='ltr'><strong>ut</strong></span> <span class='ocrx_word' id='word_1_120' title='bbox 1346 2641 1400 2689; x_wconf 88' lang='lat' dir='ltr'><strong>h.</strong></span> <span class='ocrx_word' id='word_1_121' title='bbox 1434 2639 1468 2689; x_wconf 92' lang='lat' dir='ltr'><strong>l.</strong></span> 
     </span>
     <span class='ocr_line' id='line_1_24' title="bbox 428 2714 1473 2777; baseline -0.001 -12"><span class='ocrx_word' id='word_1_122' title='bbox 428 2719 483 2765; x_wconf 83' lang='lat' dir='ltr'><strong>et</strong></span> <span class='ocrx_word' id='word_1_123' title='bbox 518 2715 895 2766; x_wconf 84' lang='lat' dir='ltr'><strong>Pseudotibull.</strong></span> <span class='ocrx_word' id='word_1_124' title='bbox 946 2716 1001 2777; x_wconf 85' lang='lat'><strong>3,</strong></span> <span class='ocrx_word' id='word_1_125' title='bbox 1051 2715 1108 2776; x_wconf 76' lang='lat'><strong>4,</strong></span> <span class='ocrx_word' id='word_1_126' title='bbox 1157 2716 1244 2765; x_wconf 86' lang='lat'><strong>39:</strong></span> <span class='ocrx_word' id='word_1_127' title='bbox 1298 2714 1473 2777; x_wconf 79' lang='lat' dir='ltr'><strong>lyram</strong></span> 
     </span>
     <span class='ocr_line' id='line_1_25' title="bbox 424 2790 1476 2851; baseline -0.001 -13"><span class='ocrx_word' id='word_1_128' title='bbox 424 2790 611 2851; x_wconf 80' lang='lat' dir='ltr'><strong>plectro</strong></span> <span class='ocrx_word' id='word_1_129' title='bbox 631 2791 915 2839; x_wconf 73' lang='lat' dir='ltr'><strong>modulatus</strong></span> <span class='ocrx_word' id='word_1_130' title='bbox 933 2791 1135 2850; x_wconf 77' lang='lat' dir='ltr'><strong>ebur-nc,</strong></span> <span class='ocrx_word' id='word_1_131' title='bbox 1162 2790 1342 2839; x_wconf 74' lang='lat' dir='ltr'><strong>Felices</strong></span> <span class='ocrx_word' id='word_1_132' title='bbox 1355 2803 1476 2838; x_wconf 76' lang='lat' dir='ltr'><strong>can-</strong></span> 
     </span>
     <span class='ocr_line' id='line_1_26' title="bbox 428 2864 1473 2928; baseline 0 -16"><span class='ocrx_word' id='word_1_133' title='bbox 428 2869 507 2912; x_wconf 72' lang='lat' dir='ltr'><strong>tus</strong></span> <span class='ocrx_word' id='word_1_134' title='bbox 549 2877 636 2913; x_wconf 79' lang='lat' dir='ltr'><strong>ore</strong></span> <span class='ocrx_word' id='word_1_135' title='bbox 677 2869 885 2914; x_wconf 79' lang='lat' dir='ltr'><strong>sonante</strong></span> <span class='ocrx_word' id='word_1_136' title='bbox 929 2866 1076 2915; x_wconf 74' lang='lat' dir='ltr'><strong>dedit.</strong></span> <span class='ocrx_word' id='word_1_137' title='bbox 1122 2892 1178 2900; x_wconf 90' lang='lat'>—</span> <span class='ocrx_word' id='word_1_138' title='bbox 1215 2864 1328 2928; x_wconf 77' lang='lat' dir='ltr'><strong>civi]</strong></span> <span class='ocrx_word' id='word_1_139' title='bbox 1366 2877 1473 2927; x_wconf 83' lang='lat' dir='ltr'><strong>quo</strong></span> 
     </span>
     <span class='ocr_line' id='line_1_27' title="bbox 429 2937 1476 3003; baseline 0.001 -17"><span class='ocrx_word' id='word_1_140' title='bbox 429 2937 684 2987; x_wconf 84' lang='lat' dir='ltr'><strong>vocabulo</strong></span> <span class='ocrx_word' id='word_1_141' title='bbox 717 2940 832 3003; x_wconf 86' lang='lat' dir='ltr'><strong>ipso</strong></span> <span class='ocrx_word' id='word_1_142' title='bbox 868 2937 1052 2988; x_wconf 85' lang='lat' dir='ltr'><strong>callide</strong></span> <span class='ocrx_word' id='word_1_143' title='bbox 1087 2937 1296 2988; x_wconf 88' lang='lat' dir='ltr'><strong>delecto</strong></span> <span class='ocrx_word' id='word_1_144' title='bbox 1319 2939 1476 3001; x_wconf 85' lang='lat' dir='ltr'><strong>signi-</strong></span> 
     </span>
     <span class='ocr_line' id='line_1_28' title="bbox 430 3011 1476 3078; baseline -0.001 -15"><span class='ocrx_word' id='word_1_145' title='bbox 430 3014 551 3063; x_wconf 79' lang='lat' dir='ltr'><strong>ficat</strong></span> <span class='ocrx_word' id='word_1_146' title='bbox 584 3013 835 3064; x_wconf 79' lang='lat' dir='ltr'><strong>Alcaeum</strong></span> <span class='ocrx_word' id='word_1_147' title='bbox 858 3015 1059 3078; x_wconf 78' lang='lat' dir='ltr'><strong>patriae</strong></span> <span class='ocrx_word' id='word_1_148' title='bbox 1082 3011 1310 3064; x_wconf 76' lang='lat' dir='ltr'>libertati</span> <span class='ocrx_word' id='word_1_149' title='bbox 1334 3027 1476 3063; x_wconf 89' lang='lat' dir='ltr'><strong>sem-</strong></span> 
     </span>
     <span class='ocr_line' id='line_1_29' title="bbox 429 3088 1474 3152; baseline 0 -15"><span class='ocrx_word' id='word_1_150' title='bbox 429 3102 525 3152; x_wconf 86' lang='lat' dir='ltr'><strong>per</strong></span> <span class='ocrx_word' id='word_1_151' title='bbox 573 3088 839 3139; x_wconf 78' lang='lat' dir='ltr'><strong>studuisse</strong></span> <span class='ocrx_word' id='word_1_152' title='bbox 890 3101 1161 3152; x_wconf 85' lang='lat' dir='ltr'><strong>saepeque</strong></span> <span class='ocrx_word' id='word_1_153' title='bbox 1200 3093 1474 3138; x_wconf 72' lang='lat' dir='ltr'><strong>mei-satum</strong></span> 
     </span>
     <span class='ocr_line' id='line_1_30' title="bbox 427 3163 974 3212; baseline -0.002 0"><span class='ocrx_word' id='word_1_154' title='bbox 427 3176 527 3212; x_wconf 76' lang='lat' dir='ltr'><strong>essa</strong></span> <span class='ocrx_word' id='word_1_155' title='bbox 558 3163 781 3212; x_wconf 71' lang='lat' dir='ltr'><strong>civilibus</strong></span> <span class='ocrx_word' id='word_1_156' title='bbox 814 3164 974 3212; x_wconf 75' lang='lat' dir='ltr'><strong>undis.</strong></span> 
     </span>
    </p>

    <p class='ocr_par' dir='ltr' id='par_1_9' title="bbox 425 3273 1477 4316">
     <span class='ocr_line' id='line_1_31' title="bbox 493 3273 1474 3339; baseline 0 -15"><span class='ocrx_word' id='word_1_157' title='bbox 493 3274 540 3324; x_wconf 88' lang='grc'><strong>6.</strong></span> <span class='ocrx_word' id='word_1_158' title='bbox 593 3274 742 3338; x_wconf 76' lang='lat' dir='ltr'><strong>forooe</strong></span> <span class='ocrx_word' id='word_1_159' title='bbox 783 3275 920 3339; x_wconf 76' lang='lat' dir='ltr'><strong>bello]</strong></span> <span class='ocrx_word' id='word_1_160' title='bbox 961 3275 1239 3324; x_wconf 77' lang='lat' dir='ltr'><strong>Dimicavit</strong></span> <span class='ocrx_word' id='word_1_161' title='bbox 1276 3277 1331 3324; x_wconf 85' lang='lat' dir='ltr'><strong>et</strong></span> <span class='ocrx_word' id='word_1_162' title='bbox 1375 3273 1474 3324; x_wconf 90' lang='lat' dir='ltr'><strong>ad-</strong></span> 
     </span>
     <span class='ocr_line' id='line_1_32' title="bbox 427 3349 1473 3399; baseline 0.001 -2"><span class='ocrx_word' id='word_1_163' title='bbox 427 3361 615 3398; x_wconf 84' lang='lat' dir='ltr'><strong>versus</strong></span> <span class='ocrx_word' id='word_1_164' title='bbox 680 3349 1030 3399; x_wconf 79' lang='lat' dir='ltr'><strong>Athenienses</strong></span> <span class='ocrx_word' id='word_1_165' title='bbox 1097 3351 1153 3398; x_wconf 84' lang='lat' dir='ltr'><strong>et</strong></span> <span class='ocrx_word' id='word_1_166' title='bbox 1217 3349 1473 3399; x_wconf 86' lang='lat' dir='ltr'><strong>adversus</strong></span> 
     </span>
     <span class='ocr_line' id='line_1_33' title="bbox 427 3421 1473 3486; baseline -0.001 -15"><span class='ocrx_word' id='word_1_167' title='bbox 427 3425 680 3484; x_wconf 82' lang='lat' dir='ltr'><strong>tyrannos</strong></span> <span class='ocrx_word' id='word_1_168' title='bbox 730 3424 931 3486; x_wconf 82' lang='lat' dir='ltr'><strong>patriae</strong></span> <span class='ocrx_word' id='word_1_169' title='bbox 980 3436 1138 3483; x_wconf 87' lang='lat' dir='ltr'><strong>suae,</strong></span> <span class='ocrx_word' id='word_1_170' title='bbox 1198 3421 1473 3485; x_wconf 74' lang='lat' dir='ltr'><strong>Myrsilum</strong></span> 
     </span>
     <span class='ocr_line' id='line_1_34' title="bbox 427 3496 1471 3559; baseline -0.001 -13"><span class='ocrx_word' id='word_1_171' title='bbox 427 3499 587 3559; x_wconf 84' lang='lat' dir='ltr'><strong>atque</strong></span> <span class='ocrx_word' id='word_1_172' title='bbox 639 3498 912 3547; x_wconf 87' lang='lat' dir='ltr'><strong>Pittacum.</strong></span> <span class='ocrx_word' id='word_1_173' title='bbox 965 3497 1062 3548; x_wconf 91' lang='lat' dir='ltr'><strong>Od.</strong></span> <span class='ocrx_word' id='word_1_174' title='bbox 1114 3499 1176 3559; x_wconf 77' lang='lat'><strong>2,</strong></span> <span class='ocrx_word' id='word_1_175' title='bbox 1236 3496 1329 3554; x_wconf 72' lang='lat'><strong>⁴3,</strong></span> <span class='ocrx_word' id='word_1_176' title='bbox 1390 3496 1471 3545; x_wconf 88' lang='grc'><strong>30.</strong></span> 
     </span>
     <span class='ocr_line' id='line_1_35' title="bbox 427 3569 1471 3634; baseline -0.001 -14"><span class='ocrx_word' id='word_1_177' title='bbox 427 3570 519 3620; x_wconf 85' lang='lat' dir='ltr'><strong>ubi</strong></span> <span class='ocrx_word' id='word_1_178' title='bbox 565 3570 706 3620; x_wconf 82' lang='lat' dir='ltr'><strong>vide.</strong></span> <span class='ocrx_word' id='word_1_179' title='bbox 761 3573 1043 3634; x_wconf 83' lang='lat' dir='ltr'><strong>Dionysius</strong></span> <span class='ocrx_word' id='word_1_180' title='bbox 1094 3569 1205 3621; x_wconf 85' lang='lat' dir='ltr'><strong>Hal.</strong></span> <span class='ocrx_word' id='word_1_181' title='bbox 1257 3572 1317 3620; x_wconf 80' lang='lat' dir='ltr'><strong>V.</strong></span> <span class='ocrx_word' id='word_1_182' title='bbox 1356 3570 1471 3621; x_wconf 76' lang='lat'><strong>42⁴.</strong></span> 
     </span>
     <span class='ocr_line' id='line_1_36' title="bbox 426 3639 1477 3711; baseline -0.002 -16"><span class='ocrx_word' id='word_1_183' title='bbox 426 3646 576 3695; x_wconf 81' lang='lat' dir='ltr'><strong>Rsk.:</strong></span> <span class='ocrx_word' id='word_1_184' title='bbox 626 3639 885 3696; x_wconf 78' lang='grc' dir='ltr'><strong><em>Ἀλκαίου</em></strong></span> <span class='ocrx_word' id='word_1_185' title='bbox 936 3641 1145 3695; x_wconf 68' lang='grc' dir='ltr'><strong><em>σκόπει</em></strong></span> <span class='ocrx_word' id='word_1_186' title='bbox 1186 3640 1255 3694; x_wconf 86' lang='grc' dir='ltr'><strong>τὸ</strong></span> <span class='ocrx_word' id='word_1_187' title='bbox 1295 3659 1477 3711; x_wconf 80' lang='grc' dir='ltr'>μεγα-</span> 
     </span>
     <span class='ocr_line' id='line_1_37' title="bbox 428 3708 1476 3790; baseline 0 -21"><span class='ocrx_word' id='word_1_188' title='bbox 428 3717 641 3782; x_wconf 75' lang='grc' dir='ltr'><strong><em>λοφυὲς</em></strong></span> <span class='ocrx_word' id='word_1_189' title='bbox 680 3720 781 3770; x_wconf 70' lang='grc' dir='ltr'><strong>καὶ</strong></span> <span class='ocrx_word' id='word_1_190' title='bbox 819 3716 1009 3790; x_wconf 77' lang='grc' dir='ltr'>βραχὺ</span> <span class='ocrx_word' id='word_1_191' title='bbox 1050 3720 1154 3769; x_wconf 71' lang='grc' dir='ltr'><strong>καὶ</strong></span> <span class='ocrx_word' id='word_1_192' title='bbox 1187 3713 1296 3785; x_wconf 70' lang='grc' dir='ltr'><strong>ἡδὺ</strong></span> <span class='ocrx_word' id='word_1_193' title='bbox 1329 3708 1476 3785; x_wconf 74' lang='grc' dir='ltr'><strong>μετὰ</strong></span> 
     </span>
     <span class='ocr_line' id='line_1_38' title="bbox 425 3789 1474 3860; baseline 0.001 -17"><span class='ocrx_word' id='word_1_194' title='bbox 425 3790 778 3859; x_wconf 75' lang='grc' dir='ltr'><strong>δεινότητος,</strong></span> <span class='ocrx_word' id='word_1_195' title='bbox 827 3789 913 3844; x_wconf 75' lang='grc' dir='ltr'><strong>ἔτι</strong></span> <span class='ocrx_word' id='word_1_196' title='bbox 955 3792 1019 3845; x_wconf 81' lang='grc' dir='ltr'><strong>δὲ</strong></span> <span class='ocrx_word' id='word_1_197' title='bbox 1062 3790 1202 3856; x_wconf 75' lang='grc' dir='ltr'>τοὺς</span> <span class='ocrx_word' id='word_1_198' title='bbox 1238 3809 1474 3860; x_wconf 85' lang='grc' dir='ltr'>σχημα-</span> 
     </span>
     <span class='ocr_line' id='line_1_39' title="bbox 428 3863 1474 3935; baseline 0 -16"><span class='ocrx_word' id='word_1_199' title='bbox 428 3865 671 3933; x_wconf 75' lang='grc' dir='ltr'>τισμοὺς</span> <span class='ocrx_word' id='word_1_200' title='bbox 716 3865 865 3934; x_wconf 82' lang='grc' dir='ltr'>μετὰ</span> <span class='ocrx_word' id='word_1_201' title='bbox 913 3871 1239 3935; x_wconf 75' lang='grc' dir='ltr'><strong><em>σαφηνείας</em></strong></span> <span class='ocrx_word' id='word_1_202' title='bbox 1257 3905 1273 3931; x_wconf 86' lang='grc'><strong>,</strong></span> <span class='ocrx_word' id='word_1_203' title='bbox 1326 3863 1474 3919; x_wconf 74' lang='grc' dir='ltr'>ὅσον</span> 
     </span>
     <span class='ocr_line' id='line_1_40' title="bbox 426 3937 1475 4014; baseline 0.001 -22"><span class='ocrx_word' id='word_1_204' title='bbox 426 3937 610 4007; x_wconf 77' lang='grc' dir='ltr'>αὐτῆς</span> <span class='ocrx_word' id='word_1_205' title='bbox 653 3940 737 4008; x_wconf 78' lang='grc' dir='ltr'><strong>μὴ</strong></span> <span class='ocrx_word' id='word_1_206' title='bbox 782 3940 853 4014; x_wconf 79' lang='grc' dir='ltr'><strong>τῇ</strong></span> <span class='ocrx_word' id='word_1_207' title='bbox 900 3941 1174 4010; x_wconf 64' lang='grc' dir='ltr'><strong>διαλέκτῳ</strong></span> <span class='ocrx_word' id='word_1_208' title='bbox 1211 3940 1475 3995; x_wconf 75' lang='grc' dir='ltr'><strong><em>κεκάκω-</em></strong></span> 
     </span>
     <span class='ocr_line' id='line_1_41' title="bbox 426 4013 1475 4089; baseline 0.001 -22"><span class='ocrx_word' id='word_1_209' title='bbox 426 4032 539 4078; x_wconf 83' lang='grc' dir='ltr'><strong>ται,</strong></span> <span class='ocrx_word' id='word_1_210' title='bbox 575 4019 677 4067; x_wconf 69' lang='grc' dir='ltr'><strong>καὶ</strong></span> <span class='ocrx_word' id='word_1_211' title='bbox 698 4014 810 4089; x_wconf 69' lang='grc' dir='ltr'><strong>πρὸ</strong></span> <span class='ocrx_word' id='word_1_212' title='bbox 842 4013 1114 4069; x_wconf 72' lang='grc' dir='ltr'>ἁπάντων</span> <span class='ocrx_word' id='word_1_213' title='bbox 1134 4018 1205 4068; x_wconf 89' lang='grc' dir='ltr'><strong>τὸ</strong></span> <span class='ocrx_word' id='word_1_214' title='bbox 1226 4015 1343 4080; x_wconf 69' lang='lat' dir='ltr'><strong>‘tc-‘323</strong></span> <span class='ocrx_word' id='word_1_215' title='bbox 1367 4033 1475 4068; x_wconf 78' lang='grc' dir='ltr'><strong>πο-</strong></span> 
     </span>
     <span class='ocr_line' id='line_1_42' title="bbox 428 4085 1476 4164; baseline 0 -20"><span class='ocrx_word' id='word_1_216' title='bbox 428 4090 655 4144; x_wconf 76' lang='grc' dir='ltr'>λιτικῶν</span> <span class='ocrx_word' id='word_1_217' title='bbox 705 4090 1056 4164; x_wconf 76' lang='grc' dir='ltr'><em>πραγμάτων</em></span> <span class='ocrx_word' id='word_1_218' title='bbox 1105 4085 1279 4160; x_wconf 70' lang='grc' dir='ltr'><strong><em>ἦθος·</em></strong></span> <span class='ocrx_word' id='word_1_219' title='bbox 1334 4092 1476 4144; x_wconf 75' lang='grc' dir='ltr'><strong><em>πολ-</em></strong></span> 
     </span>
     <span class='ocr_line' id='line_1_43' title="bbox 429 4165 1476 4239; baseline 0.001 -21"><span class='ocrx_word' id='word_1_220' title='bbox 429 4165 609 4229; x_wconf 81' lang='grc' dir='ltr'>λαχοῦ</span> <span class='ocrx_word' id='word_1_221' title='bbox 644 4167 786 4236; x_wconf 78' lang='grc' dir='ltr'>γοῦν</span> <span class='ocrx_word' id='word_1_222' title='bbox 823 4165 893 4220; x_wconf 85' lang='grc' dir='ltr'><strong>τὸ</strong></span> <span class='ocrx_word' id='word_1_223' title='bbox 925 4171 1138 4239; x_wconf 79' lang='grc' dir='ltr'><em>μέτρον</em></span> <span class='ocrx_word' id='word_1_224' title='bbox 1171 4167 1229 4219; x_wconf 71' lang='grc' dir='ltr'><strong>εἴ</strong></span> <span class='ocrx_word' id='word_1_225' title='bbox 1254 4183 1341 4231; x_wconf 77' lang='grc' dir='ltr'><strong>τις</strong></span> <span class='ocrx_word' id='word_1_226' title='bbox 1374 4183 1476 4219; x_wconf 78' lang='grc' dir='ltr'><strong>πε-</strong></span> 
     </span>
     <span class='ocr_line' id='line_1_44' title="bbox 429 4237 1472 4316; baseline 0 -22"><span class='ocrx_word' id='word_1_227' title='bbox 429 4242 623 4312; x_wconf 73' lang='grc' dir='ltr'><strong>ριέλοι,</strong></span> <span class='ocrx_word' id='word_1_228' title='bbox 655 4239 969 4316; x_wconf 74' lang='grc' dir='ltr'>ῥητορικὴν</span> <span class='ocrx_word' id='word_1_229' title='bbox 1000 4239 1079 4295; x_wconf 75' lang='grc' dir='ltr'><strong>ἄν</strong></span> <span class='ocrx_word' id='word_1_230' title='bbox 1112 4237 1271 4316; x_wconf 70' lang='grc' dir='ltr'><strong><em>εὕροι</em></strong></span> <span class='ocrx_word' id='word_1_231' title='bbox 1308 4243 1472 4294; x_wconf 82' lang='grc' dir='ltr'><strong><em>πολι-</em></strong></span> 
     </span>
    </p>
   </div>
   <div class='ocr_carea' id='block_1_9' title="bbox 1543 1710 2599 4294">
    <p class='ocr_par' dir='ltr' id='par_1_10' title="bbox 1545 1710 2596 2518">
     <span class='ocr_line' id='line_1_45' title="bbox 1548 1710 2592 1779; baseline 0.006 -22"><span class='ocrx_word' id='word_1_232' title='bbox 1548 1710 1722 1760; x_wconf 80' lang='grc' dir='ltr'>τείαν.</span> <span class='ocrx_word' id='word_1_233' title='bbox 1763 1711 2171 1779; x_wconf 70' lang='grc' dir='ltr'><strong>(πραγματείαν</strong></span> <span class='ocrx_word' id='word_1_234' title='bbox 2193 1711 2592 1775; x_wconf 76' lang='lat' dir='ltr'><strong>Schneidewin.)</strong></span> 
     </span>
     <span class='ocr_line' id='line_1_46' title="bbox 1549 1778 2595 1852; baseline 0.005 -19"><span class='ocrx_word' id='word_1_235' title='bbox 1549 1786 1605 1834; x_wconf 88' lang='lat' dir='ltr'><strong>ln</strong></span> <span class='ocrx_word' id='word_1_236' title='bbox 1659 1782 1755 1834; x_wconf 90' lang='lat' dir='ltr'><strong>illis</strong></span> <span class='ocrx_word' id='word_1_237' title='bbox 1806 1783 2022 1847; x_wconf 86' lang='lat' dir='ltr'><strong>quidem</strong></span> <span class='ocrx_word' id='word_1_238' title='bbox 2067 1778 2212 1835; x_wconf 81' lang='grc' dir='ltr'><strong><em>ὅσον</em></strong></span> <span class='ocrx_word' id='word_1_239' title='bbox 2254 1783 2338 1852; x_wconf 78' lang='grc' dir='ltr'><strong>μὴ</strong></span> <span class='ocrx_word' id='word_1_240' title='bbox 2372 1816 2403 1827; x_wconf 88' lang='grc'>-</span> <span class='ocrx_word' id='word_1_241' title='bbox 2434 1816 2466 1825; x_wconf 94' lang='grc'><strong>-</strong></span> <span class='ocrx_word' id='word_1_242' title='bbox 2498 1803 2595 1838; x_wconf 76' lang='grc' dir='ltr'><strong>κε-</strong></span> 
     </span>
     <span class='ocr_line' id='line_1_47' title="bbox 1550 1854 2590 1922; baseline 0.004 -15"><span class='ocrx_word' id='word_1_243' title='bbox 1550 1854 1805 1907; x_wconf 78' lang='grc' dir='ltr'>κάκωται</span> <span class='ocrx_word' id='word_1_244' title='bbox 1853 1872 2078 1922; x_wconf 85' lang='lat' dir='ltr'><strong>pravum</strong></span> <span class='ocrx_word' id='word_1_245' title='bbox 2127 1862 2263 1910; x_wconf 85' lang='lat' dir='ltr'><strong>inest</strong></span> <span class='ocrx_word' id='word_1_246' title='bbox 2313 1861 2590 1921; x_wconf 87' lang='lat' dir='ltr'><strong>iudicium;</strong></span> 
     </span>
     <span class='ocr_line' id='line_1_48' title="bbox 1549 1932 2594 1998; baseline 0.003 -15"><span class='ocrx_word' id='word_1_247' title='bbox 1549 1935 1661 1998; x_wconf 89' lang='lat' dir='ltr'><strong>ipsa</strong></span> <span class='ocrx_word' id='word_1_248' title='bbox 1704 1934 1846 1983; x_wconf 90' lang='lat' dir='ltr'><strong>enim</strong></span> <span class='ocrx_word' id='word_1_249' title='bbox 1885 1932 2140 1983; x_wconf 87' lang='lat' dir='ltr'><strong>dialectus</strong></span> <span class='ocrx_word' id='word_1_250' title='bbox 2172 1933 2384 1985; x_wconf 76' lang='lat' dir='ltr'><strong>Aeolica</strong></span> <span class='ocrx_word' id='word_1_251' title='bbox 2419 1935 2594 1986; x_wconf 84' lang='lat' dir='ltr'><strong>Alcaei</strong></span> 
     </span>
     <span class='ocr_line' id='line_1_49' title="bbox 1550 2008 2595 2071; baseline 0.004 -15"><span class='ocrx_word' id='word_1_252' title='bbox 1550 2010 1602 2056; x_wconf 87' lang='lat' dir='ltr'><strong>et</strong></span> <span class='ocrx_word' id='word_1_253' title='bbox 1636 2008 1876 2071; x_wconf 88' lang='lat' dir='ltr'><strong>Sapphus</strong></span> <span class='ocrx_word' id='word_1_254' title='bbox 1907 2008 2229 2059; x_wconf 78' lang='lat' dir='ltr'><strong>carminibus</strong></span> <span class='ocrx_word' id='word_1_255' title='bbox 2253 2010 2444 2059; x_wconf 87' lang='lat' dir='ltr'><strong>miram</strong></span> <span class='ocrx_word' id='word_1_256' title='bbox 2466 2024 2595 2060; x_wconf 82' lang='lat' dir='ltr'><strong>sane</strong></span> 
     </span>
     <span class='ocr_line' id='line_1_50' title="bbox 1547 2081 2596 2147; baseline 0.004 -18"><span class='ocrx_word' id='word_1_257' title='bbox 1547 2082 1861 2131; x_wconf 82' lang='lat' dir='ltr'><strong>suavitatem</strong></span> <span class='ocrx_word' id='word_1_258' title='bbox 1887 2081 2113 2145; x_wconf 88' lang='lat' dir='ltr'><strong>praebet</strong></span> <span class='ocrx_word' id='word_1_259' title='bbox 2134 2097 2197 2132; x_wconf 86' lang='lat' dir='ltr'><strong>ac</strong></span> <span class='ocrx_word' id='word_1_260' title='bbox 2221 2085 2449 2133; x_wconf 84' lang='lat' dir='ltr'><strong>nativam</strong></span> <span class='ocrx_word' id='word_1_261' title='bbox 2473 2098 2596 2147; x_wconf 81' lang='lat' dir='ltr'><strong>gra-</strong></span> 
     </span>
     <span class='ocr_line' id='line_1_51' title="bbox 1547 2152 2593 2221; baseline 0.004 -17"><span class='ocrx_word' id='word_1_262' title='bbox 1547 2156 1694 2206; x_wconf 88' lang='lat' dir='ltr'><strong>tiam.</strong></span> <span class='ocrx_word' id='word_1_263' title='bbox 1726 2183 1780 2191; x_wconf 98' lang='lat'><strong>—</strong></span> <span class='ocrx_word' id='word_1_264' title='bbox 1807 2156 1995 2205; x_wconf 84' lang='lat' dir='ltr'><strong>Athen.</strong></span> <span class='ocrx_word' id='word_1_265' title='bbox 2026 2156 2104 2217; x_wconf 70' lang='lat'><strong>⁴4,</strong></span> <span class='ocrx_word' id='word_1_266' title='bbox 2131 2158 2220 2207; x_wconf 70' lang='lat'><strong>23:</strong></span> <span class='ocrx_word' id='word_1_267' title='bbox 2251 2152 2505 2221; x_wconf 79' lang='grc' dir='ltr'><strong>Ἀλκαῖος</strong></span> <span class='ocrx_word' id='word_1_268' title='bbox 2527 2186 2551 2196; x_wconf 92' lang='grc'><strong>-</strong></span> <span class='ocrx_word' id='word_1_269' title='bbox 2571 2187 2593 2196; x_wconf 89' lang='grc'><strong>-</strong></span> 
     </span>
     <span class='ocr_line' id='line_1_52' title="bbox 1547 2225 2594 2299; baseline 0.006 -22"><span class='ocrx_word' id='word_1_270' title='bbox 1547 2225 1797 2299; x_wconf 74' lang='grc' dir='ltr'><strong>πρότερα</strong></span> <span class='ocrx_word' id='word_1_271' title='bbox 1840 2228 1955 2279; x_wconf 76' lang='grc' dir='ltr'><strong>τῶν</strong></span> <span class='ocrx_word' id='word_1_272' title='bbox 1998 2227 2149 2280; x_wconf 84' lang='grc' dir='ltr'>κατὰ</span> <span class='ocrx_word' id='word_1_273' title='bbox 2182 2229 2488 2299; x_wconf 77' lang='grc' dir='ltr'>ποιητικὴν</span> <span class='ocrx_word' id='word_1_274' title='bbox 2521 2229 2594 2283; x_wconf 84' lang='grc' dir='ltr'><strong>τὰ</strong></span> 
     </span>
     <span class='ocr_line' id='line_1_53' title="bbox 1547 2300 2595 2375; baseline 0.004 -22"><span class='ocrx_word' id='word_1_275' title='bbox 1547 2301 1695 2354; x_wconf 82' lang='grc' dir='ltr'>κατὰ</span> <span class='ocrx_word' id='word_1_276' title='bbox 1729 2302 1834 2369; x_wconf 67' lang='grc' dir='ltr'><strong>τὴν</strong></span> <span class='ocrx_word' id='word_1_277' title='bbox 1867 2300 2131 2375; x_wconf 77' lang='grc' dir='ltr'><strong>ἀνδρείαν</strong></span> <span class='ocrx_word' id='word_1_278' title='bbox 2164 2308 2407 2367; x_wconf 78' lang='grc' dir='ltr'><strong>τίθεται,</strong></span> <span class='ocrx_word' id='word_1_279' title='bbox 2443 2306 2595 2373; x_wconf 84' lang='grc' dir='ltr'><strong>μᾶλ-</strong></span> 
     </span>
     <span class='ocr_line' id='line_1_54' title="bbox 1547 2375 2595 2449; baseline 0.005 -22"><span class='ocrx_word' id='word_1_280' title='bbox 1547 2377 1650 2428; x_wconf 80' lang='grc' dir='ltr'><strong>λον</strong></span> <span class='ocrx_word' id='word_1_281' title='bbox 1683 2375 1787 2429; x_wconf 81' lang='grc' dir='ltr'><strong>τοῦ</strong></span> <span class='ocrx_word' id='word_1_282' title='bbox 1821 2377 2052 2442; x_wconf 81' lang='grc' dir='ltr'>δέοντος</span> <span class='ocrx_word' id='word_1_283' title='bbox 2086 2379 2397 2446; x_wconf 79' lang='grc' dir='ltr'><strong><em>πολεμικὸς</em></strong></span> <span class='ocrx_word' id='word_1_284' title='bbox 2429 2378 2595 2449; x_wconf 77' lang='grc' dir='ltr'><strong><em>γενό-</em></strong></span> 
     </span>
     <span class='ocr_line' id='line_1_55' title="bbox 1545 2468 1740 2518; baseline 0 -15"><span class='ocrx_word' id='word_1_285' title='bbox 1545 2468 1740 2518; x_wconf 78' lang='grc' dir='ltr'><strong><em>μενος.</em></strong></span> 
     </span>
    </p>

    <p class='ocr_par' dir='ltr' id='par_1_11' title="bbox 1543 2529 2599 4294">
     <span class='ocr_line' id='line_1_56' title="bbox 1612 2529 2596 2593; baseline 0.002 -14"><span class='ocrx_word' id='word_1_286' title='bbox 1612 2531 1661 2579; x_wconf 87' lang='lat'><strong>7.</strong></span> <span class='ocrx_word' id='word_1_287' title='bbox 1714 2529 1977 2593; x_wconf 62' lang='lat' dir='ltr'><strong>religarat]</strong></span> <span class='ocrx_word' id='word_1_288' title='bbox 2038 2529 2378 2581; x_wconf 78' lang='lat' dir='ltr'><strong>«retinaculis</strong></span> <span class='ocrx_word' id='word_1_289' title='bbox 2429 2531 2596 2582; x_wconf 87' lang='lat' dir='ltr'><strong>desti-</strong></span> 
     </span>
     <span class='ocr_line' id='line_1_57' title="bbox 1548 2604 2596 2664; baseline 0.002 -11"><span class='ocrx_word' id='word_1_290' title='bbox 1548 2606 1750 2653; x_wconf 74' lang='lat' dir='ltr'><strong>narat.»</strong></span> <span class='ocrx_word' id='word_1_291' title='bbox 1787 2605 1891 2653; x_wconf 85' lang='lat' dir='ltr'><strong>Sat.</strong></span> <span class='ocrx_word' id='word_1_292' title='bbox 1933 2604 1990 2663; x_wconf 77' lang='lat' dir='ltr'><strong>l,</strong></span> <span class='ocrx_word' id='word_1_293' title='bbox 2027 2605 2085 2664; x_wconf 77' lang='lat'><strong>5,</strong></span> <span class='ocrx_word' id='word_1_294' title='bbox 2127 2605 2212 2653; x_wconf 74' lang='lat'><strong>⁴8:</strong></span> <span class='ocrx_word' id='word_1_295' title='bbox 2265 2607 2596 2654; x_wconf 77' lang='lat' dir='ltr'><strong>retinacula-</strong></span> 
     </span>
     <span class='ocr_line' id='line_1_58' title="bbox 1546 2677 2592 2740; baseline 0.003 -15"><span class='ocrx_word' id='word_1_296' title='bbox 1546 2678 1722 2726; x_wconf 80' lang='lat' dir='ltr'><strong>Nauta</strong></span> <span class='ocrx_word' id='word_1_297' title='bbox 1763 2704 1791 2714; x_wconf 88' lang='lat'>-</span> <span class='ocrx_word' id='word_1_298' title='bbox 1831 2691 1961 2726; x_wconf 69' lang='lat' dir='ltr'><strong>ata-120</strong></span> <span class='ocrx_word' id='word_1_299' title='bbox 2002 2677 2201 2740; x_wconf 65' lang='lat' dir='ltr'><strong>religat.</strong></span> <span class='ocrx_word' id='word_1_300' title='bbox 2285 2681 2424 2740; x_wconf 80' lang='lat' dir='ltr'><strong>Virg.</strong></span> <span class='ocrx_word' id='word_1_301' title='bbox 2461 2683 2592 2728; x_wconf 78' lang='lat' dir='ltr'><strong>Aen.</strong></span> 
     </span>
     <span class='ocr_line' id='line_1_59' title="bbox 1547 2751 2596 2815; baseline 0.003 -15"><span class='ocrx_word' id='word_1_302' title='bbox 1547 2751 1604 2812; x_wconf 82' lang='lat'><strong>7,</strong></span> <span class='ocrx_word' id='word_1_303' title='bbox 1662 2752 1782 2800; x_wconf 77' lang='lat'>⁴06:</span> <span class='ocrx_word' id='word_1_304' title='bbox 1830 2752 2078 2814; x_wconf 67' lang='lat' dir='ltr'><strong>reliqarac</strong></span> <span class='ocrx_word' id='word_1_305' title='bbox 2128 2751 2193 2801; x_wconf 84' lang='lat' dir='ltr'><strong>ab</strong></span> <span class='ocrx_word' id='word_1_306' title='bbox 2234 2767 2420 2815; x_wconf 65' lang='lat' dir='ltr'><strong>aquare</strong></span> <span class='ocrx_word' id='word_1_307' title='bbox 2463 2755 2596 2804; x_wconf 71' lang='lat' dir='ltr'><strong>clas-</strong></span> 
     </span>
     <span class='ocr_line' id='line_1_60' title="bbox 1545 2825 2597 2892; baseline 0.001 -14"><span class='ocrx_word' id='word_1_308' title='bbox 1545 2838 1663 2878; x_wconf 74' lang='lat' dir='ltr'><strong>sem.</strong></span> <span class='ocrx_word' id='word_1_309' title='bbox 1702 2825 1848 2875; x_wconf 78' lang='lat' dir='ltr'><strong>ovid.</strong></span> <span class='ocrx_word' id='word_1_310' title='bbox 1894 2828 2015 2876; x_wconf 79' lang='lat' dir='ltr'><strong>Met.</strong></span> <span class='ocrx_word' id='word_1_311' title='bbox 2056 2825 2146 2887; x_wconf 75' lang='lat'><strong>⁴4,</strong></span> <span class='ocrx_word' id='word_1_312' title='bbox 2203 2827 2323 2878; x_wconf 68' lang='lat'><strong>248:</strong></span> <span class='ocrx_word' id='word_1_313' title='bbox 2377 2828 2597 2892; x_wconf 66' lang='lat' dir='ltr'><strong>religata</strong></span> 
     </span>
     <span class='ocr_line' id='line_1_61' title="bbox 1545 2900 2596 2962; baseline 0.005 -14"><span class='ocrx_word' id='word_1_314' title='bbox 1545 2901 1599 2949; x_wconf 80' lang='lat' dir='ltr'><strong>in</strong></span> <span class='ocrx_word' id='word_1_315' title='bbox 1634 2900 1779 2949; x_wconf 74' lang='lat' dir='ltr'><strong>litore</strong></span> <span class='ocrx_word' id='word_1_316' title='bbox 1794 2901 1937 2962; x_wconf 74' lang='lat' dir='ltr'><strong>pinu.</strong></span> <span class='ocrx_word' id='word_1_317' title='bbox 1977 2902 2170 2950; x_wconf 86' lang='lat' dir='ltr'><strong>Lucan.</strong></span> <span class='ocrx_word' id='word_1_318' title='bbox 2197 2903 2247 2962; x_wconf 85' lang='grc'><strong>8,</strong></span> <span class='ocrx_word' id='word_1_319' title='bbox 2284 2903 2407 2952; x_wconf 81' lang='lat'>790:</span> <span class='ocrx_word' id='word_1_320' title='bbox 2449 2905 2596 2953; x_wconf 76' lang='lat' dir='ltr'><strong>Nau—</strong></span> 
     </span>
     <span class='ocr_line' id='line_1_62' title="bbox 1545 2974 2598 3041; baseline 0.004 -18"><span class='ocrx_word' id='word_1_321' title='bbox 1545 2979 1698 3035; x_wconf 78' lang='lat' dir='ltr'><strong>taque</strong></span> <span class='ocrx_word' id='word_1_322' title='bbox 1739 2988 1801 3024; x_wconf 75' lang='lat' dir='ltr'><strong>ne</strong></span> <span class='ocrx_word' id='word_1_323' title='bbox 1842 2974 2036 3024; x_wconf 73' lang='lat' dir='ltr'><strong>bustum</strong></span> <span class='ocrx_word' id='word_1_324' title='bbox 2083 2976 2348 3040; x_wconf 86' lang='lat' dir='ltr'><strong>(Pompeii)</strong></span> <span class='ocrx_word' id='word_1_325' title='bbox 2383 2978 2598 3041; x_wconf 65' lang='lat' dir='ltr'><strong>religato</strong></span> 
     </span>
     <span class='ocr_line' id='line_1_63' title="bbox 1543 3049 2594 3115; baseline 0.005 -18"><span class='ocrx_word' id='word_1_326' title='bbox 1543 3049 1663 3111; x_wconf 78' lang='lat' dir='ltr'><strong>fune</strong></span> <span class='ocrx_word' id='word_1_327' title='bbox 1693 3056 1924 3099; x_wconf 78' lang='lat' dir='ltr'><strong>moveret.</strong></span> <span class='ocrx_word' id='word_1_328' title='bbox 1983 3049 2129 3100; x_wconf 81' lang='lat' dir='ltr'><strong>Falso</strong></span> <span class='ocrx_word' id='word_1_329' title='bbox 2164 3049 2393 3101; x_wconf 90' lang='lat' dir='ltr'><strong>nonnulli</strong></span> <span class='ocrx_word' id='word_1_330' title='bbox 2430 3051 2594 3115; x_wconf 84' lang='lat' dir='ltr'><strong>expli-</strong></span> 
     </span>
     <span class='ocr_line' id='line_1_64' title="bbox 1547 3123 2598 3186; baseline 0.006 -15"><span class='ocrx_word' id='word_1_331' title='bbox 1547 3126 1760 3173; x_wconf 85' lang='lat' dir='ltr'><strong>carunt:</strong></span> <span class='ocrx_word' id='word_1_332' title='bbox 1822 3123 2067 3174; x_wconf 80' lang='lat' dir='ltr'><strong>«solvere</strong></span> <span class='ocrx_word' id='word_1_333' title='bbox 2125 3125 2480 3186; x_wconf 78' lang='lat' dir='ltr'><strong>retinacula»,</strong></span> <span class='ocrx_word' id='word_1_334' title='bbox 2539 3129 2598 3177; x_wconf 80' lang='lat' dir='ltr'><strong>ut</strong></span> 
     </span>
     <span class='ocr_line' id='line_1_65' title="bbox 1547 3197 2598 3262; baseline 0.004 -15"><span class='ocrx_word' id='word_1_335' title='bbox 1547 3197 1803 3262; x_wconf 80' lang='lat' dir='ltr'><strong>arbitror,</strong></span> <span class='ocrx_word' id='word_1_336' title='bbox 1842 3213 1907 3248; x_wconf 80' lang='lat' dir='ltr'><strong>ex</strong></span> <span class='ocrx_word' id='word_1_337' title='bbox 1944 3197 2129 3249; x_wconf 89' lang='lat' dir='ltr'><strong>Catulli</strong></span> <span class='ocrx_word' id='word_1_338' title='bbox 2165 3201 2254 3260; x_wconf 81' lang='grc'><strong>63,</strong></span> <span class='ocrx_word' id='word_1_339' title='bbox 2291 3200 2380 3252; x_wconf 76' lang='lat'><strong>84:</strong></span> <span class='ocrx_word' id='word_1_340' title='bbox 2427 3202 2598 3262; x_wconf 71' lang='lat' dir='ltr'><strong>Cybele</strong></span> 
     </span>
     <span class='ocr_line' id='line_1_66' title="bbox 1544 3273 2596 3336; baseline 0.003 -15"><span class='ocrx_word' id='word_1_341' title='bbox 1544 3273 1728 3336; x_wconf 67' lang='lat' dir='ltr'><strong>relique</strong></span> <span class='ocrx_word' id='word_1_342' title='bbox 1760 3275 1882 3336; x_wconf 74' lang='lat' dir='ltr'><strong>iuqa</strong></span> <span class='ocrx_word' id='word_1_343' title='bbox 1903 3288 2075 3323; x_wconf 77' lang='lat' dir='ltr'><strong>manu.</strong></span> <span class='ocrx_word' id='word_1_344' title='bbox 2115 3275 2205 3323; x_wconf 85' lang='lat' dir='ltr'><strong>Est</strong></span> <span class='ocrx_word' id='word_1_345' title='bbox 2229 3275 2404 3336; x_wconf 80' lang='lat' dir='ltr'><strong>igitur:</strong></span> <span class='ocrx_word' id='word_1_346' title='bbox 2446 3278 2596 3324; x_wconf 77' lang='lat' dir='ltr'><strong>«Sive</strong></span> 
     </span>
     <span class='ocr_line' id='line_1_67' title="bbox 1549 3347 2597 3411; baseline 0.001 -14"><span class='ocrx_word' id='word_1_347' title='bbox 1549 3349 1664 3397; x_wconf 87' lang='lat' dir='ltr'><strong>erat</strong></span> <span class='ocrx_word' id='word_1_348' title='bbox 1698 3349 1750 3396; x_wconf 86' lang='lat' dir='ltr'><strong>in</strong></span> <span class='ocrx_word' id='word_1_349' title='bbox 1786 3350 1990 3407; x_wconf 83' lang='lat' dir='ltr'><strong>castriS‚</strong></span> <span class='ocrx_word' id='word_1_350' title='bbox 2028 3349 2139 3399; x_wconf 87' lang='lat' dir='ltr'><strong>sive</strong></span> <span class='ocrx_word' id='word_1_351' title='bbox 2165 3349 2215 3397; x_wconf 92' lang='lat' dir='ltr'><strong>in</strong></span> <span class='ocrx_word' id='word_1_352' title='bbox 2240 3352 2395 3411; x_wconf 90' lang='lat' dir='ltr'><strong>portu</strong></span> <span class='ocrx_word' id='word_1_353' title='bbox 2419 3347 2597 3411; x_wconf 83' lang='lat' dir='ltr'><strong>aliquo</strong></span> 
     </span>
     <span class='ocr_line' id='line_1_68' title="bbox 1549 3422 2598 3486; baseline 0 -14"><span class='ocrx_word' id='word_1_354' title='bbox 1549 3425 1821 3474; x_wconf 86' lang='lat' dir='ltr'><strong>manserat</strong></span> <span class='ocrx_word' id='word_1_355' title='bbox 1853 3437 1882 3472; x_wconf 97' lang='lat' dir='ltr'><strong>a</strong></span> <span class='ocrx_word' id='word_1_356' title='bbox 1918 3422 2070 3486; x_wconf 81' lang='lat' dir='ltr'><strong>longa</strong></span> <span class='ocrx_word' id='word_1_357' title='bbox 2111 3437 2176 3473; x_wconf 86' lang='lat' dir='ltr'><strong>ac</strong></span> <span class='ocrx_word' id='word_1_358' title='bbox 2218 3423 2410 3472; x_wconf 80' lang='lat' dir='ltr'><strong>difficili</strong></span> <span class='ocrx_word' id='word_1_359' title='bbox 2447 3424 2598 3472; x_wconf 84' lang='lat' dir='ltr'><strong>navi-</strong></span> 
     </span>
     <span class='ocr_line' id='line_1_69' title="bbox 1549 3496 2599 3561; baseline -0.002 -13"><span class='ocrx_word' id='word_1_360' title='bbox 1549 3500 1755 3561; x_wconf 83' lang='lat' dir='ltr'><strong>gatione</strong></span> <span class='ocrx_word' id='word_1_361' title='bbox 1791 3499 2186 3560; x_wconf 72' lang='lat' dir='ltr'><strong>requiescens.»</strong></span> <span class='ocrx_word' id='word_1_362' title='bbox 2238 3496 2474 3547; x_wconf 86' lang='lat' dir='ltr'><strong>Alterum</strong></span> <span class='ocrx_word' id='word_1_363' title='bbox 2496 3498 2599 3546; x_wconf 71' lang='lat' dir='ltr'><strong>sive</strong></span> 
     </span>
     <span class='ocr_line' id='line_1_70' title="bbox 1550 3572 2594 3633; baseline -0.001 -11"><span class='ocrx_word' id='word_1_364' title='bbox 1550 3574 1828 3633; x_wconf 89' lang='lat' dir='ltr'><strong>omissum,</strong></span> <span class='ocrx_word' id='word_1_365' title='bbox 1864 3575 1924 3622; x_wconf 86' lang='lat' dir='ltr'><strong>ut</strong></span> <span class='ocrx_word' id='word_1_366' title='bbox 1956 3573 2049 3622; x_wconf 91' lang='lat' dir='ltr'><strong>Od.</strong></span> <span class='ocrx_word' id='word_1_367' title='bbox 2090 3573 2148 3632; x_wconf 78' lang='grc'><strong>4,</strong></span> <span class='ocrx_word' id='word_1_368' title='bbox 2186 3573 2242 3632; x_wconf 86' lang='grc'><strong>6,</strong></span> <span class='ocrx_word' id='word_1_369' title='bbox 2282 3572 2359 3620; x_wconf 75' lang='grc'><strong>49.</strong></span> <span class='ocrx_word' id='word_1_370' title='bbox 2400 3573 2505 3621; x_wconf 83' lang='lat' dir='ltr'><strong>Sat.</strong></span> <span class='ocrx_word' id='word_1_371' title='bbox 2543 3573 2594 3632; x_wconf 74' lang='lat'><strong>2,</strong></span> 
     </span>
     <span class='ocr_line' id='line_1_71' title="bbox 1550 3645 2593 3710; baseline -0.003 -13"><span class='ocrx_word' id='word_1_372' title='bbox 1550 3649 1610 3708; x_wconf 84' lang='lat'><strong>5,</strong></span> <span class='ocrx_word' id='word_1_373' title='bbox 1651 3648 1729 3696; x_wconf 71' lang='lat'><strong>⁴⁴.</strong></span> <span class='ocrx_word' id='word_1_374' title='bbox 1769 3649 1822 3695; x_wconf 86' lang='lat' dir='ltr'><strong>et</strong></span> <span class='ocrx_word' id='word_1_375' title='bbox 1855 3645 2131 3710; x_wconf 87' lang='lat' dir='ltr'><strong>aliquoties</strong></span> <span class='ocrx_word' id='word_1_376' title='bbox 2166 3645 2308 3709; x_wconf 88' lang='lat' dir='ltr'><strong>apud</strong></span> <span class='ocrx_word' id='word_1_377' title='bbox 2339 3647 2593 3706; x_wconf 84' lang='lat' dir='ltr'><strong>Tacitum,</strong></span> 
     </span>
     <span class='ocr_line' id='line_1_72' title="bbox 1550 3720 2599 3790; baseline -0.001 -19"><span class='ocrx_word' id='word_1_378' title='bbox 1550 3736 1601 3771; x_wconf 79' lang='lat' dir='ltr'><strong>v,</strong></span> <span class='ocrx_word' id='word_1_379' title='bbox 1631 3735 1678 3771; x_wconf 90' lang='lat' dir='ltr'><strong>c.</strong></span> <span class='ocrx_word' id='word_1_380' title='bbox 1705 3724 1839 3790; x_wconf 80' lang='lat' dir='ltr'><strong>Ann.</strong></span> <span class='ocrx_word' id='word_1_381' title='bbox 1865 3723 1923 3781; x_wconf 76' lang='lat'><strong>2,</strong></span> <span class='ocrx_word' id='word_1_382' title='bbox 1960 3720 2051 3772; x_wconf 66' lang='lat'><strong>24:</strong></span> <span class='ocrx_word' id='word_1_383' title='bbox 2087 3722 2223 3780; x_wconf 75' lang='lat' dir='ltr'><strong>visa,</strong></span> <span class='ocrx_word' id='word_1_384' title='bbox 2259 3721 2599 3770; x_wconf 70' lang='lat' dir='ltr'><strong>siveazxmotu</strong></span> 
     </span>
     <span class='ocr_line' id='line_1_73' title="bbox 1550 3790 2599 3858; baseline -0.002 -12"><span class='ocrx_word' id='word_1_385' title='bbox 1550 3798 1756 3846; x_wconf 56' lang='lat' dir='ltr'><strong>credam</strong></span> <span class='ocrx_word' id='word_1_386' title='bbox 1807 3824 1860 3833; x_wconf 88' lang='lat'><strong>--</strong></span> <span class='ocrx_word' id='word_1_387' title='bbox 1903 3797 2062 3845; x_wconf 79' lang='lat' dir='ltr'><strong>Udum</strong></span> <span class='ocrx_word' id='word_1_388' title='bbox 2101 3790 2446 3858; x_wconf 75' lang='grc' dir='ltr'>(ἁλίκτυπον)</span> <span class='ocrx_word' id='word_1_389' title='bbox 2481 3796 2599 3845; x_wconf 74' lang='lat' dir='ltr'><strong>litus</strong></span> 
     </span>
     <span class='ocr_line' id='line_1_74' title="bbox 1551 3869 2599 3934; baseline -0.002 -13"><span class='ocrx_word' id='word_1_390' title='bbox 1551 3872 1655 3921; x_wconf 87' lang='lat' dir='ltr'><strong>hoc</strong></span> <span class='ocrx_word' id='word_1_391' title='bbox 1704 3869 2008 3934; x_wconf 80' lang='lat' dir='ltr'><strong>exemplum</strong></span> <span class='ocrx_word' id='word_1_392' title='bbox 2058 3870 2225 3919; x_wconf 88' lang='lat' dir='ltr'><strong>secuti</strong></span> <span class='ocrx_word' id='word_1_393' title='bbox 2275 3874 2599 3934; x_wconf 85' lang='lat' dir='ltr'><strong>usurparunt</strong></span> 
     </span>
     <span class='ocr_line' id='line_1_75' title="bbox 1549 3944 2593 4009; baseline -0.002 -14"><span class='ocrx_word' id='word_1_394' title='bbox 1549 3946 1876 4009; x_wconf 85' lang='lat' dir='ltr'><strong>posteriores</strong></span> <span class='ocrx_word' id='word_1_395' title='bbox 1941 3957 2155 4007; x_wconf 86' lang='lat' dir='ltr'><strong>quoque</strong></span> <span class='ocrx_word' id='word_1_396' title='bbox 2218 3948 2426 4008; x_wconf 73' lang='lat' dir='ltr'><strong>poetae.</strong></span> <span class='ocrx_word' id='word_1_397' title='bbox 2487 3944 2593 3994; x_wconf 67' lang='lat' dir='ltr'><strong>Cir,</strong></span> 
     </span>
     <span class='ocr_line' id='line_1_76' title="bbox 1551 4018 2592 4079; baseline -0.003 -9"><span class='ocrx_word' id='word_1_398' title='bbox 1551 4018 1822 4071; x_wconf 75' lang='lat' dir='ltr'><strong>Markland</strong></span> <span class='ocrx_word' id='word_1_399' title='bbox 1855 4019 1924 4068; x_wconf 80' lang='lat' dir='ltr'><strong>ad</strong></span> <span class='ocrx_word' id='word_1_400' title='bbox 1959 4021 2086 4069; x_wconf 82' lang='lat' dir='ltr'><strong>Stat.</strong></span> <span class='ocrx_word' id='word_1_401' title='bbox 2124 4018 2245 4069; x_wconf 81' lang='lat' dir='ltr'><strong>Silv.</strong></span> <span class='ocrx_word' id='word_1_402' title='bbox 2283 4021 2344 4075; x_wconf 80' lang='lat'><strong>2.</strong></span> <span class='ocrx_word' id='word_1_403' title='bbox 2397 4021 2457 4079; x_wconf 77' lang='lat'><strong>2,</strong></span> <span class='ocrx_word' id='word_1_404' title='bbox 2511 4019 2592 4068; x_wconf 76' lang='lat'><strong>⁴5.</strong></span> 
     </span>
     <span class='ocr_line' id='line_1_77' title="bbox 1550 4091 2596 4157; baseline 0.002 -15"><span class='ocrx_word' id='word_1_405' title='bbox 1550 4093 1791 4157; x_wconf 81' lang='lat' dir='ltr'><strong>Virgilius</strong></span> <span class='ocrx_word' id='word_1_406' title='bbox 1842 4095 1918 4144; x_wconf 89' lang='lat' dir='ltr'><strong>sic</strong></span> <span class='ocrx_word' id='word_1_407' title='bbox 1969 4091 2112 4157; x_wconf 86' lang='lat' dir='ltr'><strong>loqui</strong></span> <span class='ocrx_word' id='word_1_408' title='bbox 2154 4093 2389 4145; x_wconf 90' lang='lat' dir='ltr'><strong>nondum</strong></span> <span class='ocrx_word' id='word_1_409' title='bbox 2433 4106 2596 4144; x_wconf 86' lang='lat' dir='ltr'><strong>ausus</strong></span> 
     </span>
     <span class='ocr_line' id='line_1_78' title="bbox 1552 4167 2593 4234; baseline -0.002 -16"><span class='ocrx_word' id='word_1_410' title='bbox 1552 4171 1659 4228; x_wconf 84' lang='lat' dir='ltr'><strong>est,</strong></span> <span class='ocrx_word' id='word_1_411' title='bbox 1714 4180 1837 4219; x_wconf 91' lang='lat' dir='ltr'><strong>cum</strong></span> <span class='ocrx_word' id='word_1_412' title='bbox 1878 4169 2007 4217; x_wconf 70' lang='lat' dir='ltr'><strong>udus</strong></span> <span class='ocrx_word' id='word_1_413' title='bbox 2041 4170 2253 4234; x_wconf 85' lang='lat' dir='ltr'><strong>proprie</strong></span> <span class='ocrx_word' id='word_1_414' title='bbox 2288 4169 2494 4218; x_wconf 87' lang='lat' dir='ltr'><strong>dicatur</strong></span> <span class='ocrx_word' id='word_1_415' title='bbox 2526 4167 2593 4216; x_wconf 87' lang='lat' dir='ltr'><strong>de</strong></span> 
     </span>
     <span class='ocr_line' id='line_1_79' title="bbox 1552 4243 2215 4294; baseline 0.003 -2"><span class='ocrx_word' id='word_1_416' title='bbox 1552 4245 1756 4294; x_wconf 84' lang='lat' dir='ltr'><strong>interno</strong></span> <span class='ocrx_word' id='word_1_417' title='bbox 1790 4243 1937 4293; x_wconf 85' lang='lat' dir='ltr'><strong>humi</strong></span> <span class='ocrx_word' id='word_1_418' title='bbox 1973 4243 2215 4294; x_wconf 88' lang='lat' dir='ltr'><strong>humore.</strong></span> 
     </span>
    </p>
   </div>
  </div>
 </body>
</html>
