3234 4975
1220 370 1339 420 ΜΒ.
1378 370 1460 419 1V.
1533 371 1590 419 C.
1629 370 1713 419 v1.

2496 366 2621 434 567

694 522 908 589 Rebus
951 526 1208 589 Aeneae
1254 524 1502 609 potiore
1547 523 1774 589 ductos

862 645 1025 710 Alite
1070 664 1310 710 muros,

694 805 932 869 Doctor
974 813 1237 889 argutae
1280 801 1512 868 fidicen
1566 801 1854 875 Thaliae,

2534 802 2616 867 25

695 922 984 999 Phoebe,
1031 922 1144 1009 qui
1186 921 1434 987 Xantho
1479 920 1640 987 lavis
1684 942 1870 989 amne
1914 922 2151 999 crineS,

693 1044 983 1111 Dauniae
1026 1042 1303 1109 defende
1347 1042 1550 1109 decus
1594 1043 1947 1119 Camenae,

862 1164 1051 1231 Levis
1096 1164 1365 1253 Agyieu.

572 1372 653 1420 25.
700 1371 896 1420 Ductor
938 1377 1054 1434 κψ,
1102 1371 1212 1421 tres
1247 1371 1396 1420 Torr.
1440 1395 1490 1406 -
1555 1370 1777 1433 Argivae
1807 1372 1869 1431 S,
1907 1371 1961 1420 in
1995 1384 2100 1434 mg.
2137 1385 2237 1436 pro
2271 1386 2384 1423 var.
2424 1371 2542 1423 lect.

503 1441 597 1509 βγ,
634 1445 687 1494 F.
730 1470 784 1480 -
822 1445 903 1494 28.
938 1443 1130 1507 Amfion
1162 1442 1198 1492 b
1234 1446 1289 1493 et
1322 1441 1515 1503 Aldus,
1552 1442 1729 1506 Aqileu
1761 1443 1854 1505 Td,
1891 1445 2103 1507 Aqylleu
2138 1445 2196 1505 C.

443 1621 496 1670 in
540 1621 712 1670 Pison.
754 1620 877 1669 ⁴56:
936 1620 1003 1669 Et
1051 1625 1098 1668 te
1144 1618 1375 1668 credibile
1421 1622 1493 1666 est

441 1694 626 1744 Phoebo
658 1694 884 1743 didicisse
914 1694 1174 1756 magistro.
1248 1691 1491 1742 Pseudo-

442 1767 536 1818 tib.
575 1766 630 1826 4,
685 1768 741 1827 4,
797 1768 1088 1829 4781193e
1132 1767 1255 1816 mihi
1301 1780 1404 1816 non
1447 1767 1492 1816 si

436 1840 753 1904 praescribat
782 1843 1016 1891 camnine
1044 1840 1277 1891 Phoebus.
1311 1869 1366 1876 —
1404 1855 1492 1891 an-

439 1914 608 1980 qutae]
634 1928 892 1965 «canorae
908 1953 920 1975 ,
947 1927 1196 1975 sonorae,
1222 1913 1485 1982 λιγείας»,

444 1989 588 2053 quod
637 1988 904 2039 ἐπίθετον
946 1990 1109 2040 Musis
1150 1989 1335 2040 tribuit
1383 1991 1489 2040 iam

442 2061 661 2113 Alcman
694 2064 899 2125 Fragm.
939 2066 985 2113 4.
1026 2063 1247 2114 ductum
1284 2077 1347 2113 ex
1381 2064 1490 2113 Ho-

441 2138 644 2188 merico
687 2135 772 2187 illo
812 2137 1005 2199 odyss.
1054 2153 1126 2197 ω,
1176 2138 1273 2187 62:
1327 2143 1489 2188 τοῖον

442 2206 553 2281 γὰρ
603 2206 866 2281 ὑπώρορε
908 2208 1110 2276 μοῦσα
1154 2205 1368 2278 (ἀοιδὴ)
1401 2210 1489 2262 λι-

442 2300 588 2351 γεια.
637 2284 814 2335 Altera
846 2284 1004 2336 lectio
1026 2286 1247 2349 Arqivae
1278 2288 1489 2336 inventa

441 2359 651 2411 videtur
699 2358 767 2408 ab
817 2360 906 2419 iis,
960 2361 1050 2424 qui
1102 2373 1225 2410 cum
1275 2365 1491 2424 argutae

441 2434 510 2483 ad
556 2446 746 2484 vocem
798 2434 987 2484 referri
1031 2435 1335 2498 ignorantes
1382 2435 1489 2484 hoc

441 2521 558 2559 voc.
606 2508 986 2572 significatione
1029 2508 1133 2560 sihi
1166 2513 1291 2559 nota
1327 2509 1490 2560 «sub-

443 2581 573 2634 tilis»
609 2582 695 2633 vel
731 2582 972 2634 «vafrae»
1010 2585 1187 2635 minus
1221 2585 1486 2649 quadrare

440 2658 711 2717 viderent,
749 2660 929 2722 aptam
952 2660 1341 2722 oppositionem
1375 2659 1486 2709 iore

441 2731 696 2782 rebantur
744 2732 813 2782 ad
853 2745 905 2780 v.
951 2733 1190 2783 Dauniae
1221 2734 1484 2784 Conuenae.

441 2808 547 2857 Sed
579 2807 715 2856 haec
755 2808 870 2870 ipsa
904 2800 1197 2869 ἀντίθεσις
1232 2809 1284 2857 in
1319 2809 1489 2857 Hora-

440 2883 513 2931 tio
546 2882 598 2931 h.
636 2879 670 2930 l.
709 2881 886 2931 minus
918 2880 1118 2944 placet,
1168 2883 1268 2932 etsi
1300 2881 1397 2931 od.
1434 2882 1484 2942 Ξ,

441 2958 504 3005 46
521 2994 532 3016 ,
586 2955 666 3005 38.
741 2955 992 3017 Spiritum
1040 2956 1232 3005 Graiae
1296 2960 1490 3004 tenuem

442 3031 687 3080 Camenae
737 3028 837 3079 sihi
889 3027 1096 3090 tribuit,
1153 3026 1354 3078 collatis
1389 3028 1484 3078 Od.

440 3103 499 3163 3,
537 3104 622 3164 30,
663 3103 741 3153 43.
803 3103 898 3153 od.
936 3103 994 3164 4,
1033 3104 1092 3164 3,
1127 3103 1210 3154 23.
1265 3103 1397 3166 Epp.
1439 3104 1485 3163 4,

442 3178 526 3238 49,
554 3177 636 3227 32.
672 3177 892 3240 Arqivae
925 3179 1024 3228 etsi
1047 3177 1315 3242 probabat
1335 3177 1491 3226 Bent-

444 3247 606 3309 leius,
644 3252 825 3300 tamen
859 3251 1023 3301 edere
1054 3265 1162 3301 non
1193 3252 1277 3301 est
1305 3263 1485 3301 ausus.

505 3324 588 3372 26.
636 3325 833 3373 Xantho
855 3351 884 3361 -
909 3326 1080 3389 amne]
1117 3327 1232 3376 Non
1266 3324 1334 3375 de
1367 3327 1489 3374 Sca-

440 3396 683 3458 mandro,
710 3397 929 3447 Troadis
946 3399 1127 3461 fluvio,
1148 3399 1247 3449 sed
1265 3400 1333 3450 de
1353 3401 1491 3451 eius—

394 3471 403 3480 '
441 3470 568 3519 dem
592 3472 821 3522 nominis
838 3472 1000 3521 fluvio
1019 3474 1209 3534 Lyciae
1229 3475 1490 3538 accipien—

442 3543 572 3593 dum
594 3546 816 3608 propter
838 3547 1079 3596 Pataram
1094 3583 1106 3606 ,
1141 3547 1298 3596 huius
1320 3549 1491 3610 regio-

442 3620 524 3669 nis
547 3618 759 3669 urbem.
821 3621 1145 3669 Memoratur
1176 3618 1261 3670 ille
1296 3622 1488 3685 Lyciae

442 3694 494 3743 n.
532 3692 589 3743 ll.
622 3691 680 3754 β.
714 3694 827 3743 877.
870 3721 925 3729 —-
966 3693 1144 3743 lavis-
1166 3696 1355 3757 crines]
1389 3696 1484 3746 Od.

439 3767 499 3827 3,
543 3765 603 3828 4,
639 3768 736 3817 6⁴:
796 3767 893 3828 om·
924 3780 1043 3817 rore
1067 3781 1204 3829 puro
1239 3768 1491 3818 Castaliae

437 3843 564 3891 lavit
593 3842 766 3893 Crines
794 3840 994 3891 solutos.
1062 3843 1293 3892 Fuerunt
1328 3844 1490 3893 scho-

438 3917 603 3969 lastici
645 3918 972 3980 Interpretes
990 3954 1002 3977 ,
1055 3918 1144 3981 qui
1180 3917 1315 3968 haec
1350 3919 1489 3968 tam-

437 4003 601 4053 quam
676 4002 1079 4054 supervacanea
1145 4004 1210 4040 ac
1266 3990 1489 4042 molesta

437 4063 914 4131 reprehenderent.
955 4064 1161 4128 Optime
1197 4065 1491 4128 respondet

436 4140 602 4191 Lehrs
635 4140 714 4190 die
734 4140 902 4190 Horon
936 4150 988 4203 p.
1017 4138 1108 4188 ⁴7:
1150 4139 1250 4188 «Es
1280 4139 1343 4188 ist
1375 4139 1490 4190 kain

435 4215 588 4264 leores
613 4215 781 4276 Wort,
816 4226 964 4264 werin
995 4214 1126 4265 nach
1148 4213 1491 4265 Griechischer

1565 1617 1663 1667 Art
1693 1619 1865 1668 Horaz
1896 1619 2110 1669 anhebl:
2164 1620 2470 1683 Phoebus,
2507 1623 2614 1672 der

1566 1694 1647 1742 du
1679 1693 1761 1741 im
1780 1693 2264 1757 Xanthusflusse
2286 1697 2423 1746 dein
2444 1699 2613 1748 Haar

1565 1764 1803 1815 badest.
1879 1766 2120 1818 Vielmehr
2151 1781 2202 1818 es
2233 1769 2298 1819 ist
2329 1771 2612 1822 demGrie-

1563 1840 1685 1889 chen
1722 1839 1918 1890 iiberall
1954 1841 2246 1905 Bedia'rsniss
2275 1844 2407 1893 scine
2440 1845 2614 1895 Gotter

1563 1915 1616 1963 in
1649 1914 1827 1978 irqend
1857 1914 1994 1964 einer
2025 1915 2300 1966 hem-lichen
2333 1919 2454 1968 oder
2478 1919 2615 1968 sch&—

1562 2002 1660 2037 nen
1706 1990 1811 2038 und
1859 1990 2181 2054 anmuthiyen
2213 1991 2465 2042 situation
2513 1993 2616 2043 sicle

1561 2077 1631 2113 zu
1661 2065 2203 2127 verqeqenwoertiqen.»

1629 2137 1710 2187 27.
1750 2138 1830 2187 28.
1867 2138 2130 2202 Dauniae]
2169 2140 2493 2201 «Latinae»,
2540 2139 2609 2190 ab

1564 2212 1782 2274 antiquo
1816 2209 2035 2274 Apuliae
2070 2214 2303 2263 nomine.
2344 2215 2515 2274 «Fac,
2552 2217 2613 2263 ut

1565 2288 1797 2336 Carmen
1818 2298 2003 2334 meum
2037 2284 2279 2336 seculare
2315 2287 2502 2338 honori
2537 2290 2615 2338 at-

1564 2372 1670 2422 que
1702 2358 2018 2408 ornamento
2053 2360 2122 2408 sit
2159 2361 2309 2422 poesi
2344 2362 2610 2412 Latinae.»

1568 2460 1624 2469 —
1661 2433 1829 2495 Levis]
1864 2431 2181 2494 «imberbis,
2229 2435 2491 2498 perpetuo
2528 2436 2611 2486 iu-

1562 2508 1766 2559 venis.»
1829 2506 2032 2558 Gallim.
2071 2509 2264 2571 Hymn.
2301 2507 2469 2573 Apoll.
2508 2510 2606 2560 36:

1562 2582 1678 2633 Kal
1709 2596 1809 2632 κεν
1841 2575 1933 2633 ἀεὶ
1968 2578 2146 2644 καλὸς
2191 2583 2288 2631 καὶ
2338 2576 2432 2632 ἀεὶ
2480 2583 2612 2646 νέος

1564 2650 1640 2709 02³5
1699 2670 1839 2706 ποτε
1898 2654 2117 2715 Φοίβου
2170 2654 2439 2721 Θηλείαις
2488 2652 2609 2709 οὐδ’

1563 2724 1751 2781 ὅσσον
1800 2730 1893 2781 ἐπὶ
1938 2726 2117 2792 χνόος
2149 2721 2293 2795 ἦλθε
2326 2735 2605 2802 παρειαῖς.

1563 2806 1713 2856 Falso
1765 2818 2031 2855 nonnemo
2083 2817 2256 2869 nuper
2288 2808 2615 2857 asseveravit

1562 2883 1827 2931 Acronem
1864 2881 1917 2929 et
1952 2880 2372 2942 Porphyrionem
2415 2879 2608 2943 legisse

1560 2955 1708 3015 imis,
1765 2954 1925 3016 atque
1962 2953 2297 3017 aptissimum
2333 2954 2462 3004 dixit
2494 2956 2610 3019 epi-

1562 3028 1747 3077 theton
1771 3027 1824 3075 h.
1851 3024 1884 3075 l.
1911 3027 2131 3077 minime
2155 3039 2284 3077 sane
2309 3041 2610 3092 congruens

1561 3100 1648 3151 vel
1682 3103 1903 3164 propter
1937 3101 2187 3151 carminis
2221 3102 2454 3162 initium;
2513 3116 2611 3153 ve-

1561 3189 1683 3225 rum
1717 3176 1772 3224 in
1806 3177 2082 3238 utriusque
2109 3175 2204 3225 Ed.
2233 3177 2434 3227 Veneta
2460 3177 2606 3228 ⁴48⁴.

1561 3252 1712 3301 recte
1760 3252 1845 3300 est
1889 3250 2039 3310 levin
2095 3251 2148 3300 in
2183 3252 2392 3301 Acrone
2427 3252 2610 3314 utique

1561 3324 1658 3375 Ed.
1695 3323 1850 3375 Basil.
1886 3325 2030 3375 ⁴580.
2071 3327 2186 3374 est:
2233 3326 2379 3374 Lenis
2409 3326 2462 3374 in
2495 3337 2613 3373 ver-

1562 3399 1665 3461 bis,
1691 3400 1942 3462 corrupte
1965 3411 2063 3461 pro
2087 3398 2245 3459 Levis,
2281 3397 2524 3447 imberbis.
2551 3424 2606 3432 —-

1561 3472 1780 3538 Ayyiou]
1831 3470 2065 3524 Macrob.
2104 3472 2210 3520 Sat.
2250 3473 2307 3530 4,
2345 3471 2409 3520 9:
2465 3470 2612 3530 Apud

1564 3549 1784 3598 Graecos
1801 3545 1976 3607 Apollo
2009 3544 2217 3605 colitur,
2256 3545 2343 3606 qui
2367 3542 2610 3613 θυραῖος

1560 3626 1800 3680 vocatur,
1859 3619 2059 3680 eiusque
2114 3631 2239 3668 aras
2302 3622 2418 3668 ante
2479 3617 2614 3681 fores

1563 3709 1685 3746 was
1716 3694 1992 3754 celebrant,
2043 3692 2210 3754 ipsum
2250 3692 2416 3741 &vitiis
2447 3697 2494 3742 et
2526 3692 2610 3741 in-

1563 3770 1744 3819 troitus
1765 3769 2156 3817 denionstrantes
2167 3770 2419 3828 potentem
2427 3779 2447 3826 ‚·
2481 3766 2612 3815 idem

1561 3844 1737 3905 Apollo
1786 3843 1924 3904 apud
1964 3841 2075 3892 illos
2116 3846 2163 3890 et
2202 3834 2435 3906 ἅγυιεὺς
2474 3854 2612 3890 nun-

1564 3922 1817 3980 cupatur,
1870 3916 2017 3978 quasi
2045 3916 2142 3964 viis
2165 3915 2487 3978 praepositi&
2514 3927 2611 3964 m·-

1565 3992 1725 4041 bcmis.
1794 3989 1900 4040 Cfr.
1939 3986 2111 4038 Schol.
2150 3987 2278 4038 Plat.
2315 4002 2368 4053 p.
2407 3987 2520 4040 944.
2546 3989 2606 4038 B.

1564 4065 1660 4116 Ed.
1721 4065 1953 4114 nostrae.
2032 4061 2218 4127 Apollo
2273 4064 2504 4127 Agyieus
2559 4063 2611 4112 in

1565 4139 1798 4190 nummis
1832 4137 2237 4189 Ambraciorum
2273 4140 2356 4189 est
2387 4138 2439 4188 in
2478 4133 2613 4188 Mul-

1566 4212 1646 4265 ier
1677 4214 1887 4265 Denkm.
1926 4214 1964 4262 l.
2002 4214 2062 4263 N.
2099 4214 2148 4262 2.
