3234 4975
1223 421 1339 471 ΜΒ.
1380 423 1417 471 1.
1490 422 1547 471 C.
1587 422 1761 472 XXVI.

2474 419 2500 485 11
2516 421 2595 484 45

854 578 1116 642 Portare
1160 577 1398 653 ventis,
1446 579 1594 666 quis
1641 577 1764 644 sub
1810 581 1999 644 Arcto

933 700 1066 763 Rex
1110 696 1359 784 gelidae
1405 709 1726 765 metuatur
1769 721 1954 775 orae,

851 854 1023 934 Quid
1064 855 1384 922 Tiridaten
1431 867 1693 933 terreat,
1744 859 1932 924 unice
2556 886 2595 923 a

1242 978 1329 1051 O,
1380 998 1549 1064 quae
1595 978 1874 1045 sontibus
1923 979 2185 1067 integris

850 978 1150 1040 Securus

557 1230 604 1279 3.
646 1230 740 1291 Qui
774 1227 805 1277 λ
841 1232 896 1279 et
926 1242 1007 1292 pr.
1043 1226 1101 1289 β.
1146 1258 1199 1266 -
1238 1232 1287 1280 5.
1329 1231 1626 1291 Tyradatem
1675 1234 1693 1280 t
1734 1244 1858 1283 cum
1902 1236 1959 1282 G.
2011 1233 2275 1296 FabriciO,
2327 1236 2533 1286 Ter-ida-

492 1308 591 1353 tem
639 1316 764 1354 cum
815 1305 998 1354 Cassio
1049 1305 1216 1355 Dione
1270 1308 1554 1357 Gesnerus.
1628 1307 1733 1356 Sed
1767 1309 1981 1358 Lucian.
2020 1309 2153 1360 Dial.
2194 1323 2328 1360 mer.
2377 1312 2424 1371 9,
2473 1312 2529 1361 2:

494 1375 811 1448 Τιριδάταν.

507 1591 555 1641 3.
625 1593 835 1642 Portare
905 1592 1080 1656 ventis]
1149 1595 1476 1657 Frequenter

426 1667 589 1716 etiam
623 1667 766 1730 apud
801 1670 1048 1718 Graecos.
1108 1667 1346 1732 Aponon.
1375 1668 1469 1718 Rh.

427 1740 476 1800 4,
532 1740 687 1791 ⁴334:
746 1736 869 1791 ἀλλ’
919 1737 1190 1806 ἀνέμοισι
1237 1739 1474 1808 Adonei!

424 1808 780 1880 ἀμπλακίην.
883 1817 1107 1867 Theocr.
1185 1818 1268 1876 22,
1350 1818 1471 1866 ⁴67:

427 1881 624 1938 Ἴσκον
671 1887 868 1941 τοιάδε
918 1888 1122 1941 πολλά·
1173 1886 1247 1941 τὰ
1295 1889 1343 1940 δ’
1395 1893 1476 1954 εἰς

886 1380 997 1441 (Vv.
1036 1382 1066 1428 ὃ
1102 1383 1157 1429 et
1190 1381 1220 1429 6
1255 1380 1448 1431 desunt
1481 1382 1532 1430 in
1567 1382 1646 1441 B.)

1549 1596 1675 1645 tunc
1722 1596 1785 1658 (a.
1835 1595 1947 1644 730.
1998 1598 2053 1646 et
2094 1597 2227 1659 73⁴.)
2280 1598 2592 1659 cotidianus,

1550 1683 1715 1733 quem
1751 1671 1949 1721 exitum
1989 1670 2268 1721 habiturae
2305 1673 2477 1722 forent
2508 1687 2597 1723 res

1549 1745 1844 1793 Parthicae.
1905 1743 1987 1794 Ad
2032 1745 2252 1796 easdem
2290 1746 2474 1797 turbas
2509 1761 2599 1798 re—

1550 1820 1790 1883 spexisse
1848 1822 1993 1869 recte
2052 1824 2273 1870 censent
2328 1820 2599 1884 Virgilium

1552 1896 1643 1944 Ge.
1684 1895 1732 1955 2,
1758 1893 1883 1944 495:
1927 1895 2139 1956 (Verum
2163 1896 2475 1958 sapientem)
2500 1911 2601 1945 non

424 1957 602 2033 ὑγρὸν
642 1958 828 2031 ᾤχετο
869 1964 1031 2031 κῦμα
1069 1961 1257 2031 nvom>
1291 1959 1474 2026 Z'xoca'
1542 1981 1782 2030 purpura
1812 1982 1989 2031 regum
2022 1970 2184 2017 Flevit
2213 1974 2260 2018 et
2280 1970 2457 2032 infidos
2486 1972 2601 2034 aqi-

423 2033 687 2104 ἀνέμοιο.
771 2039 958 2091 Tibull.
1011 2043 1057 2102 4,
1111 2044 1159 2102 5,
1203 2043 1292 2092 35:
1345 2056 1477 2091 nunc

426 2115 692 2177 Eurusque
732 2117 988 2177 Notusque
1035 2118 1197 2166 Iactat
1245 2119 1480 2166 odoratos

426 2194 548 2238 vota
573 2204 670 2251 per
699 2190 974 2240 Armenio&
1046 2191 1194 2240 Ovid.
1234 2193 1385 2241 Trist.
1425 2193 1474 2249 4,

422 2264 475 2322 2,
517 2265 606 2313 ⁴5:
646 2265 991 2327 Tem-ibitisque
1011 2265 1171 2315 Notus
1189 2267 1346 2316 iactat
1364 2279 1480 2316 mea

425 2338 564 2386 dicta
588 2352 872 2400 precesque.

492 2412 538 2461 3.
577 2411 625 2463 4.
667 2417 740 2463 «A
773 2412 969 2476 quibus
1001 2427 1095 2464 rex
1123 2412 1326 2476 gelidae
1351 2428 1476 2463 orae

427 2487 532 2538 sub
584 2489 951 2551 septentrione
994 2490 1225 2552 positae,
1279 2488 1330 2538 id
1376 2494 1474 2550 est,

426 2562 747 2625 Scytharum
783 2575 878 2611 rex
900 2565 1236 2622 metuatur»,
1277 2563 1480 2613 scilicet

430 2637 503 2697 (id
538 2637 681 2699 quod
714 2650 814 2700 per
847 2633 1196 2703 ἐπεξήγησιν
1219 2638 1473 2700 adiicitur)

427 2727 460 2762 a
495 2711 720 2761 Tiridate
758 2712 978 2774 eiusque
1016 2711 1254 2763 asseclis.
1294 2714 1472 2762 lustin.

426 2786 512 2846 42,
549 2788 606 2835 5:
659 2786 878 2835 Victoria
925 2788 985 2835 de
1016 2787 1229 2836 Antonio
1261 2788 1478 2836 insolen-

429 2862 529 2910 tior
559 2862 823 2922 Phraate&
860 2861 1178 2910 Parthorum
1211 2875 1322 2921 rex,
1358 2862 1478 2910 red-

422 2935 575 2996 ditae,
612 2949 727 2984 cum
756 2936 920 2984 nmlta
952 2936 1219 2984 crudeliter
1250 2937 1476 2985 consule-

421 3015 517 3070 ret,
553 3011 607 3058 in
656 3011 867 3059 exilium
908 3022 945 3058 a
979 3009 1168 3071 populo
1211 3023 1301 3059 suo
1326 3011 1477 3072 pelli-

423 3089 523 3133 tur.
616 3085 792 3144 Itaque
842 3096 958 3132 cum
1009 3097 1195 3147 niagno
1260 3088 1478 3146 tempore

418 3158 664 3221 finitimas
727 3159 978 3218 civitatee,
1048 3158 1117 3206 ad
1167 3163 1476 3219 postremum

424 3232 635 3291 Scythas
663 3232 891 3293 precibus
929 3232 1213 3294 fatiae-teet,
1260 3232 1475 3292 Scytha-

425 3319 544 3354 rum
574 3306 803 3354 machao
836 3305 1034 3353 auxilio
1066 3306 1119 3354 in
1151 3319 1364 3369 reynum
1397 3319 1475 3354 re-

421 3380 660 3429 stituitur.
730 3380 832 3428 Hoc
877 3378 1072 3428 absente
1102 3394 1271 3444 regem
1301 3382 1474 3431 Parthi

429 3454 680 3503 Tiridaten
705 3454 952 3515 quendam
974 3456 1349 3516 constituerant,
1387 3456 1473 3516 qui

421 3529 594 3577 audito
628 3528 845 3577 adventu
876 3529 1178 3589 Scytharum
1210 3544 1323 3579 cum
1355 3544 1470 3578 ma—

419 3617 525 3665 ana
573 3604 853 3651 amicorum
893 3616 1053 3652 mama
1095 3605 1163 3652 ad
1208 3605 1471 3653 Caesarem

419 3678 474 3724 in
517 3677 816 3737 Hispaniam
858 3677 1036 3726 bellum
1079 3683 1196 3726 tunc
1239 3679 1472 3739 temporis

419 3756 669 3814 gerentem
720 3751 845 3814 (sed
897 3751 1019 3801 vide
1071 3752 1466 3814 argumentum)

415 3825 657 3888 profugit.
715 3825 819 3874 Csr.
857 3825 955 3875 Dio
991 3826 1138 3875 Cass.
1177 3826 1258 3884 5⁴,
1299 3825 1378 3875 ⁴8.
1417 3827 1471 3874 et

420 3898 502 3956 53,
540 3898 620 3946 33.
692 3899 749 3947 ld
785 3898 927 3960 quod
966 3901 1090 3947 tuuc
1115 3900 1342 3947 maxime
1366 3904 1470 3948 ter-

419 3972 559 4020 rebat
591 3972 879 4028 Tiridaten.
920 3974 1061 4031 erat,
1098 3972 1242 4035 quod
1277 3973 1470 4021 Phraa-

420 4049 500 4096 tes
534 4046 602 4095 ab
643 4049 875 4108 Augusto
911 4048 1160 4109 petierat,
1208 4049 1266 4096 ut
1299 4044 1462 4104 illum,

418 4133 615 4169 servum
655 4133 801 4168 suum
852 4121 1047 4182 (lustin.
1098 4120 1178 4178 42,
1226 4121 1315 4182 5.)‚
1365 4119 1465 4170 sibi

420 4193 679 4253 traderet,
766 4194 864 4243 sed
943 4191 1306 4262 «Τηριδάτην
1384 4188 1462 4259 τῷ

345 4331 352 4348 ¹
420 4263 652 4338 Φραάτῃ
678 4262 786 4318 οὐκ
809 4265 1097 4331 ἐξέδωκε.»
1141 4270 1328 4319 Sermo
1352 4270 1466 4316 erat

585 4358 768 4403 llonn.
804 4372 914 4403 von..
951 4360 979 4404 l.
1044 4371 1118 4403 sn.
1155 4370 1307 4404 aaron
1342 4357 1411 4401 ΙΙΙ.

1551 2047 1666 2091 tans
1700 2044 1951 2092 discordia
1982 2045 2197 2105 fratres,
2245 2043 2300 2093 id
2334 2047 2433 2105 est,
2471 2058 2603 2095 con-

1552 2118 1869 2179 sanguineos
1905 2116 2187 2167 Phraatem
2223 2122 2278 2167 et
2315 2118 2598 2179 Tiridaten,

1551 2190 1861 2241 Arsacidam
1898 2194 2202 2255 utrumque.
2277 2191 2442 2255 (Falso
2476 2192 2601 2243 olim

1553 2264 1917 2329 explicabant:
1957 2266 2244 2325 «Quisnam
2279 2279 2371 2315 rex
2396 2270 2601 2317 metum

1551 2341 1771 2389 incutiat
1824 2340 2025 2402 regioni
2080 2338 2310 2401 boreali,
2376 2339 2430 2388 id
2486 2343 2596 2399 est,

1551 2415 1682 2477 ipsis
1716 2412 2061 2477 popularibus
2096 2413 2272 2471 suis»;
2311 2427 2449 2476 quae
2484 2412 2601 2463 lan—

1552 2488 1859 2550 guidissima
1898 2489 2153 2551 expositio
2186 2501 2358 2551 nuper
2386 2491 2600 2539 recocta

1553 2565 1653 2611 est.
1716 2562 1817 2610 Sed
1854 2563 1898 2612 si
1934 2563 2044 2623 quis
2078 2564 2224 2610 esset
2244 2563 2360 2622 τὶς,
2397 2562 2597 2612 ridicu-

1552 2636 1658 2686 lam
1715 2636 1855 2684 hanc
1906 2636 2224 2684 sententiam
2275 2637 2596 2685 contineret:

1553 2712 1733 2758 utrum
1786 2709 2101 2770 Scytharum
2154 2720 2248 2757 rex
2271 2747 2283 2768 ,
2344 2721 2411 2758 an
2468 2707 2600 2759 alius

1552 2784 1710 2846 quis?
1762 2784 1883 2843 Quis
1923 2779 2056 2845 plur.
2107 2783 2286 2830 autem
2323 2784 2404 2831 est
2438 2784 2600 2832 etiam

1552 2856 1720 2920 Epod.
1761 2858 1842 2916 Η,
1885 2855 1933 2904 9.
1989 2857 2043 2903 et
2085 2856 2260 2905 sexies
2302 2857 2354 2904 in
2399 2856 2594 2906 Satiris.

1551 2929 1728 2980 Verba
1770 2943 1900 2984 vero
1946 2930 2076 2991 Quid
2119 2930 2372 2979 Tiridaten
2415 2936 2604 2980 terreat

1551 3006 1770 3058 minime
1854 3002 2230 3070 ταυτολογίας
2308 3004 2599 3054 insimulari

1551 3082 1781 3143 queunt,
1843 3093 1966 3128 cum
2018 3080 2132 3130 sine
2189 3081 2597 3142 interrogatione

1549 3154 1653 3204 hoc
1705 3154 1807 3204 sibi
1857 3153 2046 3204 velint:
2109 3157 2364 3218 «praeter
2412 3167 2597 3216 regem

1549 3231 1867 3291 Scytharum
1901 3229 2157 3278 Tiridates
2192 3230 2381 3279 metuit
2416 3229 2599 3278 infide-

1547 3301 1749 3352 litatem
1800 3305 1960 3366 atque
2007 3303 2224 3364 insidias
2280 3303 2596 3352 Parthorum

1546 3378 1783 3440 ipsorum
1807 3416 1819 3436 ‚
1891 3377 2086 3440 quibus
2154 3389 2295 3426 nunc
2351 3377 2595 3439 precario

1546 3451 1881 3515 imperitat»)
1913 3479 1967 3486 —
1987 3452 2182 3514 qelidae
2210 3451 2347 3512 orae]
2373 3449 2450 3499 Cf.
2472 3448 2596 3498 illud

1544 3526 1741 3576 Lucani
1795 3527 1853 3585 ὃ,
1922 3527 2018 3574 ὅὸῑ
2090 3525 2282 3587 gelidae
2341 3525 2596 3573 dominum

1545 3601 1886 3661 Rhescuporim
1920 3612 2056 3648 orae.

1607 3714 1656 3761 ὃ.
1726 3712 1885 3775 unice]
1958 3721 2214 3774 «prorsus
2273 3708 2589 3770 incuriosae,

1544 3785 1672 3834 dum
1708 3784 1949 3847 volgares
1973 3784 2215 3834 homiues
2241 3782 2402 3832 multa
2429 3796 2491 3832 ea
2521 3783 2589 3833 de

1543 3872 1600 3907 re
1636 3858 1976 3922 loquuntur.»

1607 3971 1655 4019 6.
1727 3971 1949 4032 intem-is]
2002 3988 2025 4013 «
2040 3962 2354 4038 ἀκηράτοις
2392 3970 2584 4032 (Eurip.

1543 4041 1747 4105 Hippoi.
1786 4043 1907 4104 73.),
1946 4057 1973 4091 a
2012 4044 2223 4093 nemine
2258 4043 2589 4092 contamina-

1542 4119 1625 4174 tis,
1646 4116 1794 4179 puris
1813 4119 1972 4178 atque
1992 4114 2253 4177 illibati33»
2274 4117 2417 4166 idem
2435 4116 2590 4178 sigui-

1541 4192 1690 4246 ficat,
1730 4188 1875 4252 quod
1898 4203 1947 4237 v.
1978 4191 2056 4240 40.
2079 4191 2260 4252 fidibus
2279 4192 2444 4250 novis,
2473 4202 2589 4239 car-

1541 4264 1744 4314 minum
1788 4276 1955 4324 genus
2002 4277 2214 4313 novum.
2277 4266 2485 4312 Lucret.
2534 4263 2581 4322 4,

2202 4356 2248 4396 10
