3234 4975
1215 397 1330 446 LlB.
1370 398 1407 446 1.
1478 399 1534 445 C.
1576 398 1789 448 xxxvl.

2443 399 2564 465 ⁴99

1037 868 1942 932 mmm

760 1037 833 1102 Et
877 1036 1057 1103 thure
1100 1048 1165 1102 et
1205 1036 1439 1104 fidibus
1484 1037 1658 1104 iuvat

928 1157 1191 1225 Placare
1235 1167 1299 1225 et
1340 1158 1517 1225 vituli
1560 1161 1869 1247 sanguine
1915 1160 2130 1227 debito

761 1279 1076 1348 Custodes
1117 1278 1427 1346 Numidae
1471 1279 1659 1358 deOS,

927 1401 1049 1481 Qui
1093 1422 1262 1468 nunc
1304 1403 1619 1489 Hesperia
1662 1422 1890 1489 sospes
1931 1403 2011 1469 ab
2055 1403 2272 1471 ultima

759 1561 937 1627 Caris
980 1559 1176 1627 multa
1219 1560 1579 1635 sodalibus,
2525 1565 2565 1628 5

922 1680 1086 1747 Nulli
1129 1681 1314 1770 plura
1356 1692 1568 1749 tamen
1613 1682 1839 1750 dividit
1886 1684 2106 1752 oscula

762 1805 969 1882 Quam
1011 1802 1181 1869 dulci
1227 1805 1517 1881 Lamiae,
1564 1826 1811 1872 memor

920 1926 1113 1991 Actae
1156 1946 1281 1990 non
1326 1924 1450 1992 alio
1499 1948 1654 2014 rege
1696 1929 1984 2015 puertiae

549 2095 764 2146 XXXVI.
817 2097 982 2146 inser.
1017 2095 1152 2160 volg.
1205 2097 1265 2145 In
1294 2096 1528 2147 honorem
1564 2095 1665 2160 (vel
1698 2097 1930 2162 reditum)
1963 2099 2106 2149 Plotia·
2138 2098 2398 2149 Numidae.
2444 2126 2495 2134 —

485 2172 562 2221 Aa
590 2171 912 2233 Pomponium
944 2170 996 2220 S.
1038 2196 1093 2207 —
1129 2171 1204 2221 Aa
1223 2171 1454 2221 Lamiam
1475 2172 1531 2221 T.
1562 2171 1727 2233 (idem
1749 2174 1865 2223 Tin
1888 2175 2152 2237 margine:
2189 2174 2331 2223 Hanc
2352 2174 2500 2223 odam

484 2245 652 2295 scribit
682 2246 735 2295 in
767 2245 1002 2296 honorem
1031 2246 1232 2295 nuntiae
1254 2259 1355 2307 pro
1386 2246 1527 2296 euius
1558 2247 1719 2296 salute
1749 2247 1940 2297 reuersi
1961 2260 2027 2297 ez:
2048 2247 2364 2297 mauritania
2382 2253 2501 2297 vota

483 2321 719 2371 solando
750 2333 965 2383 aequom
995 2333 1094 2370 esse
1126 2320 1286 2384 dicit.)
1326 2346 1380 2356 —
1419 2321 1465 2369 4.
1504 2325 1614 2371 ture
1647 2322 1703 2370 Τ.
1747 2349 1801 2357 -
1837 2322 1886 2371 8.
1917 2323 2168 2384 puericiae
2199 2322 2256 2372 T.

479 2469 696 2521 XXXVI.
722 2470 972 2522 Convivio
994 2469 1288 2521 adventicio
1307 2469 1453 2522 cele-

415 2542 537 2594 brat
576 2542 723 2595 Plotii
766 2544 1020 2596 Numidae
1058 2544 1318 2605 reditum,
1363 2545 1451 2607 qui

414 2631 539 2668 cum
570 2620 801 2682 Augusto
835 2633 901 2669 ex
933 2619 1205 2683 Hispania,
1241 2617 1335 2669 ubi
1366 2617 1451 2670 ille

414 2690 612 2743 bellum
636 2693 1007 2745 Cantabricum
1030 2695 1293 2757 gesserat,
1320 2708 1368 2743 a.
1394 2708 1447 2744 u.

414 2784 464 2819 c.
485 2768 596 2819 730.
624 2770 930 2818 reverterat.
971 2768 1251 2832 (Augustus
1272 2771 1452 2819 autem

412 2844 535 2907 post
575 2842 779 2892 triennii
822 2842 1118 2893 absentiam
1161 2843 1213 2892 in
1254 2843 1450 2896 Urbem

413 2915 583 2966 rediit.
621 2918 718 2967 Dio
750 2917 841 2977 53,
879 2917 980 2980 28.)
1023 2918 1134 2968 Hoc
1168 2930 1296 2969 sane
1330 2932 1453 2983 pro-

414 2988 589 3041 babile
632 2993 741 3052 est,
793 3004 1145 3055 quamquam,
1197 2994 1259 3042 ut
1305 2996 1452 3043 notat

412 3066 611 3115 Franke
627 3104 639 3127 ,
698 3065 921 3116 Numida
974 3068 1133 3118 etiam
1182 3065 1449 3130 aliquanto

410 3143 531 3190 ante
586 3142 879 3204 Augustum
934 3142 1129 3192 reverti
1184 3142 1444 3205 potuerat.

411 3214 599 3266 Similis
633 3216 928 3279 argumenti
963 3218 1045 3267 est
1078 3216 1173 3266 Od.
1211 3217 1272 3277 2,
1309 3216 1358 3267 7.

475 3289 522 3339 4.
564 3289 757 3355 Μίδεω]
795 3290 1081 3341 «Fidicines
1119 3290 1277 3341 hodie
1312 3303 1449 3354 quo-

408 3375 515 3425 que
560 3365 755 3415 Romae
801 3364 871 3415 ad
913 3365 1169 3416 sacrificia
1207 3364 1448 3415 adhiberi

408 3438 544 3488 sicut
587 3437 829 3490 tibicines
880 3452 1041 3490 nemo
1090 3441 1173 3490 est
1216 3440 1307 3503 qui
1349 3453 1448 3490 ne-

408 3513 590 3563 sciat.»
627 3515 808 3564 Scaoi..

471 3587 521 3637 2.
572 3587 796 3652 Placere]
842 3588 993 3637 Omni
1035 3587 1293 3637 sacrificio
1324 3587 1445 3649 pla-

408 3665 588 3712 canun-
620 3661 718 3723 dii,
761 3673 949 3712 eorum
982 3673 1085 3725 pax
1118 3660 1442 3725 imploratur,

409 3734 613 3787 etiamsi
630 3737 752 3786 irati
774 3749 878 3787 non
896 3736 1037 3787 sunt.
1064 3734 1242 3787 Aurei,
1266 3736 1446 3788 Victor

408 3809 476 3859 de
510 3811 626 3860 Sex.
666 3811 919 3876 Pompeio
954 3811 1012 3861 C.
1038 3809 1129 3861 84:
1168 3810 1446 3862 Cunnum-i

404 3884 612 3945 feliciter
651 3891 898 3946 uteretur,
949 3884 1165 3948 Neptuni
1205 3898 1256 3936 se
1284 3886 1445 3949 fllium

406 3959 649 4022 consessus
690 3966 761 4010 est
803 3974 1010 4023 eurique
1053 3960 1201 4010 bobus
1248 3962 1445 4011 auratis

406 4040 453 4082 et
483 4047 609 4096 equo
634 4035 872 4097 placavit.
903 4062 957 4073 -
984 4034 1157 4099 debito]
1191 4036 1328 4086 «Diis
1351 4035 1443 4085 de-

408 4107 565 4158 betur
613 4108 783 4160 hostia
830 4112 966 4161 votis
1016 4111 1276 4173 susceptis
1315 4124 1441 4175 pro-

407 4183 617 4235 missa.»
686 4187 929 4236 Ponam.
985 4184 1080 4235 Od.
1127 4185 1183 4245 2,
1239 4186 1294 4245 7,
1353 4186 1436 4234 ⁴7:

407 4257 675 4321 obliquam
703 4259 854 4312 redde
884 4260 989 4310 Iovi
1022 4261 1213 4323 ἀφανῆ.

1590 2469 1642 2522 4.
1666 2470 1920 2536 Hesperia]
1947 2471 2008 2522 H.
2034 2469 2068 2522 l.
2091 2471 2357 2536 Hispania,
2383 2471 2561 2523 ultima

1527 2544 1868 2595 Occidentem
1915 2559 2106 2596 versus
2155 2546 2326 2610 regio;
2379 2548 2562 2597 contra

1526 2619 1622 2669 Od.
1660 2618 1719 2681 3,
1755 2619 1812 2679 6,
1848 2619 1897 2670 8.
1935 2622 2018 2670 est
2049 2618 2211 2670 Italia.

1588 2770 1638 2820 7.
1674 2768 1724 2819 8.
1760 2766 1979 2832 Lenaee]
2016 2770 2093 2818 De
2127 2769 2185 2818 L.
2210 2765 2355 2817 Aelio
2383 2768 2562 2819 Lamia

1525 2843 1616 2894 cir.
1655 2842 1750 2894 Od.
1800 2844 1856 2904 4,
1901 2843 1983 2893 26.
2036 2869 2090 2878 —
2132 2856 2234 2891 non
2272 2841 2390 2906 alio]
2437 2856 2562 2893 «eo-

1524 2918 1699 2969 dem.»
1737 2918 1897 2968 Tacit.
1936 2919 2112 2967 Germ.
2150 2917 2211 2965 δι
2245 2930 2347 2966 non
2378 2917 2433 2965 in
2454 2917 2562 2967 alia

1517 2993 1710 3043 vilitate
1738 3005 1838 3057 pro
1874 2992 1956 3042 «in
1991 2990 2182 3042 eadem
2213 2989 2461 3041 vilitate.»
2501 3019 2556 3028 --

1519 3066 1653 3131 reqe]
1692 3069 1931 3117 «rectore
1950 3106 1962 3128 ,
1999 3066 2354 3127 moderatore,
2391 3066 2560 3129 magi-

1521 3144 1686 3192 stro.»
1755 3140 1999 3192 Similiter
2039 3142 2236 3191 Burrus
2271 3142 2326 3191 et
2358 3142 2558 3192 Seneca

1519 3221 1735 3266 rectores
1781 3216 2136 3279 imperatoriae
2180 3216 2445 3266 iuventutis
2476 3216 2560 3266 di-

1522 3291 1714 3340 cuntur
1745 3291 1904 3341 Tacit.
1939 3292 2074 3341 Anu.
2114 3289 2192 3350 43,
2219 3291 2268 3340 2.
2316 3289 2427 3340 «Ad
2456 3302 2558 3353 pu-

1523 3378 1737 3416 erorum
1771 3364 1924 3417 ludos
1949 3365 2093 3429 (Epp.
2120 3366 2169 3426 4,
2208 3366 2260 3426 4,
2296 3366 2378 3415 δθε
2408 3378 2558 3426 puer·

1520 3440 1762 3499 Iudaicos,
1812 3441 1919 3490 Rev
1967 3441 2090 3501 eris,
2142 3439 2299 3489 αἱωιι.
2372 3439 2551 3490 lustin.

1522 3515 1581 3575 4,
1617 3515 1674 3564 5:
1713 3515 1998 3576 Gymrav
2028 3514 2559 3564 interludente-'sorte

1518 3588 1711 3638 electus.
1716 3586 1739 3652 )
1770 3586 1855 3638 vel
1888 3586 1958 3638 ob
1985 3600 2106 3639 eam
2129 3599 2345 3638 causam
2366 3598 2557 3650 parum

1520 3662 1803 3713 commode
1826 3662 1961 3713 haec
1978 3661 2198 3722 referas,
2224 3658 2368 3724 quod
2390 3672 2555 3723 quum

1518 3735 1759 3787 hocloco
1782 3736 1927 3786 haud
1948 3734 2108 3786 dubie
2133 3734 2378 3784 diuturna
2396 3748 2558 3798 quae-

1518 3810 1645 3861 dam
1690 3812 1841 3861 actae
1885 3811 2141 3874 pueritiae
2184 3807 2413 3858 conditio
2455 3808 2555 3859 de-

1517 3884 1766 3946 claretur,
1821 3886 1906 3933 vix
1939 3881 2191 3933 credibile
2226 3884 2309 3933 est
2340 3896 2439 3946 per
2472 3886 2555 3933 to-

1515 3963 1628 4011 tam
1660 3959 1939 4023 pueritiam
1973 3968 2138 4008 unum
2171 3957 2407 4008 Lamiam
2436 3957 2556 4020 (non

1515 4037 1616 4086 alio
1649 4032 1785 4097 reae)
1816 4045 2105 4096 puerorum
2145 4030 2438 4082 ludentium
2472 4045 2555 4082 re-

1515 4123 1639 4173 gem
1662 4121 1777 4159 esse
1803 4107 2015 4168 factum,
2051 4107 2365 4170 praesertim
2386 4120 2552 4169 quum

1514 4183 1583 4234 illi
1630 4194 1920 4248 puerorum
1965 4195 2120 4245 reges
2161 4187 2291 4233 sorte
2323 4180 2554 4233 solerent

1516 4257 1685 4321 eligi.»
1710 4258 1937 4307 Srsmaa.
1966 4284 2016 4292 —-
2031 4256 2276 4320 puertiae]
2294 4268 2548 4319 syncope,
