3234 4975
1253 410 1454 461 LIBER.
1528 410 1722 460 CARM.
1760 408 1910 459 XVll.

2488 409 2609 473 737

696 567 916 634 Relixa
959 564 1141 632 eaelo
1186 565 1509 632 devocare
1554 564 1800 640 sidera,
2572 567 2613 628 5

695 687 992 763 Canidia,
1041 706 1237 774 parce
1279 685 1553 752 vocibus
1598 683 1860 751 tandem
1902 684 2104 750 sacris

698 808 1039 895 Citumque
1084 816 1256 873 retro
1302 805 1512 883 solve,
1559 804 1739 871 solve
1783 803 2123 871 turbinem.

696 928 891 994 Movit
932 937 1232 1014 nepotem
1276 924 1596 1013 Telephus
1642 925 1980 1002 Nereium,

695 1050 766 1113 ln
811 1068 1010 1134 quem
1054 1045 1378 1134 superbus
1421 1045 1752 1112 ordinarat
1794 1046 2047 1132 agmina

695 1169 1028 1256 Mysorum
1071 1177 1137 1234 et
1179 1167 1243 1233 iu
1286 1187 1484 1254 quem
1528 1165 1656 1232 tela
1698 1174 1888 1233 acuta
1930 1175 2222 1233 torserat.

2534 1167 2613 1230 110

698 1290 954 1357 Unxere
997 1297 1238 1354 matres
1283 1284 1437 1351 Iliae
1481 1285 1811 1353 addictum
1853 1285 2006 1352 seris

702 1407 972 1474 Alitibus
1008 1409 1214 1493 'atque
1258 1405 1529 1474 canibus
1574 1404 1962 1473 homicidam
2003 1407 2377 1483 Hectorem,

578 1551 624 1600 5.
664 1550 852 1613 Deam
883 1548 940 1610 b,
964 1543 1188 1615 βγᾱμξ,
1223 1561 1320 1598 sex
1343 1547 1593 1598 pomerii.
1635 1548 1713 1610 (Ut
1734 1559 1859 1605 nos,
1896 1546 2175 1610 Βτοριλω,
2213 1547 2380 1599 coda.
2406 1547 2556 1598 Bian-

507 1624 672 1686 ffinii.)
718 1647 774 1659 -
837 1624 884 1673 7.

936 1623 1078 1672 volve
1124 1623 1266 1673 volve
1312 1621 1381 1672 de
1432 1622 1613 1672 Aurati
1665 1621 1803 1670 coni.
1855 1622 1911 1670 L.
1966 1619 2119 1686 (solve
2166 1619 2336 1672 semel
2377 1623 2455 1684 T.)
2496 1647 2551 1657 —

510 1698 590 1747 Η.
644 1698 842 1746 Luoeere
890 1692 1087 1762 Βο,γξ,
1140 1708 1220 1760 pr.
1274 1711 1343 1758 κ,
1395 1708 1510 1745 var.
1563 1693 1688 1745 lect.
1740 1711 1786 1759 μ
1837 1697 1894 1745 et
1940 1710 1979 1755 χ
2031 1693 2193 1756 alter,
2265 1694 2550 1746 Bentleius.

511 1771 589 1832 (Ut
627 1783 758 1831 nos,
813 1770 914 1830 bT,
948 1767 1164 1836 βδλμ,χ
1198 1769 1334 1830 duo,
1374 1769 1544 1820 Codd.
1584 1768 1788 1831 Bland.)

441 1887 588 1940 solve
637 1887 826 1940 celeris
873 1889 1099 1941 turbinis
1143 1890 1490 1950 rotationem,

440 1965 499 2011 ut
549 1964 812 2013 contraria
861 1963 954 2013 flat
1000 1964 1193 2027 priori,
1246 1963 1493 2026 adeoque

444 2049 514 2085 eo
569 2037 837 2098 cruciatu,
909 2049 1072 2100 quem
1139 2037 1269 2087 mihi
1325 2033 1497 2086 attulit

443 2111 589 2174 prior
611 2112 727 2160 eius
748 2111 1054 2166 conversio,
1091 2122 1180 2160 me
1215 2111 1324 2161 iam
1358 2109 1496 2160 libe-

443 2185 578 2232 ret.»
639 2182 879 2233 «Scilicet
911 2186 971 2233 ut
991 2183 1245 2233 citissime
1269 2185 1495 2247 agitatus

441 2255 608 2319 (cittis)
642 2254 903 2306 rhombus
932 2268 1033 2319 per
1053 2254 1171 2305 licia
1194 2258 1418 2306 attracta
1442 2257 1496 2305 et

445 2327 693 2378 advoluta
729 2330 1025 2378 incantatos
1047 2329 1100 2377 vi
1133 2329 1339 2391 magica
1372 2328 1499 2391 liga-

447 2401 543 2452 bat
584 2404 640 2451 et
666 2400 973 2462 vinciebat,
1033 2403 1104 2450 ita
1156 2402 1301 2452 idem
1348 2404 1494 2452 retro

443 2478 596 2526 actus
629 2489 730 2540 per
762 2473 881 2526 licia
913 2476 1138 2527 remissa
1169 2477 1226 2525 et
1255 2474 1495 2526 revoluta

445 2562 541 2601 eos
573 2551 626 2600 vi
649 2550 856 2612 magica
879 2547 1138 2600 solvebat.
1159 2573 1187 2586 -
1205 2575 1229 2587 -
1250 2546 1384 2601 Hinc
1410 2563 1497 2600 re-

442 2626 524 2672 tro
564 2636 772 2673 cermm
811 2636 965 2686 agere
1006 2622 1138 2673 dixit
1168 2622 1282 2673 Val.
1320 2621 1491 2673 Flacc.

447 2697 503 2755 ⁴,
543 2696 662 2746 782:
699 2696 1349 2747 mammaweretro
1372 2697 1500 2748 Caes

438 2782 554 2819 men
596 2783 776 2833 agens,
827 2781 988 2829 neque
1035 2771 1168 2820 enm
1211 2776 1329 2821 ante
1370 2771 1499 2820 leves

441 2842 588 2904 maer
607 2842 773 2891 audiit
803 2842 1010 2893 mbras
1028 2844 1276 2903 Por-mom·
1309 2848 1498 2894 etcine-

442 2920 554 2964 ctae
603 2914 823 2978 (vinctae
869 2915 1085 2980 Iacobs)
1133 2918 1315 2979 primis
1361 2921 1497 2967 stant

437 2988 672 3051 saucibus
691 2989 862 3039 Orci.»
881 2991 1129 3045 Domus.
1153 3019 1210 3029 —
1231 2991 1495 3054 turbinem]

440 3062 765 3113 «rhombum
782 3065 1068 3126 magicum.
1078 3082 1103 3111 n
1125 3065 1244 3115 vid.
1266 3066 1490 3129 Interpr

438 3136 510 3185 ad
542 3137 806 3187 Theocrit.
832 3138 890 3198 2,
928 3137 1018 3187 30:
1077 3137 1154 3189 X‘
1186 3133 1268 3200 ὥς
1300 3136 1495 3189 δινεῖι9’

440 3204 538 3260 οδε
571 3205 799 3281 ῥόμβος
832 3206 866 3263 ὁ
898 3208 1175 3276 χάλκεος,
1199 3208 1263 3277 ἐξ
1290 3207 1495 3300 Ἀφρο-

435 3282 596 3347 ditae
617 3282 725 3349 ’Ὡς
744 3289 938 3349 κεῖνος
960 3285 1179 3338 δινοῖτο
1201 3287 1336 3337 ποθ’
1358 3282 1494 3352 ἆμε-

438 3359 638 3429 τέρῃσι
675 3355 943 3430 θύρῃσιν.
995 3364 1151 3425 Prop.
1190 3361 1252 3423 3,
1289 3362 1347 3422 6,
1396 3362 1488 3411 26ε

437 3432 700 3483 staminea
745 3434 939 3484 rhombi
983 3436 1185 3485 ducitur
1227 3435 1310 3485 ille
1353 3439 1486 3485 rota.

439 3505 635 3555 Lucan.
677 3506 740 3566 6,
777 3505 902 3557 455:
944 3508 1195 3568 Quosnon
1220 3509 1493 3557 concordia

436 3578 587 3627 minti
607 3578 796 3641 Alliqat
814 3579 924 3628 ulla
951 3581 1052 3629 tort
1069 3580 1378 3640 blandaeque
1393 3593 1493 3642 po-

436 3652 596 3700 tentia
628 3651 854 3715 fernme,
899 3653 1184 3703 Tremor-mot
1220 3655 1340 3704 torti
1374 3666 1492 3703 ma-

437 3725 556 3787 aica
593 3726 836 3787 vertiqine
863 3726 939 3789 fili·
971 3726 1324 3778 Tbessalides.
1381 3728 1486 3778 Clr.

437 3798 679 3848 Meineke
714 3800 918 3862 Fragm.
955 3801 1108 3851 Com.
1144 3802 1182 3850 Ι.
1217 3814 1272 3865 p.
1305 3800 1420 3853 452.

503 3872 647 3921 8-10.
683 3873 841 3922 Movit
864 3874 990 3935 cet.]
1028 3876 1197 3925 «Ecce
1220 3874 1367 3937 tibi»,
1405 3877 1490 3924 in-

436 3944 570 4005 quit,
609 3942 1022 4009 «indulgentiae,
1061 3961 1167 4011 qua
1202 3948 1399 3998 heroes
1435 3949 1489 3998 in

438 4015 622 4066 hostes
657 4018 738 4067 usi
773 4022 898 4069 sunt
929 4023 1250 4085 veniamque
1273 4024 1335 4072 iis
1358 4035 1491 4072 con—

440 4094 744 4152 cesserunt,
779 4091 997 4144 illustria
1021 4096 1288 4158 quaedam
1313 4108 1492 4146 exem—

439 4162 579 4227 pla.»
620 4188 674 4200 —
713 4167 959 4232 Telephus]
995 4170 1267 4231 Mysorum
1300 4182 1395 4219 rex
1417 4168 1487 4219 ab

1566 1887 1859 1954 prohibere
1919 1889 2143 1938 conatus
2208 1889 2350 1949 erat,
2416 1887 2497 1937 ne⁸
2551 1888 2622 1938 ad

1566 1962 1778 2012 Troiam
1802 1960 2216 2025 oppugnandam
2242 1962 2472 2022 veniret,
2509 1961 2619 2012 vol-

1565 2037 1811 2096 neratus,
1850 2047 1976 2084 cum
2008 2033 2251 2085 consulto
2280 2033 2496 2085 oraculo
2530 2049 2616 2085 re-

1566 2121 1828 2172 sponsum
1851 2106 2080 2170 tulisset,
2116 2108 2305 2160 volnus
2327 2108 2396 2159 ab
2417 2109 2619 2161 Achille

1568 2181 1773 2233 illatum
1832 2180 1935 2231 alio
1995 2181 2391 2233 medicamento
2442 2186 2622 2234 sanari

1569 2268 1677 2306 non
1710 2267 1871 2318 posse
1895 2267 2060 2317 quam
2092 2256 2357 2318 ferrugine
2383 2257 2621 2321 cuspidis

1565 2329 1752 2378 hastae
1792 2326 2031 2378 Peliacae
2069 2329 2435 2392 (responderat
2478 2332 2622 2381 enim

1565 2399 1781 2465 Apollo:
1837 2396 1873 2450 ὁ
1916 2397 2144 2472 τρώσας
2187 2403 2288 2452 καὶ
2323 2399 2548 2454 ἰάσεται
2561 2406 2615 2467 ·),

1566 2473 1715 2527 illum
1750 2476 1943 2538 oravit,
1981 2478 2040 2525 ut
2073 2476 2188 2527 eius
2221 2477 2300 2527 rei
2334 2475 2436 2529 sibi
2467 2480 2620 2543 copia

1566 2551 1748 2610 fieret,
1804 2551 1860 2599 et
1899 2550 2220 2614 impetravit.
2279 2552 2521 2615 Propert.
2558 2553 2617 2613 2,

1567 2626 1626 2685 Ι,
1676 2623 1767 2673 63:
1824 2625 2000 2684 Mysus
2028 2628 2077 2672 et
2118 2623 2400 2675 Haemonia
2432 2626 2628 2677 {weris

1571 2710 1677 2759 qua
1695 2697 1898 2759 cuspide
1916 2698 2094 2747 volnus
2112 2698 2371 2759 Senserat,
2395 2700 2491 2749 hac
2510 2701 2624 2761 ipsa

1569 2772 1775 2833 eufflide
1805 2772 1953 2821 sensit
1985 2772 2618 2835 opoen.}1ygin.1²'.w⁴.

1573 2872 1632 2881 —
1654 2849 1882 2907 nepotem
1901 2844 2155 2909 Ner-eim]
2180 2848 2365 2895 natum
2389 2859 2456 2896 ex
2476 2847 2619 2898 The-

1568 2917 1711 2980 tide,
1748 2919 1907 2969 Nerei
1940 2918 2064 2968 filia.

1635 2993 1814 3042 44-48.
1856 2993 2069 3054 Πηωενσ]
2096 2989 2257 3056 (Iliad.
2285 3007 2341 3054 σ,
2367 2993 2493 3043 350:
2520 2996 2623 3044 Pa-

1567 3064 1799 3116 troclum
1821 3068 2093 3116 mortuum
2116 3066 2218 3116 καὶ
2238 3062 2369 3116 τότε
2388 3062 2462 3132 δὴ
2487 3063 2624 3118 λοῦ-

1568 3135 1682 3188 σάν
1721 3153 1784 3188 τε
1825 3139 1925 3190 καὶ
1966 3132 2222 3204 ἤλειψαν
2267 3138 2380 3191 λίπ’
2426 3139 2616 3208 ἐλαίῳ.

1566 3214 1800 3264 Ennius:
1862 3215 2099 3264 Tarcm‘m‘
2139 3228 2323 3277 cor-pus
2372 3214 2505 3265 bona
2540 3217 2625 3279 ses·

1564 3289 1708 3338 nmina
1738 3288 1865 3337 lavit
1896 3293 1944 3338 et
1961 3288 2154 3353 unxit.)
2204 3289 2368 3351 Magis
2401 3292 2620 3353 poetam

1566 3360 1800 3412 decebat
1831 3375 1996 3412 unam
2028 3360 2201 3412 luctus
2234 3363 2445 3426 partem
2475 3375 2622 3413 com-

1567 3447 1871 3485 memorare
1890 3448 2055 3497 quam
2076 3435 2309 3498 generali
2332 3434 2499 3485 verbo
2525 3437 2616 3496 um

1568 3522 1745 3571 neque
1788 3511 2105 3571 propterea,
2160 3508 2303 3570 quod
2353 3509 2618 3559 Homerus

1565 3579 1712 3631 Iliad.
1749 3596 1824 3642 ω,
1862 3581 1975 3630 777.
2013 3594 2121 3631 non
2154 3583 2335 3631 narrat
2377 3581 2619 3632 Hectoris

1566 3667 1764 3718 corpus
1787 3667 1819 3703 a
1840 3653 2097 3705 matronis
2130 3655 2368 3704 Troianis
2396 3656 2620 3705 unctum

1565 3741 1717 3788 esse,
1754 3726 2171 3791 praeferendum
2205 3730 2321 3777 erat
2351 3742 2402 3778 v.
2437 3728 2616 3780 luxere

1566 3814 1691 3851 cum
1724 3798 1962 3851 Bentleio
2004 3801 2122 3864 qui,
2178 3813 2303 3851 cum
2351 3801 2492 3853 hanc
2536 3800 2619 3852 le-

1565 3877 1800 3925 ctionem
1845 3875 2039 3924 eximio
2076 3877 2320 3925 acumine
2356 3874 2617 3926 defende-

1564 3950 1673 4009 ret,
1701 3947 1805 3997 hoc
1829 3946 2010 3998 tamen
2032 3962 2138 3999 non
2165 3950 2437 4012 cogitavit,
2470 3950 2617 4012 quod

1564 4023 1712 4071 recte
1750 4024 1933 4071 contra
1968 4024 2175 4073 monuit
2205 4024 2454 4075 Bothius:
2504 4024 2616 4074 «Ad

1562 4095 1832 4158 {mendum
1866 4107 1972 4145 non
2002 4109 2139 4160 opus
2161 4099 2276 4147 erat
2307 4095 2612 4161 precibus.»

1561 4168 1715 4219 Idem
1747 4167 1891 4218 valet
1923 4167 1992 4219 de
2026 4169 2121 4220 Ed.
2160 4171 2305 4221 Leid.
2341 4172 2606 4221 Peenoeere.

441 4237 640 4288 Achille
655 4277 668 4300 ,
706 4253 869 4302 quem
903 4243 1066 4293 armis
1088 4245 1145 4291 et
1165 4254 1328 4293 manu
1350 4242 1488 4294 facta
1567 4270 1623 4280 —
1645 4242 1917 4304 addictum
1945 4241 2298 4295 «destinatum
2320 4243 2389 4294 ab
2412 4242 2611 4294 Achille

614 4330 798 4379 Hoaxr.
833 4344 942 4378 vor..
979 4332 1012 4379 1.
1073 4344 1151 4379 sn.
1184 4343 1338 4379 unos
1368 4331 1438 4379 111.

2222 4334 2275 4378 47
