3234 4975
653 403 776 467 226
1423 403 1679 452 nolum
1714 393 2051 451 CARMINUM

1330 555 1620 623 Dedecet
1664 557 1756 621 uti
2737 557 2819 619 ΞΟ

990 714 1298 789 Vocibus,
1348 736 1619 801 regnum
1663 724 1728 779 et
1772 712 2073 778 diadema
2117 721 2324 777 tutum

990 837 1301 902 Deferens
1345 835 1457 900 uni
1502 834 1964 921 propriamque
2009 832 2292 905 laurum,

988 957 1297 1044 Quisquis
1342 957 1636 1043 ingentes
1681 954 1870 1021 oculo
1917 954 2225 1021 inretorto

1325 1077 1586 1163 Spectat
1634 1096 1922 1142 acervos,

777 1260 857 1308 23.
896 1258 1109 1321 inqentis
1140 1258 1229 1306 Be.
1276 1282 1330 1291 —-
1368 1256 1608 1305 inretorto
1645 1254 1812 1303 Codd.
1853 1257 1988 1315 mei,
2029 1256 2188 1304 etiam
2224 1255 2284 1305 d:
2325 1257 2560 1305 irretorto
2596 1258 2689 1306 MJ.

643 1418 833 1476 docet,
885 1416 1047 1479 idque
1092 1414 1348 1464 iudicium
1393 1416 1453 1463 ut
1476 1413 1692 1464 tandem

644 1492 868 1543 missum
910 1490 1091 1549 faciat,
1142 1487 1382 1539 suadet.»
1455 1487 1690 1549 (Etenim

642 1565 730 1614 hic
791 1576 1004 1628 quoque
1061 1564 1259 1613 dedocet
1305 1573 1458 1611 suam
1492 1561 1692 1623 signifi·-

642 1639 909 1689 cationem
938 1640 1133 1687 retinet
1154 1650 1255 1686 nec
1278 1634 1586 1700 simpliciter
1608 1639 1693 1686 est

642 1711 822 1773 docet.)
903 1711 1202 1761 Recordare
1260 1710 1348 1759 hic
1399 1707 1522 1759 illud
1577 1712 1690 1760 Me-

641 1785 828 1836 nandri
880 1784 1021 1849 apud
1070 1783 1202 1834 Plut.
1251 1784 1319 1833 de
1369 1783 1492 1833 aud.
1541 1787 1684 1847 poet.

638 1874 693 1924 p.
748 1860 829 1910 93.
872 1860 1070 1921 wytt:
1114 1852 1306 1917 ’Έχων
1357 1855 1419 1908 δὲ
1469 1854 1688 1922 πολλὴν

641 1927 851 1984 οὐσίαν
873 1933 973 1982 καὶ.
997 1928 1273 1993 πλούσιος
1297 1930 1552 1995 Καλοῦμ’
1573 1926 1687 1983 ὑπὸ

641 2004 893 2070 πάντων,
928 2004 1216 2077 μακάριος
1239 2004 1286 2056 δ’
1313 2001 1404 2057 ὑπ’
1430 2003 1683 2068 οὐδενός.

705 2084 788 2133 2⁴.
832 2083 1052 2146 Vocibus]
1087 2082 1325 2145 Thucyd.
1352 2082 1411 2142 3,
1449 2083 1542 2131 82:
1581 2078 1689 2146 τὴν

639 2157 912 2209 εἰωθυῖαν
957 2152 1200 2220 ἀξίωσιν
1232 2154 1346 2206 τῶν
1381 2151 1688 2220 ὀνομάτων

638 2230 699 2295 ἐς
732 2227 805 2281 τὰ
825 2226 965 2302 ἔργα
987 2225 1348 2296 ἀντήλλαξαν
1370 2228 1440 2301 τῇ
1464 2228 1690 2282 δικαιώ-

639 2321 747 2357 σει.
788 2304 889 2356 Sal.
919 2304 1069 2356 Catil.
1096 2306 1189 2355 52:
1226 2306 1525 2367 iampridem
1547 2333 1577 2343 -
1599 2320 1690 2355 nos

634 2394 762 2429 vora
790 2393 964 2429 rerum
995 2379 1243 2429 vocabula
1279 2380 1551 2429 amisimus,

704 2455 787 2505 22.
822 2455 1186 2517 propriamque
1219 2453 1438 2519 laurum]
1486 2457 1545 2504 ut
1578 2456 1683 2505 Sat.

635 2531 688 2590 2,
715 2529 770 2590 6,
808 2531 865 2578 5:
896 2530 1116 2591 propria
1135 2543 1364 2579 munera.
1413 2528 1689 2580 Declama-

638 2606 722 2653 tor
755 2604 880 2668 post
911 2602 1026 2652 red.
1053 2604 1107 2652 in
1125 2605 1245 2653 Sen.
1274 2603 1323 2666 ἓ.
1347 2604 1460 2653 40.;
1498 2604 1541 2652 si
1562 2605 1688 2654 illud

636 2703 664 2714 -
687 2702 717 2712 -
732 2690 953 2739 perenne
986 2690 1048 2727 ac
1074 2678 1343 2740 proprium
1374 2690 1580 2728 manere
1593 2692 1689 2740 po-

635 2751 818 2800 Msset.
858 2751 999 2814 Virg.
1038 2754 1167 2802 Aen.
1206 2753 1263 2812 3,
1301 2753 1394 2802 85:
1443 2754 1528 2802 Da
1556 2767 1686 2815 pro-

628 2826 833 2886 priam,
892 2826 1218 2887 Thymbraee,
1271 2828 1473 2876 domum
1504 2855 1533 2864 -
1566 2854 1596 2863 -
1639 2832 1686 2876 et

633 2912 932 2949 mansuram
962 2899 1152 2949 urbem.
1225 2903 1317 2951 Est
1345 2914 1498 2963 ergo:
1540 2900 1685 2951 «lau-

634 2986 756 3023 rum
791 2975 1097 3024 manentem
1121 2976 1281 3036 atque
1307 2977 1559 3033 certam»;
1598 2988 1688 3024 co-

635 3059 799 3096 ronae
840 3049 1022 3096 autem
1068 3044 1280 3097 laureae
1327 3061 1515 3110 regum
1553 3049 1686 3099 insi-

635 3120 772 3183 gnia.
843 3121 953 3171 Iam
988 3121 1287 3172 Stoicorum
1327 3124 1439 3171 erat
1473 3124 1686 3173 senten-

636 3196 707 3245 tia
761 3207 946 3257 regem
997 3208 1119 3245 esse
1168 3208 1336 3246 unum
1387 3197 1684 3260 sapientem

637 3267 783 3318 illum
817 3269 1134 3332 perfectum,
1173 3282 1335 3332 quem
1370 3272 1547 3322 animo
1583 3271 1684 3322 sibi

635 3341 996 3393 informarant.

701 3417 783 3467 23.
821 3417 1080 3482 inretorto]
1121 3418 1370 3482 «Sapiens
1391 3417 1528 3468 adeo
1553 3432 1686 3470 con-

634 3491 826 3542 temnit
873 3492 1154 3542 thesauros
1175 3530 1187 3552 ,
1238 3505 1412 3555 aequo
1447 3495 1501 3542 et
1540 3495 1687 3544 tran-

637 3564 797 3630 quillo
852 3567 1030 3616 animo
1087 3579 1181 3617 eos
1244 3567 1573 3629 praeteriens
1632 3571 1686 3619 et

635 3639 849 3699 videnS,
902 3641 963 3689 ut
1003 3652 1071 3689 ne
1116 3642 1430 3703 retorquere
1465 3643 1684 3705 quidem

636 3712 821 3764 oculos
856 3713 925 3763 ad
958 3712 1074 3764 illos
1106 3716 1266 3777 atque
1301 3714 1386 3765 vel
1420 3729 1521 3779 per
1541 3719 1684 3767 tem-

635 3787 780 3851 poris
825 3790 1086 3850 punctum
1131 3801 1226 3837 eos
1270 3790 1460 3840 intueri
1495 3791 1683 3855 digne-

635 3862 752 3921 tur,
790 3873 915 3912 cum
949 3863 1200 3913 incensus
1234 3864 1520 3928 cupiditate
1554 3880 1683 3916 ava-

636 3948 727 3986 rus
761 3935 1053 3987 identidem
1085 3950 1149 3987 ac
1183 3938 1273 3988 diu
1306 3939 1375 3990 ad
1398 3941 1511 3990 auri
1534 3955 1684 3993 acer-

1765 1426 1863 1462 vos
1898 1414 2239 1476 respecturus
2275 1412 2411 1462 foret
2445 1426 2646 1477 eosque
2682 1413 2815 1478 legi-

1767 1488 1895 1536 timo
1929 1487 2226 1551 possessori
2261 1486 2572 1538 invideret.»
2621 1491 2815 1539 «Grae-

1766 1573 1954 1609 corum
2005 1563 2088 1610 est
2130 1553 2567 1631 ἄμεταστρεπτι.
2641 1561 2814 1625 (Plato

1764 1634 1833 1684 de
1889 1635 2046 1697 Legg.
2107 1634 2166 1695 9,
2225 1634 2338 1685 854.
2395 1637 2484 1686 C.:
2544 1631 2647 1698 τὰς
2700 1634 2813 1686 τῶν

1763 1705 1957 1759 κακῶν
2005 1705 2316 1771 ξυνουσίας
2364 1707 2544 1776 φεῦγε
2598 1704 2815 1775 ἀμετα-

1763 1782 2037 1852 στρεπτί.)
2073 1782 2349 1835 Efficacior
2389 1788 2571 1836 autem
2605 1790 2659 1835 et
2699 1787 2814 1836 evi-

1761 1857 1973 1907 dentior
2010 1858 2094 1908 est
2131 1858 2336 1921 imago,
2386 1872 2549 1922 quam
2587 1859 2814 1924 praebet

1761 1933 1932 1982 octtlus
1951 1932 2238 1992 inmortua,
2266 1945 2452 1995 quam:
2483 1947 2620 1984 «non
2642 1937 2815 1984 trans-

1761 2019 1975 2068 versus,
2001 2020 2109 2056 non
2131 2005 2342 2056 limus.»
2383 2007 2615 2069 (noculo,
2647 2021 2811 2072 quem

1761 2094 1870 2129 non
1902 2082 2219 2143 retorquent
2251 2080 2304 2130 in
2339 2094 2398 2130 se
2437 2081 2662 2144 (Quintil.
2704 2084 2811 2132 De-

1761 2152 1916 2203 clam.
1954 2154 2011 2215 8,
2051 2154 2141 2217 8.)‚
2179 2168 2287 2204 non
2322 2157 2537 2218 captum
2561 2158 2712 2219 quasi
2745 2168 2809 2206 ac

1763 2228 1930 2278 fixum
1963 2230 2148 2278 tenent
2180 2229 2410 2278 acervi.»
2447 2231 2653 2292 Reum..)
2711 2232 2808 2290 Qui

1761 2303 1841 2351 sic
1897 2299 2183 2365 explicant:
2251 2303 2517 2368 inretorto]
2580 2304 2806 2365 «firm0,

1762 2378 1937 2436 τεοῖο,
1974 2370 2168 2438 ἀτενὲς
2191 2375 2515 2439 βλέποντι»,
2554 2392 2657 2429 non
2682 2379 2809 2429 satis

1760 2451 2056 2514 cogitarunt
2078 2451 2370 2503 admodum
2386 2451 2664 2503 ridiculam
2687 2465 2807 2504 esse

1759 2527 2011 2589 sapientis
2062 2528 2322 2578 eiusmodi
2375 2527 2541 2579 oculis
2592 2529 2810 2578 thesau-

1759 2613 1848 2651 ros
1884 2601 1998 2651 sine
2036 2599 2140 2651 ulla
2175 2603 2355 2652 tamen
2379 2601 2666 2666 cupiditate
2689 2615 2811 2665 spe-

1759 2675 1946 2724 ctantis
1981 2676 2285 2738 imaginem.
2356 2676 2604 2727 Similiter
2624 2680 2684 2726 ut
2706 2678 2808 2726 Ho-

1756 2751 1922 2798 ratius
1972 2751 2225 2812 Synesius
2277 2750 2345 2800 de
2397 2753 2575 2814 Regno
2621 2765 2674 2814 p.
2721 2750 2802 2802 54.

1757 2822 2003 2886 Krahing.
2016 2861 2028 2884 ,
2048 2826 2273 2888 uterque
2295 2825 2517 2878 sortasse
2529 2840 2594 2876 ex
2604 2829 2805 2876 Graeco

1760 2896 1902 2946 sonte
1927 2899 2240 2961 antiquiore,
2280 2899 2347 2949 de
2372 2901 2587 2952 homine
2611 2901 2805 2952 iniusto

1758 2972 1917 3033 atque
1952 2984 2138 3022 avaro:
2193 2968 2302 3022 οὐκ
2335 2972 2494 3037 εἰκός
2525 2990 2590 3040 γε
2623 2968 2805 3025 αὐτὸν

1758 3041 2106 3132 διαράμενον
2127 3046 2442 3118 βλοσυροῖς
2464 3044 2807 3115 ὀφθαλμοῖς

1756 3113 2107 3184 ἀντιβλέψαι
2159 3126 2408 3194 χρυσίῳ·
2465 3120 2805 3176 τούναντίον

1756 3193 1866 3260 μὲν
1910 3193 2253 3261 αἰδεσθῆναί
2295 3214 2358 3248 τε
2403 3200 2504 3249 καὶ
2539 3197 2806 3260 ἐνδοῦναι

1757 3271 1859 3320 καὶ
1923 3270 2269 3323 τελευτῶντα
2323 3269 2798 3345 περιπτύξασθαι.

1760 3344 1864 3394 Cir.
1903 3346 2065 3396 etiam
2086 3348 2298 3397 Luciau.
2326 3349 2512 3400 Piscat.
2539 3348 2632 3399 46:
2670 3362 2806 3417 προ-

1759 3419 1882 3482 θεὶς
1916 3421 2185 3510 χρυσίονἰ
2191 3422 2292 3472 καὶ
2322 3419 2503 3486 δόξαν
2535 3423 2636 3474 καὶ
2671 3418 2803 3488 ἡδο-

1757 3489 1884 3559 νήν,
1921 3490 1990 3544 ὃν
2009 3494 2119 3559 μὲν
2139 3511 2217 3544 αν
2240 3490 2432 3546 αὐτῶν
2454 3494 2581 3568 ἴδῃς
2604 3492 2806 3568 ὑπερο-

1757 3565 1946 3657 ρῶντα
1998 3572 2097 3621 καὶ
2149 3567 2437 3635 μηδαμῶς
2484 3551 2801 3637 ἑλκόμενον

1758 3639 1902 3715 πρὸς
1950 3641 2057 3710 τὴν
2108 3639 2281 3709 ὄψιν,
2335 3636 2510 3710 οὗτος
2559 3642 2711 3697 ἔστω
2739 3641 2798 3736 ’,ὁ

1756 3717 1833 3804 τῷ
1869 3716 2063 3786 θαλλῷ
2098 3716 2488 3785 στεφόμενος·
2540 3716 2611 3771 ὃν
2643 3719 2689 3771 δ’
2725 3737 2802 3771 αν

1752 3785 1949 3856 ἀτενὲς
1981 3788 2390 3855 ἀποβλέποντα
2420 3795 2521 3846 καὶ
2553 3791 2660 3861 τὴν
2679 3802 2802 3855 χεῖ-

1754 3883 1830 3938 ρα
1862 3861 2139 3958 ὀρέγοντα
2160 3868 2255 3920 ἐπὶ
2277 3865 2345 3919 τὸ
2365 3872 2628 3940 χρυσίον,
2653 3867 2803 3921 ἁπά-

1755 3957 1873 4008 γειν
1894 3940 2006 4013 χρὴ
2043 3942 2136 3995 ἐπὶ
2157 3939 2226 3994 τὸ
2249 3944 2582 4016 καυτήριον.
