3234 4975
1254 388 1372 437 Lm.
1413 389 1472 436 ΙΙ.
1545 389 1602 435 C.
1644 388 1704 437 X.

2483 384 2607 446 267

783 543 1058 607 Suscitat
1103 564 1352 607 musam
1397 564 1611 630 neque
1659 564 1918 628 semper
1962 562 2181 608 arcun]

1031 664 1256 730 Tendit
1307 663 1550 750 Apollo.

2527 663 2609 724 20

781 822 996 888 Rebus
1041 823 1327 909 angustis
1372 822 1701 887 animosus
1747 831 1940 909 atque

783 945 989 1009 Fortis
1035 964 1307 1031 appare3
1355 942 1682 1029 sapienter
1730 942 1899 1008 idem

786 1064 1138 1131 Contrahes
1181 1074 1373 1130 vento
1419 1065 1684 1130 nimium
1736 1063 2024 1130 secundo

1036 1185 1312 1272 Turgida
1355 1185 1518 1250 vela.

449 1511 564 1556 rae,
603 1497 722 1558 quia
750 1496 924 1546 minus
948 1496 1052 1545 iam
1077 1494 1251 1558 placet
1272 1497 1498 1545 citharae

451 1584 675 1629 thusam,
715 1570 766 1618 id
803 1572 900 1630 est,
937 1583 1148 1619 sonum.
1201 1570 1307 1619 Cfr.
1337 1572 1495 1620 etiam

453 1644 547 1693 Od.
586 1644 633 1703 4,
674 1646 762 1703 ⁴5,
803 1645 859 1693 ⁴:
896 1645 1501 1695 Phoebus--me--in-

451 1720 640 1781 crepuit
673 1720 805 1780 lyra.
855 1746 908 1755 —
953 1718 1305 1769 Simulacrum
1339 1718 1499 1782 Apol-

453 1793 568 1843 linis
604 1792 877 1856 tranquille
924 1792 1186 1852 sedentis‚
1237 1793 1500 1856 quemad-

455 1867 674 1917 modum
707 1869 749 1918 is
773 1870 826 1917 et
847 1869 1090 1918 Bacchus
1116 1868 1183 1918 ab
1209 1867 1499 1917 artificibus

453 1944 721 1993 rarissime
754 1942 1096 2002 exhibentur,
1133 1944 1294 2005 atque
1332 1942 1501 1991 eitha-

455 2031 570 2067 ram
596 2016 851 2081 pulsantis
884 2016 1110 2080 praebet
1132 2016 1370 2066 Gerhard
1393 2021 1498 2065 ant.

455 2094 630 2142 Bitdw.
665 2094 719 2141 T.
756 2092 990 2141 LXXXV.
1030 2093 1076 2140 4.
1110 2092 1157 2140 2.

520 2168 600 2215 Ἡ.
639 2168 719 2216 22.
775 2166 932 2215 Rebus
974 2165 1215 2228 augustis]
1259 2166 1310 2215 in
1346 2178 1502 2228 prosa

457 2242 692 2290 oratione
720 2240 975 2300 «dubiis»,
999 2241 1230 2289 misslich.
1258 2238 1391 2289 Alibi
1415 2253 1504 2289 res

458 2320 699 2378 angustae
732 2316 844 2364 sive
880 2319 1025 2363 artae
1062 2313 1231 2376 (Silius
1265 2314 1323 2373 2,
1371 2314 1503 2375 ⁴03.)

456 2390 768 2452 pauperiem
811 2390 1122 2450 significant.
1164 2414 1218 2421 —
1256 2388 1510 2437 animosus

458 2468 607 2525 atque
639 2462 817 2528 Fortis]
854 2464 1023 2525 lungit
1055 2462 1190 2512 haec
1233 2476 1317 2511 vv,
1347 2461 1508 2511 etiam

462 2539 648 2588 Cicero
675 2539 786 2588 Cat.
817 2538 940 2587 mai.
969 2538 1061 2596 20,
1095 2538 1182 2586 72:
1219 2551 1317 2598 quo
1337 2538 1418 2599 fit,
1453 2541 1509 2584 ut

459 2614 733 2663 animosior
747 2613 900 2661 etiam
915 2617 1136 2661 senectus
1155 2613 1218 2660 sit
1240 2617 1287 2660 et
1306 2611 1505 2673 sortior.

465 2715 520 2722 —
558 2687 766 2749 appare]
805 2689 1072 2736 «monstra
1109 2689 1159 2736 te
1196 2686 1388 2735 ceteris
1418 2686 1512 2733 ho-

463 2759 748 2810 minibus.»
784 2759 1003 2810 Rutilius
1027 2763 1205 2823 Lupus
1232 2762 1252 2808 4
1276 2798 1287 2819 ,
1317 2760 1336 2808 4
1363 2797 1374 2819 ,
1414 2759 1506 2808 47ε

461 2836 745 2884 Alexander
776 2837 993 2897 Maymzs
1010 2872 1022 2896 ‚
1068 2848 1182 2883 cum
1225 2835 1402 2894 atiqm
1431 2846 1512 2882 res

464 2909 616 2958 dub-ia
635 2910 919 2968 accidisset,
956 2909 1234 2970 apparebat
1256 2908 1515 2969 sapientis-

464 2985 631 3033 simus,
695 2983 826 3034 Male
862 2983 1212 3034 Scholiastae:
1269 2983 1512 3033 «obtem-

466 3071 646 3121 pera.»

526 3133 606 3182 23.
629 3134 897 3184 contrahe-s
906 3133 1067 3197 vento]
1083 3135 1285 3184 Desinit
1295 3146 1512 3183 carmen

1571 1496 1624 1545 in
1673 1495 1864 1545 eadem
1911 1494 2186 1558 allegoria,
2232 1509 2337 1558 qua
2374 1499 2425 1545 in
2462 1511 2620 1545 exor-

1570 1570 1658 1619 dio
1702 1573 1857 1633 poeta
1899 1584 2028 1620 usus
2069 1572 2200 1619 erat.
2278 1572 2391 1620 Vela
2428 1572 2615 1634 (passa)

1570 1646 1862 1694 contrahere
1897 1644 1997 1707 (vel
2021 1644 2325 1694 subtrahere.
2377 1648 2612 1708 Propert.

1572 1721 1630 1774 3.
1669 1720 1726 1777 9,
1764 1719 1853 1768 3οε
1900 1720 2163 1768 Ventorum
2182 1720 2352 1779 plenos
2372 1720 2621 1769 subtrahis

1571 1796 1675 1855 ipse
1707 1794 1905 1856 sinus),
1944 1787 2312 1843 ὑποστέλλειν
2346 1790 2416 1842 τὰ
2445 1794 2616 1852 ἱστία,

1573 1868 1756 1917 dicunt
1789 1868 1855 1917 de
1893 1868 2053 1917 modo
2076 1870 2347 1931 sapienter
2367 1867 2618 1928 tenend0‚

1573 1943 1666 1993 ubi
1702 1943 1861 1991 nimia
1897 1942 2101 1991 fortuna
2139 1942 2207 1992 ad
2232 1943 2425 1993 fastum
2451 1956 2514 1991 ac
2538 1956 2624 1992 su-

1574 2017 1819 2082 perbiam
1853 2031 1950 2068 nos
1984 2016 2157 2066 allicit.
2196 2017 2345 2067 Ovid.
2383 2019 2533 2067 Trist.
2572 2018 2621 2073 3,

1575 2091 1634 2152 4,
1693 2092 1782 2141 32:
1852 2092 2075 2154 fumida
2128 2092 2341 2140 ninnium
2395 2090 2627 2139 wbtimia

1576 2178 1767 2227 semper
1781 2167 2137 2227 Propositique,
2162 2179 2362 2226 precor,
2392 2164 2628 2213 contrahe

1576 2241 1690 2290 vela
1722 2241 1813 2289 tui.
1856 2267 1909 2275 —-
1949 2241 2175 2289 Confines
2211 2240 2379 2289 Codd.
2413 2238 2625 2288 Canteri

1579 2318 1711 2364 Nov.
1750 2316 1893 2363 Lect.
1931 2312 1988 2373 4,
2026 2316 2097 2374 2.,
2152 2313 2294 2362 uude
2332 2314 2444 2376 ipse
2479 2310 2627 2360 vole-

1580 2388 1674 2438 bat
1721 2389 1937 2448 contine,
1997 2386 2143 2450 quod
2188 2390 2367 2437 tamen
2414 2388 2627 2436 Latinae

1583 2461 1953 2513 consuetudini
1970 2462 2243 2525 repugnat.
2274 2462 2433 2523 Iunge
2448 2462 2629 2510 autem

1584 2551 1708 2586 cum
1766 2539 1969 2585 Seneca
2024 2535 2057 2585 1.
2103 2534 2138 2584 l.
2177 2534 2373 2598 (ventos
2420 2536 2631 2583 nimium

1581 2609 1714 2674 suos)
1733 2611 1785 2659 h.
1808 2609 1841 2661 1.
1861 2616 2005 2660 vento
2020 2611 2231 2659 nimium
2252 2612 2483 2669 secundo,
2510 2608 2629 2670 «qui

1584 2685 1729 2735 initio
1788 2683 2005 2746 quidem
2065 2683 2277 2732 videtui·
2332 2682 2629 2740 sccundu3‚

1585 2772 1804 2821 semper
1851 2761 2030 2808 autem
2082 2769 2333 2806 crescens
2379 2759 2538 2818 atque
2580 2756 2632 2803 in

1587 2846 1780 2882 navem
1846 2832 2217 2881 vehementius
2279 2831 2633 2893 praecipitans

1589 2920 1709 2956 eam
1767 2906 1984 2957 tandem
2039 2904 2400 2966 subruet-gin»
2462 2904 2636 2953 neuti-

1588 2995 1752 3047 quam
1786 2996 1914 3030 vero
1949 2993 2073 3030 cum
2097 2978 2484 3029 recentioribus
2509 2991 2637 3028 non-

1589 3056 1770 3107 nullis:
1822 3057 2035 3105 nandum
2076 3054 2283 3117 turgida
2312 3054 2449 3112 veta,
2496 3065 2634 3114 quae

1588 3133 1721 3181 ratio
1754 3131 2063 3195 pedestrem
2086 3126 2293 3179 redolet
2321 3128 2633 3176 orationem.
