3234 4975
640 399 762 463 652

1461 401 1720 452 HonA’ru
1754 400 2007 450 EPODON

1056 558 1431 643 Prospectat
1471 565 1761 622 errantes
1804 575 2067 642 greges,

975 676 1369 765 Inutilesque
1413 676 1578 743 falce
1627 697 1841 742 ramos
1887 685 2226 762 amputans

1056 797 1405 865 Feliciores
1451 798 1707 870 inserit,

972 922 1094 985 Aut
1135 939 1363 1005 pressa
1407 919 1587 1005 puris
1635 916 1833 984 mella
1877 917 2098 984 condit
2142 916 2495 1004 amphoris,
2728 916 2808 981 4ο

1035 1040 1175 1114 ,Aut
1215 1038 1436 1105 tondet
1481 1038 1765 1104 infirmas
1808 1058 2010 1116 oves;

967 1157 1078 1224 Vel
1124 1180 1271 1226 cum
1316 1158 1629 1226 decorum
1674 1158 1937 1226 mitibus
1982 1160 2192 1246 pomis
2237 1168 2430 1246 caput

1057 1282 1455 1346 Auctumnus
1501 1281 1674 1367 agris
1721 1279 1980 1354 extulit,

972 1401 1049 1469 Ut
1091 1400 1331 1487 gaudet
1373 1401 1625 1467 insitiva
1669 1400 2030 1488 decerpens
2074 1402 2254 1488 pira,

764 1579 841 1628 43.
878 1578 1170 1640 lamnisque
1190 1579 1259 1638 Β,
1294 1578 1550 1628 Ιηιιιίὶόευο
1580 1578 1749 1628 Bentl.
1777 1580 1913 1629 coni.
1945 1606 1996 1615 —
2042 1579 2120 1629 48.
2160 1577 2388 1637 ami-sb,
2429 1578 2562 1628 Pott.
2592 1580 2741 1641 quat·

700 1655 820 1703 tuor
840 1691 851 1712 ,
891 1653 997 1702 LCt
1031 1653 1155 1716 (non
1178 1652 1324 1702 BScd
1346 1691 1357 1712 ,
1396 1650 1579 1702 Bland.
1608 1655 1860 1716 quattuor
1881 1691 1893 1712 ‚
1929 1651 2081 1719 βγκ).
2123 1679 2179 1689 -
2222 1653 2299 1703 49.
2326 1653 2423 1702 Aut
2444 1651 2497 1702 d.
2529 1678 2583 1689 -
2616 1653 2740 1714 pira

697 1729 736 1777 B
772 1726 964 1791 aliique
1000 1727 1200 1778 Codd.:
1237 1725 1524 1791 pleraeque
1560 1726 1693 1777 Edd.
1723 1740 1880 1790 pyra.

635 1877 687 1926 in
722 1876 849 1939 ipsis
874 1875 1194 1925 intervenire
1214 1877 1393 1940 potest
1416 1877 1474 1925 et
1492 1873 1681 1926 solet.»

632 1951 879 2000 Beuum.
940 1977 995 1985 —
1064 1951 1276 1999 reducta
1314 1949 1472 2013 valle]
1531 1948 1682 1999 Idem

633 2023 899 2074 ἐπίθετον
955 2022 1052 2072 Od.
1096 2024 1158 2083 4,
1203 2024 1291 2083 47,
1337 2023 1432 2083 47,
1476 2021 1588 2072 sere
1623 2024 1685 2072 ut

634 2109 733 2147 nos
758 2098 837 2146 die
859 2096 1146 2160 αηηνωυιίρο
1170 2097 1425 2160 Winduny
1446 2097 1530 2145 dos
1551 2096 1683 2145 Tha-

631 2172 715 2221 10⁸.
757 2194 811 2205 -
863 2170 981 2232 falx
1014 2168 1243 2234 (Hippo)
1294 2170 1680 2229 frondatorum,

632 2246 966 2309 putatorum,
1004 2257 1110 2294 non
1144 2246 1320 2295 minus
1354 2257 1518 2308 quam
1544 2256 1687 2294 mes-

633 2329 816 2368 sorum
851 2316 1061 2381 (socula,
1098 2318 1346 2382 sichel).
1388 2345 1443 2354 -
1480 2318 1684 2368 Felicio-

631 2392 728 2455 res]
767 2393 956 2441 Fronto
992 2392 1061 2442 ad
1097 2393 1253 2442 amic.
1289 2392 1351 2453 2,
1380 2392 1428 2441 6.
1466 2406 1519 2456 p.
1563 2391 1679 2442 304.

634 2468 817 2518 Rom:
870 2467 1022 2531 Leges
1051 2466 1325 2530 pleraeque
1358 2478 1528 2528 poena
1561 2479 1686 2515 san-

632 2542 794 2603 ciunt,
837 2555 901 2591 πο
934 2543 1047 2602 quis
1072 2542 1265 2605 felicem
1293 2540 1526 2590 arborem
1567 2552 1684 2589 suc-

634 2615 787 2664 cidat.
845 2615 1107 2676 Quaenam
1128 2619 1198 2665 ost
1219 2614 1419 2664 arboris
1435 2613 1684 2677 solicitas?

633 2688 779 2738 flami
819 2688 1019 2751 semmai
1055 2693 1103 2739 et
1137 2688 1401 2751 waiferi,
1470 2687 1605 2737 bacis
1638 2692 1685 2738 et

630 2763 797 2825 pomis
828 2764 1008 2813 οηωιᾶ.

701 2838 765 2885 45
788 2862 816 2871 -
840 2837 920 2886 20.
954 2837 1147 2900 pressa]
1185 2834 1448 2895 mellati03
1484 2834 1591 2886 mel
1615 2848 1681 2885 ex

634 2908 766 2959 favis
787 2909 839 2958 in
862 2907 1156 2972 saligneum
1179 2909 1398 2973 qualum
1416 2909 1683 2972 congestis

635 2995 977 3047 expressum,
1028 2982 1336 3046 eliquatum.
1396 2984 1537 3046 virg.
1586 2985 1678 3032 Ge.

634 3055 700 3115 4,
749 3055 870 3105 ⁴40:
938 3057 1229 3118 spumantia
1278 3069 1455 3120 cogere
1497 3057 1686 3118 pressis

632 3128 788 3179 noua
817 3129 966 3190 savis.
1022 3128 1227 3179 Colum.
1255 3130 1311 3190 9,
1339 3132 1429 3191 45,
1457 3130 1551 3180 43ε
1593 3130 1683 3179 Ubi

634 3201 882 3263 liquatum
912 3203 1010 3251 mol
1054 3203 1100 3263 (e
1138 3201 1285 3265 savis)
1321 3205 1375 3252 in
1410 3203 1683 3253 mota-ann

633 3276 833 3325 alveum
866 3276 1106 3340 defluxit,
1143 3278 1448 3339 transfertur
1478 3279 1533 3327 in
1552 3291 1682 3327 vasa

630 3350 823 3415 fictilia.
864 3348 1055 3401 Pallad.
1099 3352 1211 3400 lun.
1238 3352 1290 3400 7:
1328 3351 1495 3401 Heme
1536 3353 1683 3402 lunio

633 3426 867 3475 alvom-ia
897 3425 1256 3475 castrabantur
1274 3453 1304 3463 -
1324 3452 1354 3463 -
1372 3431 1580 3477 matura
1612 3429 1683 3478 ad

631 3501 790 3550 mollis
821 3499 1052 3549 reditun.
1100 3527 1154 3536 -—-
1192 3501 1435 3565 infirmas]
1473 3501 1681 3552 «imbe-

634 3574 831 3625 cillas.»
872 3575 1033 3625 Voss:
1071 3575 1201 3624 Bata
1235 3575 1324 3625 <ibt
1361 3589 1418 3624 er
1458 3581 1682 3625 zar-ter

633 3650 907 3712 Schafchen
928 3649 1109 3699 Sohar.
1158 3649 1307 3699 ovid.
1334 3649 1412 3700 lb.
1440 3648 1529 3699 43:
1566 3650 1681 3699 Pax

632 3724 730 3773 orit
754 3723 876 3773 haec
902 3722 1069 3784 nobis,
1112 3724 1265 3773 dorice
1293 3724 1415 3773 mihi
1442 3723 1549 3772 vica
1568 3735 1682 3771 ma-

633 3798 794 3857 nobit,
832 3798 956 3848 cum
991 3810 1219 3859 pecore
1254 3798 1509 3861 infirmo
1548 3810 1681 3859 quae

633 3872 753 3922 solet
784 3884 884 3921 esse
915 3871 1061 3932 lupis.
1107 3871 1169 3921 V.
1212 3871 1337 3921 Exc.
1380 3872 1440 3920 11.
1491 3899 1544 3907 —-
1600 3871 1684 3921 Vel

633 3945 765 4009 mun]
819 3946 904 3994 Sic
940 3944 1106 4008 Epod.
1145 3945 1233 4005 42,
1270 3945 1366 3994 ⁴3:
1442 3944 1524 3994 Vel
1567 3957 1683 3994 moa

633 4033 749 4070 rum
802 4019 963 4069 saevis
1010 4020 1173 4083 agitat
1235 4019 1444 4081 fastidia
1501 4019 1679 4069 verbis.

638 4095 745 4144 Sat.
791 4094 845 4153 2,
890 4094 948 4151 7,
993 4092 1088 4141 95:
1169 4093 1250 4143 Vel
1281 4106 1396 4144 cum
1431 4093 1681 4144 Pausiaca

1758 1888 1883 1926 cum
1907 1874 2219 1936 obiecisset,
2255 1876 2327 1926 ita
2347 1876 2546 1939 pergit:
2592 1875 2672 1925 Vol
2690 1888 2807 1924 cum

1756 1963 1807 1999 so
1834 1951 2081 2012 pavidum
2116 1955 2295 1999 contra
2326 1962 2442 1999 mea
2464 1950 2637 2013 iurgia
2660 1949 2807 2013 flnqit

1756 2024 1974 2088 Artificis
2037 2024 2209 2085 scelus,
2284 2023 2352 2073 ad
2411 2036 2574 2087 quem
2625 2021 2803 2072 locum

1757 2098 1992 2160 Wagner
2012 2099 2188 2147 recte:
2234 2098 2354 2148 «Vel
2385 2098 2465 2147 sic
2490 2098 2803 2160 usurpatum

1759 2183 1879 2220 eam
1914 2171 2080 2221 habet
2111 2173 2427 2236 potestatem
2450 2210 2462 2231 ‚
2516 2173 2577 2220 ut
2608 2169 2804 2220 transi-

1759 2246 1876 2294 tum
1898 2247 2054 2308 paret
2085 2245 2153 2295 ad
2188 2243 2287 2294 alia
2311 2283 2322 2305 ,
2358 2258 2474 2294 omn
2498 2245 2714 2308 respicit
2734 2243 2805 2292 ad

1756 2331 2126 2382 praegressa.»
2199 2317 2350 2370 Haud
2401 2321 2549 2369 recte
2593 2317 2803 2368 Monich

1754 2391 1834 2442 vel
1886 2392 2053 2442 iunxit
2100 2405 2225 2442 cum
2274 2405 2324 2440 v.
2376 2391 2490 2442 libet
2531 2405 2583 2441 v.
2619 2392 2701 2441 23.
2745 2419 2799 2427 —

1755 2465 2085 2530 ductumnus]
2133 2467 2286 2530 quasi
2320 2466 2488 2526 deus,
2547 2467 2607 2516 ut
2638 2467 2803 2516 Grae-

1758 2552 1945 2590 corum
1980 2538 2248 2589 ΟΠΩΡΑ.
2287 2539 2523 2590 Avellino
2556 2540 2686 2589 Bau.
2712 2540 2798 2589 111.

1758 2627 1811 2678 p.
1840 2614 1955 2664 446.
1994 2642 2049 2650 -
2088 2614 2245 2679 agris]
2280 2615 2467 2679 Aptius
2499 2613 2605 2663 hoc
2638 2626 2801 2677 quam

1757 2686 1981 2738 aliorum
2014 2689 2182 2749 arvis,
2220 2701 2344 2738 cum
2378 2700 2565 2737 armam
2584 2689 2799 2752 proprie

1757 2763 1856 2823 sit,
1895 2762 2041 2826 quod
2065 2763 2297 2813 cuiusvis
2319 2762 2529 2824 generis
2563 2761 2803 2812 frumen-

1758 2838 1872 2887 tum
1924 2835 2057 2895 ἴση,
2125 2849 2251 2900 ayor
2304 2837 2489 2886 contra
2544 2834 2693 2886 locus
2748 2836 2800 2884 in

1759 2922 1881 2959 rure
1901 2947 1913 2969 ,
1962 2912 2051 2972 qui
2088 2908 2442 2972 qualicunque
2477 2908 2637 2959 modo
2672 2907 2802 2958 coli-

1758 2988 1871 3043 tur,
1941 2984 2102 3033 etiam
2159 2982 2441 3033 arboribus
2496 2985 2552 3033 et
2604 2981 2801 3032 vitibus

1757 3057 2022 3117 consituS,
2059 3059 2119 3106 ut
2152 3056 2239 3106 hic
2274 3059 2330 3107 et
2361 3057 2503 3119 virg.
2541 3059 2634 3106 Ge.
2660 3057 2710 3117 2,
2734 3055 2795 3106 4:

1749 3137 1901 3194 pater
1948 3145 1979 3180 ο
2027 3133 2241 3192 Lenaee,
2282 3157 2312 3168 -
2348 3158 2379 3168 -
2417 3131 2507 3180 tibi
2532 3132 2802 3194 pampinea

1754 3206 1997 3270 gravidus
2028 3211 2296 3255 auctumno
2329 3206 2493 3254 Floret
2524 3218 2663 3269 aqer.
2723 3205 2799 3254 De

1755 3278 1948 3329 crebra
1995 3280 2271 3343 utriusque
2319 3292 2436 3329 voc.
2492 3278 2797 3329 confusione

1756 3353 1852 3403 cfr.
1878 3352 2146 3403 Drakenb.
2174 3353 2241 3403 ad
2266 3351 2352 3403 Sil.
2380 3351 2489 3403 ltal.
2513 3354 2574 3413 ὅ,
2598 3352 2713 3402 260.
2740 3380 2795 3388 —

1753 3427 2322 3492 matach-womarus]
2358 3428 2416 3476 ut
2439 3428 2643 3477 Graeci.
2677 3420 2803 3491 ἥδε-

1752 3516 1847 3552 ται
1863 3500 2100 3572 δρέπων.
2127 3529 2181 3538 -
2206 3501 2425 3564 insitiva]
2461 3500 2560 3550 «ab
2586 3502 2700 3564 ipso
2724 3501 2802 3550 in-

1754 3579 1948 3627 serta.»
1987 3601 2041 3612 -
2098 3576 2379 3627 certantem
2401 3601 2433 3612 -
2463 3601 2493 3611 -
2517 3574 2798 3639 purpurae]

1755 3663 1924 3713 «quae
1944 3649 2121 3699 colore
2140 3648 2438 3701 aemulatur
2453 3661 2763 3713 purpuram.
2776 3670 2800 3693 a

1754 3724 2029 3787 Proprium
2073 3723 2260 3774 vitium
2305 3734 2474 3786 genus
2514 3736 2805 3784 pta-parm

1755 3796 2004 3847 dicuntur
2021 3796 2160 3859 Virg.
2188 3800 2280 3847 Ge.
2307 3797 2357 3857 2,
2383 3796 2476 3846 95:
2510 3798 2804 3859 Rapui-eae

1746 3871 2046 3933 predaeque
2090 3873 2222 3931 cet.,
2271 3870 2414 3920 unde
2448 3870 2597 3920 fluxit
2630 3870 2801 3920 Scho-

1754 3943 1857 3994 lion
1910 3944 2054 3995 haud
2100 3944 2254 3995 nimis
2299 3945 2600 4008 appositum
2635 3944 2802 3994 Com-

1756 4022 1920 4070 ment.
1960 4020 2123 4082 Cruq.
2161 4019 2229 4069 ad
2266 4019 2317 4068 h.
2346 4017 2417 4067 l.:
2458 4019 2622 4075 «Eae,
2659 4031 2800 4081 quae

1757 4093 1968 4157 preciae
2005 4092 2302 4142 dicuntur.»
2355 4092 2457 4142 Sed
2492 4094 2545 4143 h.
2572 4090 2607 4142 1.
2650 4106 2801 4158 γενι-

637 4174 827 4231 ιοφοε,
865 4169 1066 4229 insane,
1113 4168 1310 4219 tabella.
1370 4170 1508 4233 virg.
1546 4171 1676 4220 Aen.
1754 4164 1871 4229 κῶς
1903 4180 2039 4216 uvae
2075 4166 2354 4217 cuiuslibet
2386 4166 2621 4216 colorem
2646 4178 2801 4215 com-

638 4245 723 4303 44,
751 4242 896 4303 406,
934 4241 1025 4292 ubi
1059 4244 1265 4294 Turnus
1304 4244 1542 4294 Drancae
1580 4241 1676 4293 alia
1754 4244 1906 4306 parat
1923 4254 2209 4306 purpurae.
2233 4240 2657 4302 Csr.0d.2,5,⁴0
2674 4252 2796 4303 sqq.
