3234 4975
1222 388 1424 440 unm.
1496 387 1692 440 cmm.
1730 390 1858 440 xv1.
2516 385 2627 450 731

553 547 711 620 Vos,
760 544 999 631 quibus
1045 554 1145 610 est
1186 544 1420 620 virtuS‚
1469 541 1853 610 muliebrem
1897 542 2094 610 tollite
2136 542 2378 609 luctum

638 665 906 731 Etrusca
951 673 1211 751 praeter
1253 674 1320 730 et
1359 662 1572 731 volate
1619 663 1823 731 litora.
2556 665 2637 728 40

547 787 679 851 Nos
722 794 938 851 manet
980 786 1286 851 Oceanus
1331 785 1816 872 circumvagus:
1865 806 2046 862 arva,
2092 785 2282 853 beata

633 909 933 972 Petamus
978 926 1133 971 arva
1175 905 1408 972 divites
1453 915 1519 973 et
1562 905 1838 978 insulas,

549 1026 781 1094 Reddit
824 1025 937 1093 ubi
980 1027 1291 1093 Cererem
1334 1025 1524 1093 tellus
1571 1027 1818 1095 inarata
1860 1028 2202 1115 quotannis

632 1148 709 1213 Et
752 1148 1061 1234 imputata
1106 1145 1294 1213 floret
1333 1167 1546 1234 usque
1589 1148 1808 1224 vinea,

547 1267 875 1334 Germinat
916 1278 981 1334 et
1023 1287 1356 1354 nunquam
1400 1266 1673 1335 fallentis
1718 1277 1959 1335 termes
2003 1269 2242 1346 olivae,
2464 1301 2472 1310 ·
2555 1270 2637 1335 45

632 1389 964 1475 Suamque
1006 1386 1183 1474 pulla
1226 1386 1390 1455 ficus
1433 1399 1621 1455 ornat
1664 1389 2000 1466 arborem,

591 1566 672 1616 39.
710 1570 781 1616 est
813 1565 1015 1615 aniame
1048 1564 1338 1629 «Excerpta
1372 1564 1662 1617 Bodleiana
1698 1565 1888 1616 CCCC.
1916 1578 2214 1617 annorum»
2251 1566 2394 1632 apud
2416 1568 2573 1619 Bent-

524 1639 704 1690 leium.
745 1664 800 1675 -
840 1639 923 1691 44.
960 1639 1313 1703 &emmaque
1342 1653 1476 1690 arva
1508 1639 1657 1691 beata
1674 1653 1689 1700 ;
1722 1642 1954 1691 Petamus
1984 1654 2119 1692 arva
2149 1640 2435 1693 Bentleius.

457 1800 598 1852 ματι
621 1781 1019 1837 --Ὡκεανοῦ.
1060 1785 1247 1838 Catull.
1274 1786 1369 1848 64,
1408 1787 1508 1838 30:

460 1863 781 1925 Oceanusque
820 1867 1000 1925 pater,
1054 1866 1213 1911 totum
1261 1863 1349 1922 qui
1397 1874 1513 1911 mn-

454 1938 690 1999 plectitur
721 1936 916 1996 orbem3
970 1938 1026 1986 et
1058 1948 1232 1999 aeque
1266 1935 1510 1987 absolute

458 2009 612 2061 Rutil.
642 2012 697 2073 4,
734 2012 833 2061 56:
890 2012 1004 2073 Qua
1035 2010 1368 2074 circumitis-sue
1408 2013 1512 2075 ltu-

456 2089 596 2134 emat
634 2085 874 2136 Oceanus.
886 2085 909 2150 )
957 2084 1067 2147 illa,
1122 2098 1262 2148 quae
1305 2085 1506 2146 nostiS,

457 2159 605 2209 beata
637 2173 793 2221 awa,
828 2154 933 2221 τὰς
964 2154 1247 2227 μακάρων
1270 2154 1507 2222 νήσους,

451 2239 731 2296 petantur.»
768 2234 815 2295 2)
841 2233 950 2284 alii:
977 2234 1329 2295 circumvayus
1349 2245 1509 2281 arva:

458 2307 606 2357 beata
625 2308 854 2357 Petamus
874 2320 1022 2356 ma.
1060 2306 1107 2369 3)
1133 2305 1220 2355 alii
1244 2305 1504 2367 denique:

458 2383 809 2444 circumvaga-e
862 2394 995 2430 arva
1047 2380 1196 2450 &eata
1209 2395 1225 2428 .·
1280 2381 1512 2430 Petamus

461 2469 608 2507 arva.
646 2454 753 2506 Sed
786 2468 885 2520 per
906 2468 965 2507 se
1000 2453 1329 2518 intelligitur,
1368 2453 1510 2504 insu-

457 2530 540 2582 las
563 2531 862 2581 circumflui
884 2532 1119 2581 Oceano:
1158 2533 1214 2580 et
1234 2522 1508 2598 ἀναφορὰ

457 2606 638 2655 nostra
675 2618 867 2667 «awa,
919 2605 1068 2655 beata
1110 2609 1346 2667 petamus
1377 2615 1510 2653 arva

458 2678 608 2741 (illan)
653 2693 782 2730 vere
827 2678 992 2743 lyrica
1040 2682 1137 2731 est.
1197 2679 1328 2729 Vide
1361 2678 1503 2741 Virg.

454 2755 587 2803 Aen.
624 2754 686 2814 7,
722 2754 837 2803 586.
881 2754 996 2804 587.
1044 2782 1098 2790 —
1136 2752 1508 2813 beata-arva]

457 2828 599 2889 Virg.
630 2830 762 2878 Aen.
805 2827 863 2889 6,
907 2827 1035 2878 638:
1083 2829 1335 2878 Devenere
1374 2826 1508 2876 locos

455 2902 610 2951 laetos
650 2906 696 2951 et
737 2914 952 2951 amoena
988 2902 1153 2951 vireta
1201 2901 1507 2950 Fortunato-

455 2988 575 3025 rum
620 2988 883 3026 morum
930 2977 1159 3037 sedesque
1207 2974 1392 3024 beatas.
1446 2999 1501 3010 -

455 3050 635 3100 divites
666 3055 714 3101 et
744 3050 952 3114 insulae]
989 3049 1202 3100 additur
1221 3062 1321 3112 per
1353 3044 1509 3111 ἐπεξ-

454 3120 684 3189 ἠγησιν.
754 3125 829 3174 De
878 3123 1176 3174 orcadibus
1208 3121 1392 3173 insulis
1426 3122 1507 3172 iu-

455 3200 778 3262 terpretatur
811 3200 1020 3249 Comm.
1061 3199 1222 3260 Cruq.
1249 3234 1261 3257 ,
1309 3197 1507 3247 rectius

454 3270 695 3335 plerique
732 3272 800 3322 de
837 3273 1089 3323 canariis.
1151 3272 1364 3322 Fundus
1395 3266 1507 3335 μύ-

453 3346 566 3395 θου
618 3347 703 3396 est
750 3346 963 3396 Hesiodi
1017 3345 1166 3397 locus
1211 3345 1279 3396 ad
1323 3358 1376 3395 v.
1420 3345 1502 3395 63.

455 3420 771 3483 exscriptus.
857 3421 1210 3483 Antiquorum
1260 3419 1327 3469 de
1372 3419 1507 3469 bea-

457 3497 631 3543 torum
693 3492 876 3544 insulis
933 3495 1210 3558 opiniones
1276 3494 1503 3557 optime,

455 3579 581 3617 mox
613 3567 666 3616 in
702 3567 923 3617 easdem
945 3567 1301 3630 migraturus,
1340 3579 1509 3630 expo-

455 3640 562 3691 suit
617 3641 674 3691 C.
713 3640 772 3690 Ο.
825 3639 1012 3690 Miiller
1045 3642 1097 3690 in
1143 3640 1508 3692 Parentalibus

456 3712 715 3764 Guilielmi
750 3714 833 3763 IV.
883 3714 1156 3776 Gottingae
1200 3714 1344 3764 4837.
1406 3716 1509 3764 Lo-

455 3800 550 3838 cus
608 3787 872 3852 imprimis
921 3773 1303 3838 memorandus
1339 3790 1422 3838 est
1454 3789 1507 3838 in

456 3862 725 3911 Socratico
771 3859 857 3910 illo
901 3862 1135 3911 Axiocho
1182 3861 1296 3913 374.
1347 3862 1405 3912 Ε.
1450 3889 1503 3898 —-

455 3933 627 3984 Schol.
668 3932 794 3984 Plat
830 3948 948 3998 pag.
982 3935 1096 3986 934.
1136 3934 1231 3985 Ed.
1260 3938 1503 3986 nostrae:

454 4005 857 4072 Πτολεμαῖος·
870 4008 974 4059 -ἐν
990 4005 1036 4058 δ’
1052 4009 1508 4096 Γεωγραφουμέ-

454 4097 569 4132 νων
612 4082 760 4148 φησὶ
809 4078 912 4145 τὰς
959 4079 1238 4153 μακάρων
1288 4078 1507 4147 νήσους

456 4151 519 4220 ’ἐξ
551 4151 725 4206 τὸν
689 4152 942 4227 αριθμὸν
975 4151 1123 4207 εἶναι
1156 4154 1218 4207 ἐν
1251 4153 1321 4228 τῇ
1346 4152 1509 4220 ἐντὸς

454 4228 645 4304 Λιβύῃ
678 4172 827 4283 κατὰ
851 4231 917 4283 τὸ
947 4210 1301 4283 Ἀτλαντικὸν
1337 4229 1509 4283 κέλα-

1585 1803 1708 1855 γος.
1757 1790 2079 1853 Pomponius
2112 1787 2249 1841 Mela
2281 1790 2338 1851 3,
2378 1789 2469 1840 ⁴0:
2507 1791 2638 1841 For—

1586 1868 1795 1913 tunatae
1826 1863 2020 1912 ὀωιιιαο
2052 1863 2311 1914 &undam
2341 1877 2437 1913 sua
2466 1869 2638 1926 epona

1583 1938 1763 2002 genitis
1813 1942 1859 1987 et
1908 1937 2114 1988 subinde
2161 1938 2277 1988 aliis
2322 1951 2474 2001 super
2522 1939 2638 1989 aliis

1584 2010 1948 2061 innascevmbus
1995 2012 2122 2061 nihil
2169 2013 2404 2063 sollicitos
2461 2012 2632 2074 alma,

1584 2086 1776 2136 beatius
1816 2099 1971 2148 quam
2018 2087 2154 2137 aliae
2190 2088 2338 2138 mes
2385 2088 2631 2138 excultae.

1585 2162 1842 2211 Ceterum
1892 2161 1968 2211 sic
2019 2162 2126 2212 iam
2175 2163 2334 2226 prisci
2390 2162 2635 2226 Aegyptii

1581 2233 1785 2284 inferos
1802 2245 1928 2284 suos
1950 2235 2003 2284 in
2026 2234 2272 2286 ultimum
2289 2236 2634 2287 Occidentem

1585 2309 1948 2356 removerant.

1649 2378 1827 2431 43-48.
1870 2381 2046 2431 Reddit
2080 2380 2165 2430 aba·
2199 2383 2324 2446 cet]
2363 2382 2486 2432 «uhi
2517 2384 2633 2434 sine

1582 2450 1901 2515 agricultura
1953 2456 2093 2505 terra
2140 2468 2206 2506 ex
2249 2468 2309 2506 se
2352 2458 2634 2521 quotannis
2658 2492 2675 2507 .

1582 2527 1736 2577 effert
1760 2528 1989 2591 fruges»
2012 2529 2185 2579 Reddit
2208 2531 2389 2580 tamen
2411 2532 2481 2580 ita
2506 2544 2637 2595 quo·

1582 2613 1690 2664 que
1729 2613 1884 2652 suam
1921 2602 2359 2665 significationem
2412 2606 2629 2655 retinet:

1584 2673 1821 2738 «profert
1854 2675 2181 2727 frumentum
2216 2679 2368 2740 quasi
2392 2677 2635 2730 debitum

1582 2749 1817 2798 humano
1850 2750 2094 2811 generi.»
2135 2775 2190 2786 —
2256 2754 2356 2801 Pro
2408 2752 2637 2802 Cererem

1580 2823 1822 2872 Meineke
1855 2824 2070 2888 scripsit
2100 2837 2347 2885 cererem,
2395 2838 2502 2888 quo
2534 2839 2635 2889 per

1579 2896 1950 2961 μετωνυμίαν
1984 2897 2310 2948 frumentum
2343 2897 2636 2962 intelligen-

1582 2971 1714 3021 dum
1749 2984 1870 3022 esse
1905 2969 2099 3022 clarius
2122 2972 2461 3035 significaret.
2523 2973 2629 3023 Cir.

1583 3044 1795 3105 Quintil.
1833 3046 1894 3105 8,
1941 3046 1998 3106 6,
2046 3046 2128 3097 24.
2189 3048 2374 3098 Rarius
2424 3049 2477 3097 in
2529 3048 2632 3098 hoc

1583 3131 1780 3181 genere
1814 3118 1986 3170 Pallas
2030 3121 2247 3183 ponitur
2279 3124 2334 3172 et
2381 3134 2479 3186 pro
2515 3120 2633 3172 olea

1583 3197 1640 3243 et
1680 3206 1779 3256 pro
1814 3193 1951 3244 oleo.
2012 3194 2159 3244 Ovid.
2197 3198 2314 3246 Am.
2351 3197 2410 3253 2,
2450 3197 2542 3258 46,
2580 3197 2629 3247 8.

1583 3267 1797 3318 Heroid.
1825 3269 1911 3330 49,
1951 3267 2033 3319 44.
2082 3270 2237 3319 Trist.
2264 3269 2323 3330 4,
2359 3271 2419 3330 ὅ,
2456 3268 2518 3320 4:
2575 3271 2635 3320 m

1579 3342 1704 3405 vigil
1734 3343 1904 3406 infima
1934 3343 2139 3392 Pallade
2169 3346 2383 3406 nasama
2407 3343 2541 3393 solet.
2573 3372 2627 3380 —

1580 3414 1820 3478 inarata]
1889 3417 1966 3465 De
2034 3415 2271 3479 Γαβίοις
2336 3415 2633 3479 Aeschylus

1584 3489 1790 3551 Fragm.
1836 3489 1949 3540 484.
1989 3490 2175 3541 Dind.:
2233 3488 2303 3539 ἵν’
2339 3484 2458 3540 οὔτ’
2488 3483 2633 3560 ἄρο-

1584 3574 1724 3648 τρον
1756 3556 1892 3614 οὔτε
1917 3560 2175 3630 γατόμος
2205 3565 2407 3629 Τέμνει
2428 3562 2631 3617 δέκευ]

1582 3632 1868 3709 ἄρουραν,
1926 3633 2050 3688 ἀλλ’
2093 3634 2457 3725 αὐτόσποροι
2488 3635 2633 3691 Γύαι

1582 3714 1832 3781 φέρουσι
1898 3711 2101 3773 βίοτον
2165 3706 2435 3774 ἄφθονον
2489 3713 2634 3785 βρο-

1582 3792 1724 3850 τοῖς.
1767 3814 1820 3823 -
1857 3788 2124 3850 imputata]
2162 3801 2464 3851 «nunquam
2498 3790 2634 3839 vini-

1583 3863 1714 3913 toris
1782 3860 1912 3912 falce
1978 3864 2117 3912 tacta
2184 3862 2340 3911 floret
2391 3876 2633 3925 uvasque

1584 3938 1735 3988 sert.»
1757 3935 1862 3986 Cir.
1883 3934 2145 3998 Virg.Ecl.
2174 3936 2222 3996 4,
2243 3937 2326 3987 29.
2352 3964 2407 3973 —
2438 3937 2631 4001 termes]

1585 4023 1798 4061 «ramus
1834 4009 1983 4059 olene
2020 4022 2142 4059 cum
2178 4010 2326 4061 bacis
2355 4011 2630 4061 dominum

1584 4096 1858 4146 nunquam
1896 4081 2020 4134 fallit
2054 4082 2139 4134 vel
2182 4083 2372 4147 frigore
2408 4083 2490 4135 vel
2526 4086 2631 4134 sic-

1584 4159 1741 4207 citate
1776 4160 1980 4209 ustus.»
2011 4184 2065 4194 —
2102 4157 2261 4209 Suam
2282 4187 2311 4196 -
2334 4186 2363 4196 -
2384 4158 2630 4222 arborem]

1584 4233 1696 4282 den
1727 4233 2202 4284 Mutterstamm.
2248 4234 2399 4284 Voss.
2429 4233 2628 4289 «Ficus,
