3234 4975
1317 946 1776 1054 Quom
1806 944 2120 1043 moal

911 1201 1596 1385 CARMEN
1667 1206 1860 1383 SE
1879 1200 2582 1385 CULARE.

1262 1802 2203 1862 Fauiana-omnnia,

774 2008 852 2056 De
896 2007 1097 2069 origine
1141 2005 1391 2057 ludorum
1429 2006 1752 2058 secularium
1787 2008 1841 2058 et
1873 2006 1942 2057 de
1976 2007 2106 2067 ritu,
2166 2018 2274 2071 quo
2309 2006 2362 2056 in
2397 2007 2599 2071 Campo
2633 2006 2822 2057 Martio

646 2087 1089 2151 celebrabantur,
1146 2089 1269 2140 vide
1320 2088 1468 2141 locos
1525 2090 1973 2142 commentatoris
2026 2090 2316 2153 Cruquiani
2363 2090 2418 2139 et
2459 2090 2652 2140 Zosimi
2693 2090 2821 2140 huic

645 2173 868 2222 carmini
902 2173 1254 2236 praemissos,
1292 2172 1481 2224 collato
1515 2175 1779 2239 imprimis
1814 2173 2105 2224 Censorino
2141 2173 2200 2223 C.
2240 2173 2319 2223 ⁴7.
2351 2199 2406 2209 —
2433 2173 2699 2235 Augustus
2723 2185 2819 2223 eos

644 2254 936 2306 celebravit
968 2270 1015 2306 a.
1052 2270 1107 2306 u.
1146 2270 1193 2306 c.
1231 2256 1368 2318 737„
1395 2269 1519 2308 cum
1541 2257 1777 2322 primum
1801 2255 2141 2317 decennium,
2178 2255 2232 2306 in
2255 2254 2401 2319 quod
2421 2256 2819 2320 prorogandum

643 2340 745 2390 sibi
789 2353 820 2390 a
863 2341 1052 2390 senatu
1087 2340 1371 2405 imperium
1404 2343 1688 2391 curaverat
1720 2353 1768 2389 a.
1806 2353 1860 2390 u.
1901 2353 1948 2389 c.
1986 2340 2101 2389 727.
2163 2340 2286 2403 (quo
2331 2352 2470 2390 anno
2519 2341 2681 2391 etiam
2713 2341 2820 2390 Au-

640 2424 826 2488 gustus
860 2422 1153 2489 appellatus
1188 2424 1320 2487 est),
1359 2425 1733 2489 praeterisset;
1772 2436 1878 2487 qua
1911 2423 2193 2473 occasione
2227 2421 2404 2472 oblata
2436 2425 2631 2488 partim
2664 2436 2821 2488 prae-

640 2505 846 2557 clarum
903 2506 1160 2558 felicitatis
1211 2508 1419 2572 imperii
1477 2508 1700 2559 Romani
1745 2520 1805 2557 se
1850 2508 2089 2571 principe
2131 2510 2541 2558 monumentum
2584 2509 2817 2571 posteris

638 2605 970 2656 proponere,
1009 2594 1201 2657 partim
1234 2594 1484 2644 Romanis
1506 2592 1684 2655 legem
1707 2605 1862 2644 suam
1885 2592 1954 2643 de
1978 2592 2289 2643 maritandis
2311 2592 2590 2644 ordinibus
2613 2592 2815 2644 sensim

639 2674 1019 2725 commendare
1056 2677 1255 2726 statuit.
1315 2677 1453 2726 Finis
1488 2677 1646 2738 igitur
1678 2677 1836 2727 huius
1870 2677 2225 2727 caerimoniae
2259 2678 2476 2727 omnino
2512 2678 2629 2726 erat
2659 2673 2794 2725 πολι

636 2754 966 2820 τικώτατος.
1027 2759 1316 2824 Compacto
1351 2761 1533 2809 autem
1567 2772 1689 2809 rem
1723 2773 1848 2810 cum
1883 2759 2322 2819 Quindecimviris
2356 2760 2522 2810 sacris
2554 2758 2815 2810 faciundis

638 2842 710 2891 ita
745 2843 918 2906 egisse
950 2841 1186 2902 videtur,
1242 2844 1303 2892 ut
1333 2842 1389 2891 hi
1420 2855 1519 2907 pro
1556 2843 1672 2892 eius
1707 2841 1973 2892 voluntate
2010 2841 2142 2893 dicis
2177 2855 2338 2893 causa
2374 2842 2627 2893 consultis
2659 2840 2810 2908 libris

636 2923 902 2988 Sibyllinis
937 2927 992 2974 et
1024 2926 1332 2990 compositis
1365 2924 1589 2976 fortasse
1625 2924 1725 2977 illis
1759 2925 1886 2989 ipsis
1920 2924 2167 2976 versibus
2201 2924 2494 2989 Sibyllinis,
2532 2938 2668 2989 quos
2702 2938 2816 2976 ser-

636 3010 829 3058 varunt
879 3006 1113 3072 Phlegon
1159 3007 1448 3059 Trallianus
1489 3010 1545 3058 et
1583 3009 1853 3069 Zosimus,
1910 3008 2339 3073 pronuntiarent,
2398 3007 2611 3060 ultimos
2656 3007 2814 3060 ludos

636 3089 909 3142 seculares
945 3090 1243 3144 celebratos
1278 3104 1401 3143 esse
1436 3106 1485 3142 a.
1506 3105 1561 3142 u.
1584 3106 1632 3142 c.
1655 3092 1792 3153 628„
1831 3104 1938 3154 quo
1973 3091 2196 3142 fortasse
2221 3091 2489 3157 piaculum
2511 3094 2564 3142 et
2583 3090 2813 3142 lustrum

636 3173 851 3238 aliquod
883 3172 1142 3225 sollemne
1176 3173 1355 3239 populi
1390 3175 1613 3226 Romani
1646 3174 1845 3225 iactum
1879 3176 2011 3236 erat,
2050 3187 2175 3224 cum
2208 3188 2268 3224 re
2301 3188 2429 3225 vera
2452 3169 2693 3239 proxime
2715 3187 2814 3225 su-

635 3255 879 3323 periores
914 3256 1041 3307 editi
1075 3259 1257 3308 essent
1290 3272 1337 3307 a.
1374 3271 1429 3308 ιι.
1468 3272 1517 3308 c.
1556 3258 1671 3307 605.
1710 3254 1794 3308 vel
1829 3257 1964 3318 608.,
2023 3257 2375 3320 sequentibus
2412 3258 2476 3321 (a.
2512 3271 2567 3308 ιι.
2605 3271 2652 3308 c.
2691 3258 2807 3308 705.

634 3341 719 3392 vel
754 3341 888 3404 708.)
924 3352 1025 3405 per
1056 3337 1321 3391 bellorum
1355 3339 1588 3391 civilium
1608 3339 1796 3390 turbas
1819 3339 2159 3402 intermissis;
2202 3338 2445 3392 seculum
2467 3343 2648 3391 autem
2670 3339 2812 3390 finiri

635 3427 789 3477 annis
824 3426 961 3487 CX.‚
1021 3437 1127 3490 qua
1161 3425 1215 3475 in
1248 3438 1308 3475 re
1344 3426 1620 3475 Etruscam
1655 3423 1953 3474 doctrinam
1988 3423 2158 3473 secuti
2193 3436 2315 3474 esse
2349 3422 2626 3484 videntur,
2684 3436 2811 3474 cum

635 3508 967 3562 consuetudo
1023 3507 1182 3560 latina
1224 3520 1278 3558 v.
1323 3507 1543 3559 sectam
1584 3520 1685 3572 pro
1730 3506 1971 3558 centenis
2017 3507 2168 3557 annis
2211 3509 2513 3571 usurparet.
2584 3508 2811 3558 Omnino

634 3595 816 3644 autem
871 3592 1165 3643 tenendum
1210 3589 1364 3642 ludos
1409 3589 1683 3642 seculares
1726 3588 1795 3639 ab
1841 3590 2077 3653 Augusto
2117 3590 2384 3640 institutos
2423 3590 2601 3654 potius
2645 3602 2812 3654 quam

632 3677 952 3727 instauratos
999 3677 1161 3739 atque
1211 3688 1243 3724 a
1286 3672 1636 3738 sequentibus
1670 3671 2088 3737 imperatoribus
2123 3670 2424 3723 celebratos
2459 3674 2515 3723 et
2549 3672 2723 3723 forma
2756 3676 2813 3723 et

633 3758 740 3809 fine
774 3772 997 3825 prorsus
1030 3759 1194 3809 fuisse
1230 3757 1473 3809 diversos
1507 3755 1575 3806 ab
1610 3756 1702 3818 iis,
1752 3756 1844 3818 qui
1879 3756 2072 3807 eodem
2107 3758 2321 3807 nomine
2357 3758 2479 3806 ante
2513 3757 2813 3819 Augustum

632 3843 1018 3893 memorantur.
1081 3841 1187 3892 Cfr.
1226 3841 1444 3890 Petrum
1478 3838 1739 3890 Taffinum
1774 3838 1842 3889 de
1877 3840 2238 3890 Romanorum
2260 3852 2400 3889 anno
2423 3836 2651 3889 seculari
2673 3837 2814 3888 eius-

634 3937 740 3988 que
788 3926 1124 3988 potissimum
1158 3936 1260 3988 per
1291 3921 1447 3974 ludos
1482 3920 1758 3974 seculares
1792 3921 2102 3973 celebritate
2138 3935 2437 3986 eorumque
2472 3919 2814 3984 chronologia

632 4009 686 4058 in
720 4008 926 4057 Graevii
961 4008 1234 4058 Thesauro
1266 4006 1398 4055 wll.
1438 4019 1555 4070 pag.
1593 4004 1710 4056 466.
1749 4007 1909 4070 atque
1936 4007 2147 4056 ceteros
2173 4005 2462 4070 scriptores
2484 4019 2517 4056 a
2539 4004 2816 4056 Mitscher-

631 4091 789 4142 lichio
825 4092 879 4141 et
913 4090 1196 4153 noeringio
1231 4091 1685 4141 commemoratos
1703 4127 1715 4149 ,
1764 4090 1892 4139 item
1926 4087 2102 4140 Ideler
2137 4089 2461 4153 chronoloqie
2491 4089 2553 4139 11.
2591 4100 2712 4152 pag.
2748 4088 2816 4138 82

631 4186 818 4239 seqq.,
858 4174 1094 4236 Hartung
1115 4171 1337 4236 Religion
1371 4174 1461 4223 der
1491 4173 1759 4224 Romen-11.
1795 4185 1917 4237 pag.
1944 4173 2026 4224 92.
2053 4211 2065 4234 ‚
2104 4174 2158 4223 et
2188 4185 2319 4236 prae
2355 4171 2603 4223 omnibus
2627 4171 2685 4221 C.
2717 4171 2801 4220 Fr.

631 4260 1000 4311 normannum
1042 4257 1102 4307 de
1145 4256 1251 4307 loco
1283 4256 1525 4319 Apollinis
1556 4257 1611 4307 in
1645 4257 1874 4308 camino
1906 4255 2109 4308 Horatii
2141 4255 2428 4318 saeculari,
2484 4255 2620 4304 Gott.
2661 4252 2810 4305 ⁴848.
