3234 4975
1212 431 1329 482 LIB.
1369 433 1406 481 l.
1481 432 1535 481 C.
1576 433 1681 481 Vll.

2443 429 2514 494 5⁴

583 585 874 674 Undique
918 586 1288 674 decerptam
1330 586 1513 653 fronti
1560 607 1964 675 praeponere
2012 588 2265 655 olivam.

751 708 1069 775 Plurimus
1114 709 1178 774 in
1229 709 1489 774 Iunonis
1539 708 1852 775 honorem

580 868 809 954 Aptum
851 866 1024 934 dicet
1067 867 1254 955 equis
1297 868 1500 954 Argos
1545 866 1846 954 ditesque
1888 868 2211 957 Mycenae.

752 990 849 1056 Me
895 1009 1016 1055 nec
1060 999 1188 1054 tam
1232 989 1483 1074 patiens
1526 987 1973 1055 Lacedaemon

2451 990 2527 1056 10

521 1245 567 1292 7.
606 1244 862 1306 decerptae
892 1244 1061 1307 frondi
1109 1245 1326 1293 auctore
1362 1243 1582 1293 Erasmo
1616 1242 1672 1291 L.
1732 1272 1785 1278 —
1841 1242 1889 1291 9.
1945 1243 2063 1292 dicit
2111 1245 2203 1305 Sc,
2257 1248 2465 1309 septem

440 1319 696 1378 pomerii,
736 1317 856 1368 LCt.
897 1318 973 1379 (Ut
1009 1331 1132 1378 nos,
1169 1314 1389 1377 hTssdm
1426 1319 1480 1366 et
1510 1318 1722 1366 Servius
1758 1316 1827 1366 ad
1859 1321 1989 1368 Aen.
2031 1320 2077 1379 4,
2114 1319 2194 1369 28.
2235 1322 2315 1380 44,
2352 1321 2464 1372 246.

441 1393 577 1442 Dicit
607 1392 841 1456 praefert
876 1393 1047 1452 Unger
1080 1392 1140 1441 V.
1179 1392 1235 1441 R.
1274 1405 1325 1454 p.
1365 1392 1499 1452 377.)
1550 1420 1601 1427 —
1652 1392 1730 1441 40.
1768 1393 1851 1442 Me
1882 1406 1971 1442 nec
2005 1392 2167 1452 hSTc‚
2208 1396 2334 1444 LCt:
2391 1398 2471 1446 Mo

437 1479 595 1528 nequo
626 1465 790 1517 Bentl.
834 1467 898 1515 M.

377 1690 642 1741 nutriendi
675 1691 907 1740 servavit
928 1702 1098 1753 usque
1133 1689 1201 1740 ad
1225 1690 1423 1741 Horatii

378 1769 625 1816 aetatem.
695 1764 885 1816 Strabo
928 1765 978 1815 9.
1021 1778 1076 1829 p.
1114 1765 1237 1816 388:
1298 1763 1424 1815 ἐστὶ

376 1837 437 1890 δὲ
471 1840 569 1890 καὶ
603 1835 672 1889 τὸ
704 1841 872 1906 γένος
912 1836 1026 1889 τῶν
1068 1837 1255 1889 ἳππων
1294 1834 1424 1910 ἄρι-

376 1929 516 1964 στον
558 1909 627 1963 τὸ
654 1907 982 1984 Ἀρκαδικὸν
1027 1912 1290 1984 καθάπερ
1322 1916 1424 1966 καὶ

378 1984 447 2038 τὸ
482 1982 807 2060 Ἀργολικὸν
845 1989 946 2039 καὶ
989 1984 1057 2040 τὸ
1094 1983 1424 2061 Ἐπιδαυρι-

376 2059 502 2113 κόν.
572 2066 825 2127 Mycenas
876 2066 1003 2114 tunc
1046 2077 1263 2115 eversas
1305 2079 1426 2116 me-

378 2140 551 2188 morat
582 2141 801 2203 propter
832 2139 1064 2203 priscam
1098 2138 1317 2202 gloriam
1342 2141 1426 2189 at-

381 2224 485 2276 que
537 2211 877 2276 opulentiam.
950 2214 1092 2262 Inter
1133 2212 1232 2264 alia
1274 2213 1426 2264 testi-

380 2288 558 2338 monia
595 2289 768 2350 Unger
798 2302 851 2352 p.
878 2288 992 2338 373.
1032 2288 1187 2338 affert
1206 2290 1421 2339 Lucian.

382 2361 675 2426 Contempl.
704 2363 793 2412 23:
831 2359 1098 2428 Μυκῆναι
1121 2359 1298 2414 πάλαι
1317 2362 1426 2428 μὲν

378 2427 534 2502 ἦσαν
567 2431 921 2503 εὐδαίμονες,
956 2433 1061 2490 νῦν
1107 2437 1170 2490 δὲ
1218 2434 1427 2505 τεθνή-

375 2528 532 2563 κασι.
570 2517 625 2563 et
655 2513 910 2564 Mundum
944 2516 1234 2567 Munatium
1268 2515 1422 2566 Anth.

379 2587 485 2638 Pal.
524 2590 587 2638 11.
624 2600 677 2651 p.
722 2589 810 2639 36:
875 2584 947 2638 ‘H
983 2587 1427 2662 πολύχρυσος

378 2659 486 2728 ἐγὼ
520 2658 590 2713 τὸ
625 2660 803 2714 πάλαι
836 2661 1003 2727 πόλις
1035 2694 1066 2704 -
1098 2694 1129 2705 -
1149 2663 1427 2733 Μηλόβο-

377 2752 477 2800 τος
532 2744 733 2803 κεῖμαι
778 2739 879 2789 καὶ
932 2737 1230 2805 βούνομος
1282 2734 1428 2791 ἔνθα

377 2810 621 2879 Μυκήνη
644 2851 659 2875 ,
706 2810 831 2863 Τῶν
874 2812 961 2864 ἐπ’
997 2814 1131 2880 ἐμοὶ
1161 2812 1426 2882 motam

382 2882 584 2953 οὔνομ’
606 2882 833 2948 ἔχουσα
845 2886 1050 2954 μόνον.
1067 2918 1124 2926 -
1144 2892 1256 2941 Hoc
1273 2892 1429 2955 igitur

298 3026 301 3029 Α
380 2964 531 3014 dicit:
582 2962 863 3027 «Singulae
908 2965 1017 3015 fere
1052 2966 1302 3016 Graeciae
1336 2979 1428 3015 re-

383 3040 565 3103 giones
601 3051 729 3090 suos
764 3040 1082 3090 invenerunt
1103 3039 1424 3102 laudatores,

377 3115 487 3164 sive
523 3109 783 3179 ἐγκώμια
803 3127 991 3164 earum
1013 3116 1428 3179 composuerunt

378 3191 491 3240 sive
543 3188 607 3239 ἐν
657 3184 892 3259 παρόδῳ
935 3202 1121 3239 earum
1162 3190 1427 3239 memine-

377 3266 525 3322 runt;
582 3277 681 3326 ego
724 3265 830 3313 iam
872 3263 1078 3315 Tiburis
1128 3265 1424 3315 amoenita-

376 3340 487 3388 tem
518 3338 898 3403 praedicabo.»
939 3366 994 3376 —-
1033 3342 1135 3389 Per
1166 3339 1297 3389 mihi
1320 3340 1423 3389 mi—

376 3426 495 3464 rum
537 3414 731 3463 accidit
750 3453 763 3475 ,
809 3427 932 3464 cum
970 3414 1211 3465 viderem
1234 3452 1246 3475 ‚
1293 3416 1424 3477 quot

376 3487 677 3551 tragoedias
721 3490 997 3539 excitarint
1036 3489 1307 3539 novissimi
1341 3490 1424 3540 in-

376 3563 643 3627 terpretes
693 3565 747 3614 in
799 3578 901 3615 usu
941 3578 994 3613 v,
1032 3564 1285 3627 pharimus
1324 3577 1423 3628 pro

379 3635 655 3701 «plurimi,
692 3639 993 3703 permulti.»
1062 3638 1168 3688 Sed
1201 3652 1424 3702 quomo-

376 3711 445 3761 do
471 3750 484 3773 ‚
556 3726 760 3776 quaeso
786 3752 798 3775 ,
868 3713 1019 3764 aliter
1086 3713 1423 3778 explicabunt

376 3787 513 3850 Virg.
569 3789 663 3838 Ge.
716 3791 767 3849 2,
822 3790 942 3840 ⁴82:
1000 3794 1169 3839 tractu
1214 3796 1423 3853 sumens

374 3862 583 3912 oleaster
636 3865 805 3913 codam
854 3865 1130 3926 Plurimus,
1198 3864 1252 3913 id
1314 3866 1413 3925 est,

378 3935 627 3999 «plurimi
660 3937 927 3989 oleastri.»
997 3940 1203 3989 Gratius
1235 3939 1325 3989 29:
1361 3944 1421 3988 ut

375 4023 566 4060 onmem
598 4012 856 4074 Concipiat
877 4018 1042 4077 tergo,
1078 4014 1120 4062 si
1154 4014 1417 4076 quisquam

375 4089 443 4133 est
476 4086 751 4148 plurium,
803 4088 1005 4138 hostem.
1081 4087 1194 4138 Val.
1240 4088 1410 4138 Flacc,

375 4158 423 4218 6,
458 4160 582 4210 223:
620 4161 849 4211 Somidm
868 4163 1115 4226 genetrice
1138 4163 1309 4225 Tages,
1333 4164 1416 4212 cui

372 4233 593 4293 plum
621 4237 759 4285 silvia
787 4238 1059 4301 Pomiyilat
1076 4243 1311 4288 materna
1330 4250 1414 4287 so-

1494 1702 1648 1754 aoyer
1677 1692 1895 1742 moritur
1923 1693 2206 1757 vtqilando:
2251 1721 2298 1730 —-
2318 1696 2346 1743 ‘P
2400 1697 2535 1749 Cum

1497 1768 1679 1816 autem
1713 1767 1858 1815 recte
1895 1766 2100 1817 dicamr
2120 1765 2332 1818 niultmn
2362 1783 2464 1821 osso
2483 1774 2538 1822 in

1496 1841 1774 1903 aliquare,
1811 1840 1930 1901 ruit,
1968 1843 2058 1905 qui
2082 1844 2392 1907 corrigeret:
2427 1847 2541 1897 Plu-

1496 1915 1658 1964 rimus
1688 1916 1744 1964 in
1773 1916 1978 1965 Iunonis
2008 1917 2207 1967 honoro.
2281 1918 2386 1969 Sed
2420 1921 2540 1972 nul-

1499 1988 1610 2039 lum
1646 1990 1908 2040 eiusmodi
1942 1992 2339 2044 consuetudinis
2362 2007 2542 2047 exem-

1497 2064 1645 2129 plum
1670 2064 1856 2126 attulit,
1895 2079 1976 2126 ac,
2015 2079 2082 2116 ne
2106 2068 2408 2119 subiectum
2443 2070 2543 2120 de·

1499 2141 1711 2200 ficeret,
1758 2140 2151 2204 languidissime
2185 2143 2544 2208 supplendum

1498 2214 1637 2265 foret
1670 2214 1949 2278 «aliquis»
2017 2218 2126 2267 Nec
2168 2217 2540 2282 dubitandum,

1498 2293 1559 2340 ut
1591 2290 1716 2340 fecit
1747 2290 1857 2352 ille,
1897 2291 1964 2341 de
1988 2292 2262 2342 Latinitate
2298 2296 2545 2345 constru-

1501 2366 1689 2416 ctionis
1730 2367 1787 2416 in
1826 2368 2077 2418 honorovn.
2148 2366 2356 2428 Quintil.
2405 2370 2452 2430 4,
2493 2370 2540 2432 4,

1500 2441 1558 2490 6;
1613 2442 1669 2491 in
1715 2454 1865 2492 ³⁶:122oe
1912 2441 2163 2493 honorem.
2233 2442 2309 2494 Id.
2364 2445 2445 2505 44,
2490 2446 2540 2509 2,

1502 2517 1591 2567 42:
1629 2518 1684 2565 in
1716 2517 1951 2566 honorem
1979 2519 2234 2567 victoriae.
2303 2521 2540 2583 Propertv

1501 2588 1551 2651 4,
1589 2591 1639 2651 6,
1678 2590 1764 2639 ⁴3:
1804 2592 2033 2641 Caesaris
2063 2593 2118 2641 in
2149 2605 2326 2642 nouzon
2359 2595 2547 2643 ducim-

1499 2671 1586 2715 tur
1616 2666 1865 2714 camma.
1936 2666 2044 2715 Liv.
2082 2667 2130 2727 2,
2167 2667 2257 2715 27:
2298 2670 2429 2728 quod
2458 2669 2545 2732 sa—

1500 2741 1593 2790 cile
1624 2740 1904 2802 apparebat
1939 2754 2041 2789 non
2073 2746 2179 2790 tam
2210 2742 2280 2789 ad
2310 2742 2546 2792 honor-om

1499 2818 1606 2867 eius
1635 2816 1829 2879 sactum
1861 2817 1960 2865 cet.
2001 2815 2105 2865 Ct'r.
2144 2816 2317 2877 Unger
2346 2829 2399 2880 p.
2427 2815 2540 2867 379.

1567 2891 1615 2940 9.
1676 2889 1818 2953 dicet]
1860 2890 2183 2939 Auci-oritate
2219 2890 2384 2940 Codd.
2421 2891 2547 2942 huic

1501 2965 1612 3015 fere
1656 2977 1756 3029 par
1797 2965 1881 3015 est
1913 2962 2067 3014 lectio
2108 2964 2242 3013 dicit.
2313 2964 2545 3017 Alteram

1500 3052 1644 3089 nunc
1684 3037 1944 3103 praetuli,
1990 3041 2045 3089 et
2083 3039 2204 3102 quia
2249 3040 2327 3089 sic
2369 3041 2544 3091 minus

1500 3113 1818 3164 offendimus
1874 3115 1928 3162 in
1976 3126 2027 3162 v,
2075 3113 2359 3175 plurimu-s,
2419 3127 2544 3166 cum

1497 3187 1762 3254 permulta
1818 3188 1885 3237 de
1942 3188 2093 3250 Argis
2159 3190 2391 3239 carmina
2457 3190 2546 3238 vix

1498 3263 1819 3322 exstiterint,
1858 3263 1954 3312 etsi
1989 3264 2275 3313 Pausanias
2301 3264 2348 3323 4,
2375 3263 2455 3323 43,
2481 3264 2538 3314 8:

1499 3331 1652 3388 οὕτω
1685 3338 1788 3387 καὶ
1830 3330 1863 3385 ὁ
1909 3333 2022 3386 τῶν
2055 3335 2376 3406 ἐπιχωρίων
2408 3333 2542 3402 ἐξη-

1496 3408 1679 3481 γητὴς
1710 3411 1966 3474 Λευκέας
1999 3406 2280 3481 (Ἀργεῖος)
2315 3410 2377 3462 ἐν
2408 3404 2543 3461 ἕπε,

1496 3503 1591 3538 σιν
1624 3484 1868 3558 εἴρηκεν,
1906 3488 1962 3536 et
1993 3486 2118 3555 quia
2151 3489 2296 3548 grata
2320 3486 2542 3537 variatio

1495 3563 1820 3624 Laudabunt,
1864 3562 1995 3611 Swtt
2036 3561 2212 3623 quibus
2252 3565 2346 3619 ost,
2392 3560 2534 3610 dicet.

1494 3640 1606 3689 Hoc
1639 3637 1773 3688 volt:
1835 3637 2006 3688 «Fieri
2042 3637 2201 3686 etiam
2234 3637 2436 3699 potest,
2481 3636 2541 3684 ut

1492 3726 1631 3764 unus
1701 3714 1757 3763 et
1823 3710 1958 3761 alter
2027 3713 2195 3773 Argos
2261 3708 2535 3760 celebrare

1492 3787 1691 3839 malit.»

1558 3863 1639 3913 40.
1668 3863 1747 3912 44.
1784 3874 1875 3911 nec
1905 3858 2026 3923 tam]
2063 3860 2147 3908 Sic
2171 3858 2338 3909 Codd.
2378 3861 2536 3910 Bent-

1487 3937 1622 3988 leius
1645 3938 1801 3986 tacite
1824 3933 2036 3997 scripsit
2055 3946 2212 3995 noque
2242 3939 2364 3995 tam,
2403 3932 2524 3998 quia

1490 4013 1752 4071 HoratiuS,
1780 4012 1839 4059 ut
1856 4009 2147 4069 Lucretius,
2172 4011 2378 4059 variare
2397 4008 2534 4059 solet

1487 4098 1857 4150 noque-noo,
1915 4097 2288 4146 noc-noque.
2373 4086 2435 4135 H.
2490 4083 2525 4134 1.

1486 4164 1708 4227 propter
1737 4159 2069 4224 praecedens
2108 4173 2160 4209 v.
2201 4160 2418 4221 ditesque
2448 4160 2530 4208 vi-

1487 4240 1630 4288 tasse
1671 4235 1884 4285 videtur
1924 4234 2157 4285 eundem
2195 4234 2396 4284 exitum
2437 4246 2529 4283 ne-

374 4321 476 4358 ror.
556 4312 737 4361 iuven.
782 4311 832 4372 3,
876 4312 998 4362 232:
1056 4313 1303 4363 nummos
1338 4313 1417 4362 hic
1486 4325 1595 4373 qus.
1655 4337 1710 4347 -
1755 4308 1970 4373 patiens]
2021 4302 2061 4374 ἤ
2111 4300 2378 4373 uirentem>
2427 4307 2527 4356 καὶ
