3234 4975
1270 386 1389 435 LlB.
1442 386 1475 433 l.
1547 386 1604 433 C.
1645 382 1861 434 XXXlV.

2537 377 2650 442 183

1115 762 2022 825 mum-

822 934 1063 999 Parcus
1112 932 1383 998 deorum
1428 931 1636 998 cultor
1678 942 1742 997 et
1786 932 2183 1018 infrequenS,

826 1054 1207 1120 lnsanientis
1251 1052 1406 1118 dum
1449 1053 1804 1140 sapientiae

908 1173 1255 1242 Consultus
1300 1195 1482 1249 erro,
1532 1196 1702 1240 nunc
1746 1184 2100 1241 retrorsum

990 1294 1145 1361 Vela
1189 1294 1346 1360 dare
1392 1304 1587 1380 atque
1635 1296 1868 1361 iterare
1914 1316 2143 1361 cursus

610 1477 827 1526 xxxw.
902 1477 1066 1525 inscr.
1114 1472 1251 1537 volg.
1300 1474 1375 1523 Ad
1419 1487 1471 1522 se
1514 1474 1695 1535 ipsmn.
1751 1500 1805 1509 —-
1843 1474 1918 1522 Ad
1954 1474 2229 1522 Fortunam
2261 1477 2306 1521 et
2340 1487 2390 1521 se
2422 1474 2588 1535 ipsum

542 1552 636 1600 ST.
689 1551 855 1613 (idem
890 1552 929 1599 T
963 1550 1015 1599 in
1061 1551 1325 1613 margine:
1377 1549 1486 1598 Hac
1531 1550 1622 1597 ode
1654 1548 1904 1610 siqnificat
1933 1559 1986 1596 se
2010 1546 2372 1608 paenitentiam
2403 1559 2582 1609 agere,

544 1626 675 1686 quod
705 1627 991 1687 epicuream
1024 1630 1208 1675 sectam
1240 1628 1433 1674 secutus
1464 1623 1775 1686 irreligiosus
1806 1620 2092 1683 exstiterit.)

542 1783 759 1832 XXXIV.
810 1782 1029 1832 Fulmen
1071 1796 1171 1846 per
1204 1782 1399 1833 sudum
1434 1782 1528 1832 de-

477 1858 701 1906 missum
753 1856 1057 1919 religiosum
1107 1856 1208 1906 sibi
1264 1860 1525 1907 terrorem

476 1931 760 1981 incussisse
806 1931 957 1991 dicit,
1003 1932 1073 1979 ita
1121 1933 1181 1979 ut
1212 1931 1420 1994 Epicuri
1455 1931 1523 1980 de

475 2004 576 2054 diis
619 2006 966 2064 sententiam,
1021 2004 1147 2055 olim
1190 2004 1290 2055 sibi
1324 2004 1525 2069 proba-

475 2081 584 2127 tam
620 2079 687 2141 (v,
726 2081 831 2129 Sat.
860 2081 916 2139 4,
955 2080 1011 2139 5,
1058 2080 1181 2128 ⁴0⁴:
1228 2080 1343 2128 deos
1374 2080 1523 2127 didici

472 2166 703 2202 securum
735 2167 888 2217 agere
918 2167 1113 2203 aevum.
1120 2154 1162 2216 )‚
1201 2167 1307 2203 non
1341 2155 1523 2204 tamen

474 2240 693 2277 omnem
728 2228 937 2292 Epicuri
973 2228 1271 2277 doctrinam
1297 2241 1348 2276 v.
1376 2238 1423 2276 e.
1452 2228 1520 2277 de

474 2295 656 2371 ἡδονῇ
694 2304 795 2351 cet.
834 2303 1132 2352 reiecturus
1166 2302 1249 2351 sit.
1322 2300 1520 2352 Nullius

471 2375 683 2425 iurabat
704 2378 755 2426 in
781 2375 945 2426 verba
971 2377 1221 2439 magistri.
1257 2378 1520 2425 Graecum

478 2449 691 2514 aliquod
749 2450 1024 2516 exemplar
1083 2454 1297 2516 poetam
1361 2464 1521 2502 secu-

471 2529 585 2576 tum
620 2539 739 2576 esse
775 2527 1027 2590 equidem
1074 2540 1179 2577 non
1214 2530 1369 2590 puto,
1420 2525 1518 2576 sed

471 2613 655 2650 veram
717 2601 879 2650 animi
944 2602 1360 2651 commotionem
1419 2614 1520 2664 per

468 2671 827 2739 φαινόμενον
862 2675 988 2726 illud
1024 2678 1309 2726 excitatam
1345 2674 1414 2725 ab
1452 2689 1517 2725 eo

468 2762 779 2813 expressam
812 2764 951 2801 esse.
996 2751 1255 2800 Nimirum
1278 2751 1365 2799 hic
1389 2762 1520 2812 quo-

468 2837 573 2887 que
624 2826 840 2888 poetam
891 2825 1022 2887 egit;
1078 2823 1349 2888 quomodo
1400 2825 1517 2873 ani-

468 2899 642 2947 matus
675 2897 834 2948 fuerit
875 2897 961 2947 illo
1004 2898 1278 2949 dumtaxat
1316 2900 1515 2962 puncto

466 2972 747 3035 temporis,
786 2985 892 3035 quo
927 2973 1030 3021 hoc
1066 2971 1296 3023 fulminis
1331 2976 1516 3022 osten-

466 3048 579 3095 tum
614 3046 834 3106 accidit,
890 3046 1044 3097 nobis
1092 3047 1335 3110 exponit;
1389 3059 1513 3097 nam

467 3119 849 3181 «consessionem
888 3121 1005 3183 fidei
1045 3121 1098 3170 in
1129 3121 1306 3170 melius
1342 3126 1515 3170 nutta-

465 3198 603 3252 tae»,
642 3196 700 3242 ut
733 3193 1031 3244 Christiano
1066 3194 1228 3244 modo
1263 3195 1367 3244 hoc
1400 3208 1517 3243 car-

465 3281 590 3317 men
643 3267 910 3331 inscripsit
958 3269 1220 3332 interpres
1271 3269 1510 3332 quidam,

463 3353 562 3390 nos
603 3341 691 3390 hic
739 3355 844 3391 non
891 3344 1245 3405 agnoscimus.
1326 3345 1512 3407 Neque

461 3428 592 3464 vero
639 3416 794 3465 nimis
838 3418 1116 3480 precariae
1164 3430 1352 3468 eorum
1395 3419 1514 3482 opi-

462 3489 605 3538 nioni
637 3490 971 3550 accedimus,
1021 3492 1110 3554 qui
1144 3491 1346 3542 fulmen
1384 3491 1512 3542 illud

460 3561 683 3624 figurate
728 3564 797 3613 de
833 3566 1110 3628 repentina
1148 3565 1388 3616 fortunae
1430 3568 1512 3615 vi-

462 3637 769 3688 cissitudine
783 3640 1157 3703 accipiendum
1169 3653 1289 3689 esse
1304 3643 1507 3691 rentur.

464 3712 637 3774 Longe
689 3714 833 3764 enim
883 3712 1077 3764 clarius
1127 3713 1230 3762 hoc
1275 3727 1305 3763 a
1350 3718 1509 3778 poeta

460 3785 867 3847 significandum
930 3788 1130 3838 fuisset.
1196 3815 1248 3823 —
1308 3789 1510 3851 Dignus

463 3862 571 3920 est,
624 3862 717 3924 qui
760 3862 828 3911 de
872 3863 975 3913 hoc
1009 3863 1248 3912 carmine
1282 3861 1507 3926 legatur,

459 3935 678 3996 Lessing
709 3937 984 4000 Rettwnyen
1015 3939 1100 3986 des
1131 3938 1320 3987 Horas.
1371 3938 1503 4001 Opp.

460 4006 545 4057 ed.
578 4009 794 4059 Lachm.
824 4011 908 4060 lV.
934 4025 988 4075 p.
1016 4011 1096 4061 34.
1135 4038 1190 4048 —
1225 4012 1509 4076 (Scriptum

457 4082 671 4132 videtur
704 4097 752 4133 a.
791 4098 845 4134 u.
884 4098 931 4135 c.
970 4086 1066 4137 730
1099 4084 1185 4136 vel
1219 4086 1354 4149 734.)

524 4159 571 4206 4.
625 4157 833 4221 Parcus]
887 4160 1114 4222 «exigua
1166 4162 1373 4210 tantum
1419 4174 1510 4210 sa-

1598 1780 1900 1844 infrequens]
1955 1799 1979 1825 α
1994 1780 2084 1843 qui
2128 1791 2248 1827 raro
2290 1778 2516 1828 deorum
2550 1777 2650 1827 de·-

1600 1853 1754 1905 lubra
1802 1855 1971 1904 adit.»
2040 1855 2095 1902 ln
2143 1850 2492 1903 formularum
2532 1864 2651 1902 ser-

1600 1942 1760 1978 mone
1797 1929 1951 1978 Festo
1985 1930 2121 1977 teste
2155 1927 2442 1989 infrequens
2462 1924 2650 1990 appel-

1597 2002 1811 2052 labatur
1842 2000 2023 2061 miles,
2065 2001 2186 2063 «qui
2222 2000 2378 2050 abest
2398 1999 2592 2049 afuitve
2616 2013 2646 2049 a

1598 2078 1811 2139 signis.»
1883 2075 1989 2124 Sed
2025 2076 2160 2124 haec
2195 2075 2533 2137 significati0‚
2588 2076 2648 2123 ut

1595 2155 1743 2201 recte
1776 2150 1908 2199 vidit
1941 2149 2190 2212 Lessing,
2228 2147 2352 2199 nihil
2388 2148 2457 2198 ad
2485 2149 2650 2198 Hora-

1594 2228 1728 2276 tium
1763 2227 1965 2275 attinet.

1660 2302 1709 2350 2.
1783 2297 2450 2360 Insaniencis-sapientiae]
2488 2295 2642 2359 Apud

1594 2376 1803 2425 Lucret.
1858 2376 1916 2434 ὕ,
1975 2374 2053 2422 40.
2142 2373 2350 2436 Epicuri
2404 2370 2641 2420 doctrina

1592 2452 1716 2499 κατ’
1742 2444 1955 2514 ἐξοχὴν
1982 2448 2231 2509 sapientia
2251 2447 2497 2503 vocatum
2535 2445 2639 2494 iam

1592 2525 1748 2574 huius
1798 2523 2209 2588 perversitatem
2251 2521 2641 2583 significaturus

1590 2599 1917 2648 insanientem
1968 2594 2227 2661 appellat,
2281 2597 2340 2644 ut
2388 2592 2635 2654 Aeschyl.

1590 2678 1767 2724 Prom.
1806 2671 1918 2722 545.
1958 2673 2013 2720 et
2056 2670 2234 2732 Eurip.
2279 2668 2443 2732 lphig.
2484 2667 2637 2715 Taur.

1591 2748 1716 2797 566:
1754 2740 1968 2816 ἄχαριν
2002 2740 2190 2814 χάριν.
2217 2742 2350 2793 lbid.
2377 2742 2504 2791 832:
2542 2737 2645 2789 ed-

1589 2824 1713 2892 κρυ’
1761 2816 2041 2890 ἀδάκρυα.
2114 2818 2275 2881 Soph.
2321 2818 2464 2866 Aiac.
2509 2815 2636 2864 665:

1588 2894 1816 2968 ἐχθρῶν
1839 2889 2038 2965 ἄδωρα
2058 2887 2232 2962 δῶρα.
2272 2893 2487 2954 Gregor.
2510 2890 2634 2938 Naz.

1588 2975 1787 3024 Invect.
1840 2985 1919 3035 pr.
1977 2970 2030 3019 in
2081 2967 2264 3018 Iulian.
2319 2965 2415 3016 Ed.
2471 2965 2634 3015 Paris.

1589 3047 1736 3097 ⁴778.
1780 3060 1832 3110 p.
1880 3045 1970 3094 79:
2024 3036 2285 3104 ἄσοφος,
2339 3039 2407 3090 ἵν’
2452 3031 2640 3100 οὕτως

1589 3116 1899 3186 ὀνομάσω,
1952 3121 2157 3181 σοφία.
2218 3118 2325 3168 Cic.
2377 3114 2446 3165 de
2490 3116 2634 3165 Orat.

1586 3197 1637 3258 3,
1673 3197 1755 3247 58:
1794 3197 2034 3257 innuptae
2065 3194 2286 3255 nuptiae.
2324 3188 2545 3254 Philipp.
2585 3190 2634 3249 4,

1585 3273 1637 3331 2,
1662 3273 1711 3320 5:
1749 3270 1997 3332 insepulta
2021 3269 2294 3331 sepultura.
2332 3265 2481 3317 Ovid.
2509 3265 2631 3314 Met.

1586 3347 1617 3394 2
1642 3383 1654 3405 ‚
1708 3345 1839 3394 627:
1896 3345 2180 3405 iniustaque
2237 3343 2372 3390 iusta
2418 3338 2630 3402 peregit.

1585 3419 1771 3469 Boeth.
1813 3419 1972 3468 Cons.
2011 3418 2104 3467 Ph.
2143 3418 2202 3476 2,
2239 3416 2296 3466 4:
2345 3413 2638 3463 mortalium

1584 3507 1760 3542 rerum
1789 3493 1978 3542 misera
2021 3491 2286 3541 beatitudo.
2359 3487 2634 3538 Contraria

1584 3568 1789 3617 ratione
1835 3567 2012 3629 Eurip.
2061 3564 2255 3615 Bacch.
2304 3564 2396 3611 65:
2453 3556 2635 3610 πόνον

1586 3636 1730 3706 ἡδὺν
1765 3635 2045 3704 Κάματόν
2077 3640 2124 3688 τ’
2161 3631 2508 3699 εὐκάματον.

1650 3716 1700 3766 3.
1758 3715 2035 3776 sapientiae
2068 3710 2344 3773 Consentiae]
2382 3711 2526 3759 Nove
2550 3709 2634 3760 di-

1584 3793 1757 3847 ctum,
1797 3789 1854 3837 ut
1887 3789 2014 3837 iuris
2044 3785 2320 3842 consultum
2359 3787 2632 3836 «versatus

1584 3864 1638 3914 in
1673 3876 1737 3912 ea
1772 3862 2063 3911 doctrina.»
2100 3860 2208 3909 Liv.
2248 3859 2339 3918 40,
2376 3859 2464 3908 22:
2506 3859 2636 3909 iuris

1584 3943 1735 3999 atque
1769 3936 2078 3997 eloquentiae
2108 3934 2374 3985 consultus.
2417 3936 2628 3984 Petron.

1585 4013 1644 4062 C.
1672 4011 1761 4060 89:
1800 4010 1888 4058 Ubi
1910 4009 2252 4071 etsapientiae
2271 4008 2634 4058 consultissima

1580 4085 1707 4135 via?
1744 4112 1799 4120 —
1831 4084 1964 4148 erro]
1991 4085 2160 4134 «Dum
2183 4083 2337 4147 quasi
2357 4095 2458 4146 per
2480 4095 2629 4132 mare

1584 4158 1728 4210 nullo
1752 4161 1900 4208 certo
1923 4156 2142 4209 consilio
2160 4170 2348 4221 vagor,
2386 4170 2528 4207 nunc
2549 4169 2633 4205 re-

460 4230 685 4292 crificia,
737 4232 782 4282 si
817 4232 1057 4295 quando,
1108 4234 1355 4285 afferens.
1373 4252 1397 4278 ι»
1451 4261 1505 4270 -
1583 4234 1720 4284 verti
1754 4245 1916 4296 cogor
1949 4231 2018 4283 ad
2053 4234 2321 4284 saniorem
2356 4231 2496 4282 illam
2541 4245 2632 4280 ra·-
