<?xml version="1.0" encoding="UTF-8"?>
<!DOCTYPE html PUBLIC "-//W3C//DTD XHTML 1.0 Transitional//EN"
    "http://www.w3.org/TR/xhtml1/DTD/xhtml1-transitional.dtd">
<html xmlns="http://www.w3.org/1999/xhtml" xml:lang="en" lang="en">
 <head>
  <title>
</title>
<meta http-equiv="Content-Type" content="text/html;charset=utf-8" />
  <meta name='ocr-system' content='tesseract 3.04.00' />
  <meta name='ocr-capabilities' content='ocr_page ocr_carea ocr_par ocr_line ocrx_word'/>
</head>
<body>
  <div class='ocr_page' id='page_1' title='image "./qhoratiusflaccu05baitgoog_0408.png"; bbox 0 0 3234 4975; ppageno 0'>
   <div class='ocr_carea' id='block_1_1' title="bbox 658 384 783 447">
    <p class='ocr_par' dir='ltr' id='par_1_1' title="bbox 658 384 783 447">
     <span class='ocr_line' id='line_1_1' title="bbox 658 384 783 447; baseline -0.008 0"><span class='ocrx_word' id='word_1_1' title='bbox 658 384 783 447; x_wconf 84' lang='lat'><strong>380</strong></span> 
     </span>
    </p>
   </div>
   <div class='ocr_carea' id='block_1_2' title="bbox 1432 387 2061 438">
    <p class='ocr_par' dir='ltr' id='par_1_2' title="bbox 1432 387 2061 438">
     <span class='ocr_line' id='line_1_2' title="bbox 1432 387 2061 438; baseline 0.003 -2"><span class='ocrx_word' id='word_1_2' title='bbox 1432 387 1690 437; x_wconf 76' lang='lat' dir='ltr'>HORATll</span> <span class='ocrx_word' id='word_1_3' title='bbox 1724 387 2061 438; x_wconf 70' lang='lat' dir='ltr'><strong>CARnnNUM</strong></span> 
     </span>
    </p>
   </div>
   <div class='ocr_carea' id='block_1_3' title="bbox 996 540 2255 749">
    <p class='ocr_par' dir='ltr' id='par_1_3' title="bbox 996 540 2255 749">
     <span class='ocr_line' id='line_1_3' title="bbox 996 540 2255 628; baseline -0.002 -22"><span class='ocrx_word' id='word_1_4' title='bbox 996 542 1231 607; x_wconf 80' lang='lat' dir='ltr'>Pacem</span> <span class='ocrx_word' id='word_1_5' title='bbox 1274 540 1492 608; x_wconf 87' lang='lat' dir='ltr'><strong>duello</strong></span> <span class='ocrx_word' id='word_1_6' title='bbox 1537 541 1814 608; x_wconf 85' lang='lat' dir='ltr'><strong>miscuit.</strong></span> <span class='ocrx_word' id='word_1_7' title='bbox 1905 542 1963 608; x_wconf 93' lang='grc' dir='ltr'><strong>Ο</strong></span> <span class='ocrx_word' id='word_1_8' title='bbox 2008 540 2255 628; x_wconf 91' lang='lat' dir='ltr'><strong>pudor!</strong></span> 
     </span>
     <span class='ocr_line' id='line_1_4' title="bbox 1080 660 2204 749; baseline 0 -22"><span class='ocrx_word' id='word_1_9' title='bbox 1080 661 1138 727; x_wconf 93' lang='grc' dir='ltr'><strong>Ο</strong></span> <span class='ocrx_word' id='word_1_10' title='bbox 1182 682 1413 749; x_wconf 83' lang='lat' dir='ltr'><strong>magna</strong></span> <span class='ocrx_word' id='word_1_11' title='bbox 1459 660 1821 749; x_wconf 82' lang='lat' dir='ltr'><strong>Karthago,</strong></span> <span class='ocrx_word' id='word_1_12' title='bbox 1870 662 2204 749; x_wconf 82' lang='lat' dir='ltr'>probrosis</span> 
     </span>
    </p>
   </div>
   <div class='ocr_carea' id='block_1_4' title="bbox 1165 781 1915 849">
    <p class='ocr_par' dir='ltr' id='par_1_4' title="bbox 1165 781 1915 849">
     <span class='ocr_line' id='line_1_5' title="bbox 1165 781 1915 849; baseline -0.001 -1"><span class='ocrx_word' id='word_1_13' title='bbox 1165 781 1366 848; x_wconf 81' lang='lat' dir='ltr'><strong>Altior</strong></span> <span class='ocrx_word' id='word_1_14' title='bbox 1408 781 1629 849; x_wconf 85' lang='lat' dir='ltr'><strong>ltaliae</strong></span> <span class='ocrx_word' id='word_1_15' title='bbox 1674 782 1877 849; x_wconf 90' lang='lat' dir='ltr'><strong>ruinis</strong></span> <span class='ocrx_word' id='word_1_16' title='bbox 1902 783 1915 847; x_wconf 77' lang='lat'>1</span> 
     </span>
    </p>
   </div>
   <div class='ocr_carea' id='block_1_5' title="bbox 2745 785 2830 849">
    <p class='ocr_par' dir='ltr' id='par_1_5' title="bbox 2745 785 2830 849">
     <span class='ocr_line' id='line_1_6' title="bbox 2745 785 2830 849; baseline 0 0"><span class='ocrx_word' id='word_1_17' title='bbox 2745 785 2830 849; x_wconf 73' lang='lat'><strong>40</strong></span> 
     </span>
    </p>
   </div>
   <div class='ocr_carea' id='block_1_6' title="bbox 993 939 2301 1391">
    <p class='ocr_par' dir='ltr' id='par_1_6' title="bbox 993 939 2301 1391">
     <span class='ocr_line' id='line_1_7' title="bbox 996 939 2221 1028; baseline 0.001 -22"><span class='ocrx_word' id='word_1_18' title='bbox 996 942 1224 1006; x_wconf 85' lang='lat' dir='ltr'><strong>Fertur</strong></span> <span class='ocrx_word' id='word_1_19' title='bbox 1264 939 1542 1028; x_wconf 87' lang='lat' dir='ltr'><strong>pudicae</strong></span> <span class='ocrx_word' id='word_1_20' title='bbox 1588 941 1881 1028; x_wconf 84' lang='lat' dir='ltr'><strong>coniugis</strong></span> <span class='ocrx_word' id='word_1_21' title='bbox 1924 939 2221 1008; x_wconf 90' lang='lat' dir='ltr'><strong>osculum</strong></span> 
     </span>
     <span class='ocr_line' id='line_1_8' title="bbox 993 1062 2243 1149; baseline 0.002 -22"><span class='ocrx_word' id='word_1_22' title='bbox 993 1063 1369 1148; x_wconf 75' lang='lat' dir='ltr'><strong>parvosque</strong></span> <span class='ocrx_word' id='word_1_23' title='bbox 1414 1071 1601 1127; x_wconf 87' lang='lat' dir='ltr'><strong>natos</strong></span> <span class='ocrx_word' id='word_1_24' title='bbox 1643 1070 1716 1126; x_wconf 87' lang='lat' dir='ltr'><strong>ut</strong></span> <span class='ocrx_word' id='word_1_25' title='bbox 1758 1062 1987 1149; x_wconf 87' lang='lat' dir='ltr'><strong>capitis</strong></span> <span class='ocrx_word' id='word_1_26' title='bbox 2031 1063 2243 1129; x_wconf 90' lang='lat' dir='ltr'><strong>minor</strong></span> 
     </span>
     <span class='ocr_line' id='line_1_9' title="bbox 1079 1183 2103 1251; baseline 0 -1"><span class='ocrx_word' id='word_1_27' title='bbox 1079 1183 1175 1250; x_wconf 89' lang='lat' dir='ltr'><strong>Ab</strong></span> <span class='ocrx_word' id='word_1_28' title='bbox 1219 1203 1293 1250; x_wconf 89' lang='lat' dir='ltr'><strong>se</strong></span> <span class='ocrx_word' id='word_1_29' title='bbox 1337 1184 1695 1251; x_wconf 82' lang='lat' dir='ltr'><strong>removisse</strong></span> <span class='ocrx_word' id='word_1_30' title='bbox 1740 1193 1805 1249; x_wconf 89' lang='lat' dir='ltr'><strong>et</strong></span> <span class='ocrx_word' id='word_1_31' title='bbox 1850 1183 2103 1250; x_wconf 87' lang='lat' dir='ltr'><strong>virilem</strong></span> 
     </span>
     <span class='ocr_line' id='line_1_10' title="bbox 1163 1304 2301 1391; baseline 0 -21"><span class='ocrx_word' id='word_1_32' title='bbox 1163 1306 1410 1371; x_wconf 86' lang='lat' dir='ltr'>Torvus</span> <span class='ocrx_word' id='word_1_33' title='bbox 1457 1304 1633 1371; x_wconf 90' lang='lat' dir='ltr'><strong>humi</strong></span> <span class='ocrx_word' id='word_1_34' title='bbox 1678 1304 1982 1391; x_wconf 79' lang='lat' dir='ltr'><strong>posuisse</strong></span> <span class='ocrx_word' id='word_1_35' title='bbox 2025 1304 2301 1372; x_wconf 87' lang='lat' dir='ltr'><strong>voltum:</strong></span> 
     </span>
    </p>
   </div>
   <div class='ocr_carea' id='block_1_7' title="bbox 992 1462 2131 1550">
    <p class='ocr_par' dir='ltr' id='par_1_7' title="bbox 992 1462 2131 1550">
     <span class='ocr_line' id='line_1_11' title="bbox 992 1462 2131 1550; baseline 0.001 -21"><span class='ocrx_word' id='word_1_36' title='bbox 992 1465 1221 1530; x_wconf 88' lang='lat' dir='ltr'><strong>Donec</strong></span> <span class='ocrx_word' id='word_1_37' title='bbox 1260 1462 1551 1530; x_wconf 80' lang='lat' dir='ltr'><strong>labantes</strong></span> <span class='ocrx_word' id='word_1_38' title='bbox 1595 1462 1870 1529; x_wconf 90' lang='lat' dir='ltr'><strong>consilio</strong></span> <span class='ocrx_word' id='word_1_39' title='bbox 1912 1472 2131 1550; x_wconf 90' lang='lat' dir='ltr'><strong>patres</strong></span> 
     </span>
    </p>
   </div>
   <div class='ocr_carea' id='block_1_8' title="bbox 2746 1468 2828 1531">
    <p class='ocr_par' dir='ltr' id='par_1_8' title="bbox 2746 1468 2828 1531">
     <span class='ocr_line' id='line_1_12' title="bbox 2746 1468 2828 1531; baseline 0 0"><span class='ocrx_word' id='word_1_40' title='bbox 2746 1468 2828 1531; x_wconf 76' lang='lat'><strong>45</strong></span> 
     </span>
    </p>
   </div>
   <div class='ocr_carea' id='block_1_9' title="bbox 719 1668 2757 1812">
    <p class='ocr_par' dir='ltr' id='par_1_9' title="bbox 719 1668 2757 1812">
     <span class='ocr_line' id='line_1_13' title="bbox 785 1668 2757 1735; baseline 0.001 -13"><span class='ocrx_word' id='word_1_41' title='bbox 785 1673 867 1723; x_wconf 82' lang='lat'><strong>38.</strong></span> <span class='ocrx_word' id='word_1_42' title='bbox 902 1672 1083 1722; x_wconf 76' lang='lat' dir='ltr'><strong>Pacem</strong></span> <span class='ocrx_word' id='word_1_43' title='bbox 1128 1675 1175 1720; x_wconf 78' lang='grc' dir='ltr'><strong>οι</strong></span> <span class='ocrx_word' id='word_1_44' title='bbox 1222 1670 1382 1720; x_wconf 81' lang='lat' dir='ltr'><strong>duello</strong></span> <span class='ocrx_word' id='word_1_45' title='bbox 1422 1668 1591 1719; x_wconf 86' lang='lat' dir='ltr'><strong>Bentl.</strong></span> <span class='ocrx_word' id='word_1_46' title='bbox 1643 1669 1782 1719; x_wconf 87' lang='lat' dir='ltr'><strong>coni.</strong></span> <span class='ocrx_word' id='word_1_47' title='bbox 1841 1696 1895 1706; x_wconf 92' lang='lat'><strong>—</strong></span> <span class='ocrx_word' id='word_1_48' title='bbox 1950 1668 2032 1721; x_wconf 76' lang='lat'><strong>43.</strong></span> <span class='ocrx_word' id='word_1_49' title='bbox 2069 1670 2111 1720; x_wconf 77' lang='lat' dir='ltr'><strong><em>A</em></strong></span> <span class='ocrx_word' id='word_1_50' title='bbox 2144 1683 2196 1721; x_wconf 75' lang='lat' dir='ltr'><strong>so</strong></span> <span class='ocrx_word' id='word_1_51' title='bbox 2226 1669 2451 1731; x_wconf 85' lang='lat' dir='ltr'><strong>bT‚LCt.</strong></span> <span class='ocrx_word' id='word_1_52' title='bbox 2513 1673 2593 1734; x_wconf 88' lang='lat' dir='ltr'><strong>(Ut</strong></span> <span class='ocrx_word' id='word_1_53' title='bbox 2625 1685 2757 1735; x_wconf 89' lang='lat' dir='ltr'><strong>nos,</strong></span> 
     </span>
     <span class='ocr_line' id='line_1_14' title="bbox 719 1742 2576 1812; baseline -0.001 -14"><span class='ocrx_word' id='word_1_54' title='bbox 719 1746 891 1808; x_wconf 83' lang='lat' dir='ltr'><strong>bScd,</strong></span> <span class='ocrx_word' id='word_1_55' title='bbox 927 1743 1120 1812; x_wconf 79' lang='grc' dir='ltr'><strong><em>βγδκω</em></strong></span> <span class='ocrx_word' id='word_1_56' title='bbox 1158 1757 1312 1795; x_wconf 78' lang='lat' dir='ltr'><strong>«cum</strong></span> <span class='ocrx_word' id='word_1_57' title='bbox 1344 1742 1458 1794; x_wconf 83' lang='lat' dir='ltr'><strong>aliis</strong></span> <span class='ocrx_word' id='word_1_58' title='bbox 1492 1745 1741 1794; x_wconf 79' lang='lat' dir='ltr'><strong>nostris.»</strong></span> <span class='ocrx_word' id='word_1_59' title='bbox 1784 1745 1988 1808; x_wconf 65' lang='lat' dir='ltr'><strong>Bam-1..)</strong></span> <span class='ocrx_word' id='word_1_60' title='bbox 2027 1772 2084 1782; x_wconf 91' lang='lat'><strong>—</strong></span> <span class='ocrx_word' id='word_1_61' title='bbox 2119 1744 2201 1797; x_wconf 67' lang='lat'><strong>45.</strong></span> <span class='ocrx_word' id='word_1_62' title='bbox 2239 1745 2456 1796; x_wconf 66' lang='lat' dir='ltr'><strong>mbo-itis</strong></span> <span class='ocrx_word' id='word_1_63' title='bbox 2486 1747 2576 1797; x_wconf 89' lang='lat' dir='ltr'><strong>Bc.</strong></span> 
     </span>
    </p>
   </div>
   <div class='ocr_carea' id='block_1_10' title="bbox 655 1928 2829 2071">
    <p class='ocr_par' dir='ltr' id='par_1_10' title="bbox 655 1928 2829 2071">
     <span class='ocr_line' id='line_1_15' title="bbox 656 1928 2829 1994; baseline -0.001 -9"><span class='ocrx_word' id='word_1_64' title='bbox 656 1935 816 1984; x_wconf 84' lang='lat' dir='ltr'><strong>huius</strong></span> <span class='ocrx_word' id='word_1_65' title='bbox 859 1930 960 1982; x_wconf 89' lang='lat' dir='ltr'><strong>loci</strong></span> <span class='ocrx_word' id='word_1_66' title='bbox 1002 1930 1297 1982; x_wconf 83' lang='lat' dir='ltr'><strong>sententiae</strong></span> <span class='ocrx_word' id='word_1_67' title='bbox 1340 1928 1425 1981; x_wconf 78' lang='lat' dir='ltr'><strong>vel</strong></span> <span class='ocrx_word' id='word_1_68' title='bbox 1469 1930 1629 1980; x_wconf 83' lang='lat' dir='ltr'><strong>etiam</strong></span> <span class='ocrx_word' id='word_1_69' title='bbox 1676 1943 1707 1981; x_wconf 89' lang='lat' dir='ltr'><strong>e</strong></span> <span class='ocrx_word' id='word_1_70' title='bbox 1780 1935 2008 1980; x_wconf 62' lang='lat' dir='ltr'><strong>matun</strong></span> <span class='ocrx_word' id='word_1_71' title='bbox 2055 1930 2300 1993; x_wconf 76' lang='lat' dir='ltr'><strong>Compulit</strong></span> <span class='ocrx_word' id='word_1_72' title='bbox 2346 1931 2525 1994; x_wconf 72' lang='lat' dir='ltr'><strong>infelix</strong></span> <span class='ocrx_word' id='word_1_73' title='bbox 2568 1934 2637 1983; x_wconf 77' lang='lat' dir='ltr'><strong>ad</strong></span> <span class='ocrx_word' id='word_1_74' title='bbox 2680 1933 2829 1983; x_wconf 74' lang='lat' dir='ltr'><strong>inea:-</strong></span> 
     </span>
     <span class='ocr_line' id='line_1_16' title="bbox 655 2004 2823 2071; baseline 0 -14"><span class='ocrx_word' id='word_1_75' title='bbox 655 2005 814 2071; x_wconf 80' lang='lat' dir='ltr'><strong>gloss.</strong></span> <span class='ocrx_word' id='word_1_76' title='bbox 869 2005 938 2056; x_wconf 87' lang='lat' dir='ltr'><strong>ad</strong></span> <span class='ocrx_word' id='word_1_77' title='bbox 986 2019 1075 2055; x_wconf 83' lang='lat' dir='ltr'><strong>vv.</strong></span> <span class='ocrx_word' id='word_1_78' title='bbox 1125 2006 1257 2055; x_wconf 76' lang='lat' dir='ltr'><strong>undo</strong></span> <span class='ocrx_word' id='word_1_79' title='bbox 1302 2005 1462 2054; x_wconf 72' lang='lat' dir='ltr'><strong>vitam</strong></span> <span class='ocrx_word' id='word_1_80' title='bbox 1502 2004 1703 2067; x_wconf 88' lang='lat' dir='ltr'><strong>aptius,</strong></span> <span class='ocrx_word' id='word_1_81' title='bbox 1781 2004 1971 2055; x_wconf 74' lang='lat' dir='ltr'><strong>arabile</strong></span> <span class='ocrx_word' id='word_1_82' title='bbox 2011 2010 2253 2068; x_wconf 67' lang='lat' dir='ltr'><strong>pacem,</strong></span> <span class='ocrx_word' id='word_1_83' title='bbox 2309 2007 2482 2069; x_wconf 76' lang='lat' dir='ltr'><strong>Captis</strong></span> <span class='ocrx_word' id='word_1_84' title='bbox 2524 2007 2631 2071; x_wconf 71' lang='lat'><strong>1090</strong></span> <span class='ocrx_word' id='word_1_85' title='bbox 2673 2009 2823 2068; x_wconf 77' lang='lat' dir='ltr'><strong>dam,</strong></span> 
     </span>
    </p>
   </div>
   <div class='ocr_carea' id='block_1_11' title="bbox 651 2079 1708 2960">
    <p class='ocr_par' dir='ltr' id='par_1_11' title="bbox 651 2079 1708 2960">
     <span class='ocr_line' id='line_1_17' title="bbox 659 2079 1158 2141; baseline -0.008 -9"><span class='ocrx_word' id='word_1_86' title='bbox 659 2079 852 2132; x_wconf 86' lang='lat' dir='ltr'><strong>melius</strong></span> <span class='ocrx_word' id='word_1_87' title='bbox 911 2085 1158 2141; x_wconf 73' lang='lat' dir='ltr'><strong>sumeret,</strong></span> 
     </span>
     <span class='ocr_line' id='line_1_18' title="bbox 656 2151 1707 2217; baseline -0.002 -13"><span class='ocrx_word' id='word_1_88' title='bbox 656 2156 842 2217; x_wconf 78' lang='lat' dir='ltr'><strong>aptius.</strong></span> <span class='ocrx_word' id='word_1_89' title='bbox 913 2156 1075 2204; x_wconf 87' lang='lat' dir='ltr'><strong>Suam</strong></span> <span class='ocrx_word' id='word_1_90' title='bbox 1126 2154 1264 2204; x_wconf 89' lang='lat' dir='ltr'><strong>coni.</strong></span> <span class='ocrx_word' id='word_1_91' title='bbox 1319 2151 1587 2204; x_wconf 88' lang='lat' dir='ltr'><strong>Bentleius</strong></span> <span class='ocrx_word' id='word_1_92' title='bbox 1636 2153 1707 2202; x_wconf 85' lang='lat' dir='ltr'><strong>ita</strong></span> 
     </span>
     <span class='ocr_line' id='line_1_19' title="bbox 654 2228 1703 2293; baseline -0.002 -15"><span class='ocrx_word' id='word_1_93' title='bbox 654 2229 1033 2293; x_wconf 87' lang='lat' dir='ltr'><strong>interpretatus</strong></span> <span class='ocrx_word' id='word_1_94' title='bbox 1069 2230 1184 2278; x_wconf 87' lang='lat' dir='ltr'><strong>est:</strong></span> <span class='ocrx_word' id='word_1_95' title='bbox 1225 2228 1405 2287; x_wconf 81' lang='lat' dir='ltr'><strong>«Hinc,</strong></span> <span class='ocrx_word' id='word_1_96' title='bbox 1442 2241 1474 2277; x_wconf 87' lang='lat' dir='ltr'><strong>a</strong></span> <span class='ocrx_word' id='word_1_97' title='bbox 1504 2240 1703 2291; x_wconf 82' lang='lat' dir='ltr'><strong>pugna,</strong></span> 
     </span>
     <span class='ocr_line' id='line_1_20' title="bbox 655 2302 1708 2363; baseline -0.003 -10"><span class='ocrx_word' id='word_1_98' title='bbox 655 2303 831 2354; x_wconf 81' lang='lat' dir='ltr'><strong>timuit</strong></span> <span class='ocrx_word' id='word_1_99' title='bbox 862 2304 1119 2363; x_wconf 86' lang='lat' dir='ltr'><strong>mortem,</strong></span> <span class='ocrx_word' id='word_1_100' title='bbox 1157 2302 1301 2353; x_wconf 87' lang='lat' dir='ltr'><strong>unde</strong></span> <span class='ocrx_word' id='word_1_101' title='bbox 1323 2303 1487 2352; x_wconf 78' lang='lat' dir='ltr'><strong>vitam</strong></span> <span class='ocrx_word' id='word_1_102' title='bbox 1521 2312 1708 2351; x_wconf 89' lang='lat' dir='ltr'><strong>sume-</strong></span> 
     </span>
     <span class='ocr_line' id='line_1_21' title="bbox 659 2374 1704 2442; baseline -0.007 -15"><span class='ocrx_word' id='word_1_103' title='bbox 659 2378 956 2442; x_wconf 72' lang='lat' dir='ltr'><strong>retamim,</strong></span> <span class='ocrx_word' id='word_1_104' title='bbox 983 2377 1039 2427; x_wconf 84' lang='lat' dir='ltr'><strong>et</strong></span> <span class='ocrx_word' id='word_1_105' title='bbox 1060 2389 1250 2440; x_wconf 87' lang='lat' dir='ltr'><strong>pacem</strong></span> <span class='ocrx_word' id='word_1_106' title='bbox 1275 2374 1417 2426; x_wconf 87' lang='lat' dir='ltr'><strong>bello</strong></span> <span class='ocrx_word' id='word_1_107' title='bbox 1440 2375 1704 2426; x_wconf 77' lang='lat' dir='ltr'><strong>miscuit.»</strong></span> 
     </span>
     <span class='ocr_line' id='line_1_22' title="bbox 660 2446 1708 2517; baseline -0.005 -14"><span class='ocrx_word' id='word_1_108' title='bbox 660 2477 710 2488; x_wconf 92' lang='lat'><em>-</em></span> <span class='ocrx_word' id='word_1_109' title='bbox 776 2452 968 2517; x_wconf 79' lang='lat' dir='ltr'><strong>duello]</strong></span> <span class='ocrx_word' id='word_1_110' title='bbox 1026 2452 1390 2516; x_wconf 79' lang='lat' dir='ltr'><strong>Antiquiorem</strong></span> <span class='ocrx_word' id='word_1_111' title='bbox 1449 2446 1708 2500; x_wconf 79' lang='lat' dir='ltr'><strong>formula-</strong></span> 
     </span>
     <span class='ocr_line' id='line_1_23' title="bbox 657 2523 1702 2587; baseline -0.004 -11"><span class='ocrx_word' id='word_1_112' title='bbox 657 2541 777 2578; x_wconf 85' lang='lat' dir='ltr'><strong>rum</strong></span> <span class='ocrx_word' id='word_1_113' title='bbox 829 2527 1055 2577; x_wconf 79' lang='lat' dir='ltr'><strong>formam</strong></span> <span class='ocrx_word' id='word_1_114' title='bbox 1105 2525 1345 2577; x_wconf 86' lang='lat' dir='ltr'><strong>consulto</strong></span> <span class='ocrx_word' id='word_1_115' title='bbox 1395 2523 1605 2587; x_wconf 81' lang='lat' dir='ltr'><strong>delegit.</strong></span> <span class='ocrx_word' id='word_1_116' title='bbox 1647 2550 1702 2560; x_wconf 92' lang='lat'><strong>—-</strong></span> 
     </span>
     <span class='ocr_line' id='line_1_24' title="bbox 652 2596 1706 2666; baseline -0.005 -15"><span class='ocrx_word' id='word_1_117' title='bbox 652 2602 870 2666; x_wconf 75' lang='lat' dir='ltr'><strong>miscuit]</strong></span> <span class='ocrx_word' id='word_1_118' title='bbox 925 2600 1193 2664; x_wconf 77' lang='lat' dir='ltr'><strong>Significat</strong></span> <span class='ocrx_word' id='word_1_119' title='bbox 1242 2599 1421 2650; x_wconf 87' lang='lat' dir='ltr'><strong>medio</strong></span> <span class='ocrx_word' id='word_1_120' title='bbox 1465 2599 1520 2648; x_wconf 90' lang='lat' dir='ltr'><strong>in</strong></span> <span class='ocrx_word' id='word_1_121' title='bbox 1564 2596 1706 2648; x_wconf 86' lang='lat' dir='ltr'><strong>bello</strong></span> 
     </span>
     <span class='ocr_line' id='line_1_25' title="bbox 654 2674 1705 2738; baseline -0.004 -13"><span class='ocrx_word' id='word_1_122' title='bbox 654 2674 979 2738; x_wconf 80' lang='lat' dir='ltr'><strong>illegitimum</strong></span> <span class='ocrx_word' id='word_1_123' title='bbox 1047 2675 1189 2727; x_wconf 82' lang='lat' dir='ltr'><strong>istud</strong></span> <span class='ocrx_word' id='word_1_124' title='bbox 1244 2676 1461 2738; x_wconf 86' lang='lat' dir='ltr'><strong>pactum</strong></span> <span class='ocrx_word' id='word_1_125' title='bbox 1518 2674 1705 2723; x_wconf 82' lang='lat' dir='ltr'><strong>initum</strong></span> 
     </span>
     <span class='ocr_line' id='line_1_26' title="bbox 653 2746 1707 2814; baseline -0.002 -16"><span class='ocrx_word' id='word_1_126' title='bbox 653 2763 793 2800; x_wconf 86' lang='lat' dir='ltr'><strong>esse.</strong></span> <span class='ocrx_word' id='word_1_127' title='bbox 812 2776 867 2785; x_wconf 95' lang='lat'><strong>—</strong></span> <span class='ocrx_word' id='word_1_128' title='bbox 885 2751 926 2799; x_wconf 89' lang='lat'><em>0</em></span> <span class='ocrx_word' id='word_1_129' title='bbox 942 2750 1147 2814; x_wconf 72' lang='lat' dir='ltr'><strong>puden-1]</strong></span> <span class='ocrx_word' id='word_1_130' title='bbox 1167 2750 1280 2799; x_wconf 83' lang='lat' dir='ltr'><strong>Hoc</strong></span> <span class='ocrx_word' id='word_1_131' title='bbox 1303 2747 1421 2799; x_wconf 91' lang='lat' dir='ltr'><strong>loco</strong></span> <span class='ocrx_word' id='word_1_132' title='bbox 1439 2746 1707 2797; x_wconf 87' lang='lat' dir='ltr'><strong>Bentleius</strong></span> 
     </span>
     <span class='ocr_line' id='line_1_27' title="bbox 654 2822 1706 2884; baseline -0.003 -12"><span class='ocrx_word' id='word_1_133' title='bbox 654 2822 891 2874; x_wconf 74' lang='lat' dir='ltr'><strong>defendit</strong></span> <span class='ocrx_word' id='word_1_134' title='bbox 923 2824 1070 2874; x_wconf 85' lang='lat' dir='ltr'><strong>ovid.</strong></span> <span class='ocrx_word' id='word_1_135' title='bbox 1110 2824 1232 2873; x_wconf 82' lang='lat' dir='ltr'><strong>Her.</strong></span> <span class='ocrx_word' id='word_1_136' title='bbox 1271 2824 1328 2883; x_wconf 80' lang='lat'><strong>9,</strong></span> <span class='ocrx_word' id='word_1_137' title='bbox 1369 2822 1496 2871; x_wconf 72' lang='lat'><strong>⁴⁴⁴:</strong></span> <span class='ocrx_word' id='word_1_138' title='bbox 1534 2822 1575 2870; x_wconf 89' lang='lat'><em>0</em></span> <span class='ocrx_word' id='word_1_139' title='bbox 1599 2835 1706 2884; x_wconf 78' lang='lat' dir='ltr'><strong>pu-</strong></span> 
     </span>
     <span class='ocr_line' id='line_1_28' title="bbox 651 2896 1704 2960; baseline -0.003 -13"><span class='ocrx_word' id='word_1_140' title='bbox 651 2899 777 2958; x_wconf 76' lang='lat' dir='ltr'><strong>dor,</strong></span> <span class='ocrx_word' id='word_1_141' title='bbox 831 2910 931 2960; x_wconf 88' lang='lat' dir='ltr'><strong>pro</strong></span> <span class='ocrx_word' id='word_1_142' title='bbox 987 2910 1093 2960; x_wconf 90' lang='lat' dir='ltr'><strong>quo</strong></span> <span class='ocrx_word' id='word_1_143' title='bbox 1140 2897 1279 2947; x_wconf 84' lang='lat' dir='ltr'><strong>Jahn</strong></span> <span class='ocrx_word' id='word_1_144' title='bbox 1328 2909 1455 2946; x_wconf 90' lang='lat' dir='ltr'><strong>cum</strong></span> <span class='ocrx_word' id='word_1_145' title='bbox 1490 2896 1704 2947; x_wconf 84' lang='lat' dir='ltr'><strong>Heinsio</strong></span> 
     </span>
    </p>
   </div>
   <div class='ocr_carea' id='block_1_12' title="bbox 654 2972 969 3032">
    <p class='ocr_par' dir='ltr' id='par_1_12' title="bbox 654 2972 969 3032">
     <span class='ocr_line' id='line_1_29' title="bbox 654 2972 969 3032; baseline -0.003 -11"><span class='ocrx_word' id='word_1_146' title='bbox 654 2972 754 3022; x_wconf 79' lang='lat' dir='ltr'><strong>Pro</strong></span> <span class='ocrx_word' id='word_1_147' title='bbox 781 2973 969 3032; x_wconf 72' lang='lat' dir='ltr'><strong>pudor.</strong></span> 
     </span>
    </p>
   </div>
   <div class='ocr_carea' id='block_1_13' title="bbox 646 3081 1705 3962">
    <p class='ocr_par' dir='ltr' id='par_1_13' title="bbox 646 3081 1705 3962">
     <span class='ocr_line' id='line_1_30' title="bbox 721 3081 1700 3146; baseline -0.002 -14"><span class='ocrx_word' id='word_1_148' title='bbox 721 3082 802 3133; x_wconf 68' lang='lat'><strong>40.</strong></span> <span class='ocrx_word' id='word_1_149' title='bbox 871 3081 1055 3146; x_wconf 76' lang='lat' dir='ltr'><strong>Altior]</strong></span> <span class='ocrx_word' id='word_1_150' title='bbox 1124 3083 1302 3145; x_wconf 79' lang='lat' dir='ltr'><strong>Imago</strong></span> <span class='ocrx_word' id='word_1_151' title='bbox 1375 3081 1512 3132; x_wconf 84' lang='lat' dir='ltr'><strong>haec</strong></span> <span class='ocrx_word' id='word_1_152' title='bbox 1584 3083 1700 3132; x_wconf 88' lang='lat' dir='ltr'><strong>est:</strong></span> 
     </span>
     <span class='ocr_line' id='line_1_31' title="bbox 655 3156 1703 3218; baseline 0.002 -16"><span class='ocrx_word' id='word_1_153' title='bbox 655 3156 948 3218; x_wconf 73' lang='lat' dir='ltr'><strong>«Karthago</strong></span> <span class='ocrx_word' id='word_1_154' title='bbox 982 3156 1298 3206; x_wconf 86' lang='lat' dir='ltr'><strong>inconcussa</strong></span> <span class='ocrx_word' id='word_1_155' title='bbox 1332 3157 1385 3206; x_wconf 90' lang='lat' dir='ltr'><strong>et</strong></span> <span class='ocrx_word' id='word_1_156' title='bbox 1415 3156 1603 3206; x_wconf 80' lang='lat' dir='ltr'><strong>victrix</strong></span> <span class='ocrx_word' id='word_1_157' title='bbox 1638 3169 1703 3206; x_wconf 83' lang='lat' dir='ltr'><strong>ex</strong></span> 
     </span>
     <span class='ocr_line' id='line_1_32' title="bbox 653 3228 1705 3293; baseline -0.001 -13"><span class='ocrx_word' id='word_1_158' title='bbox 653 3229 757 3280; x_wconf 82' lang='lat' dir='ltr'><strong>alta</strong></span> <span class='ocrx_word' id='word_1_159' title='bbox 791 3242 886 3280; x_wconf 90' lang='lat' dir='ltr'><strong>sua</strong></span> <span class='ocrx_word' id='word_1_160' title='bbox 910 3228 1041 3279; x_wconf 89' lang='lat' dir='ltr'><strong>sede</strong></span> <span class='ocrx_word' id='word_1_161' title='bbox 1067 3229 1293 3293; x_wconf 87' lang='lat' dir='ltr'><strong>despicit</strong></span> <span class='ocrx_word' id='word_1_162' title='bbox 1315 3228 1517 3280; x_wconf 84' lang='lat' dir='ltr'><strong>ltaliam</strong></span> <span class='ocrx_word' id='word_1_163' title='bbox 1550 3231 1705 3293; x_wconf 81' lang='lat' dir='ltr'><strong>igno-</strong></span> 
     </span>
     <span class='ocr_line' id='line_1_33' title="bbox 653 3303 1704 3369; baseline 0.001 -15"><span class='ocrx_word' id='word_1_164' title='bbox 653 3304 891 3355; x_wconf 89' lang='lat' dir='ltr'><strong>miniosis</strong></span> <span class='ocrx_word' id='word_1_165' title='bbox 929 3303 1185 3355; x_wconf 87' lang='lat' dir='ltr'><strong>caedibus</strong></span> <span class='ocrx_word' id='word_1_166' title='bbox 1224 3303 1446 3368; x_wconf 87' lang='lat' dir='ltr'><strong>aliisque</strong></span> <span class='ocrx_word' id='word_1_167' title='bbox 1490 3304 1704 3369; x_wconf 85' lang='lat' dir='ltr'><strong>probris</strong></span> 
     </span>
     <span class='ocr_line' id='line_1_34' title="bbox 653 3377 1705 3442; baseline -0.001 -13"><span class='ocrx_word' id='word_1_168' title='bbox 653 3380 705 3429; x_wconf 88' lang='lat' dir='ltr'><strong>in</strong></span> <span class='ocrx_word' id='word_1_169' title='bbox 727 3377 1009 3442; x_wconf 85' lang='lat' dir='ltr'><strong>pulverem</strong></span> <span class='ocrx_word' id='word_1_170' title='bbox 1030 3380 1403 3442; x_wconf 76' lang='lat' dir='ltr'><strong>prostratam.»</strong></span> <span class='ocrx_word' id='word_1_171' title='bbox 1474 3377 1570 3428; x_wconf 79' lang='lat' dir='ltr'><strong>Alii</strong></span> <span class='ocrx_word' id='word_1_172' title='bbox 1606 3391 1705 3428; x_wconf 81' lang='lat' dir='ltr'><strong>ex-</strong></span> 
     </span>
     <span class='ocr_line' id='line_1_35' title="bbox 650 3451 1704 3519; baseline 0 -17"><span class='ocrx_word' id='word_1_173' title='bbox 650 3452 877 3519; x_wconf 83' lang='lat' dir='ltr'><strong>plicant:</strong></span> <span class='ocrx_word' id='word_1_174' title='bbox 942 3451 1124 3503; x_wconf 78' lang='lat' dir='ltr'><strong>«altior</strong></span> <span class='ocrx_word' id='word_1_175' title='bbox 1156 3453 1321 3514; x_wconf 76' lang='lat' dir='ltr'><strong>facta,</strong></span> <span class='ocrx_word' id='word_1_176' title='bbox 1371 3451 1594 3503; x_wconf 82' lang='lat' dir='ltr'><strong>exaltata</strong></span> <span class='ocrx_word' id='word_1_177' title='bbox 1634 3453 1704 3516; x_wconf 91' lang='lat' dir='ltr'><strong>(in</strong></span> 
     </span>
     <span class='ocr_line' id='line_1_36' title="bbox 651 3526 1704 3593; baseline -0.004 -14"><span class='ocrx_word' id='word_1_178' title='bbox 651 3528 946 3593; x_wconf 86' lang='lat' dir='ltr'><strong>posteriore</strong></span> <span class='ocrx_word' id='word_1_179' title='bbox 993 3528 1287 3592; x_wconf 77' lang='lat' dir='ltr'><strong>Latinitate)</strong></span> <span class='ocrx_word' id='word_1_180' title='bbox 1338 3540 1438 3591; x_wconf 88' lang='lat' dir='ltr'><strong>per</strong></span> <span class='ocrx_word' id='word_1_181' title='bbox 1470 3526 1704 3590; x_wconf 88' lang='lat' dir='ltr'><strong>probro-</strong></span> 
     </span>
     <span class='ocr_line' id='line_1_37' title="bbox 650 3600 1702 3665; baseline -0.004 -12"><span class='ocrx_word' id='word_1_182' title='bbox 650 3616 739 3654; x_wconf 88' lang='lat' dir='ltr'><strong>sas</strong></span> <span class='ocrx_word' id='word_1_183' title='bbox 780 3600 958 3654; x_wconf 84' lang='lat' dir='ltr'><strong>ltaliae</strong></span> <span class='ocrx_word' id='word_1_184' title='bbox 1011 3603 1268 3662; x_wconf 59' lang='lat' dir='ltr'><strong>ruinasv»</strong></span> <span class='ocrx_word' id='word_1_185' title='bbox 1334 3615 1473 3665; x_wconf 86' lang='lat' dir='ltr'><strong>quae</strong></span> <span class='ocrx_word' id='word_1_186' title='bbox 1522 3603 1702 3651; x_wconf 84' lang='lat' dir='ltr'><strong>tamen</strong></span> 
     </span>
     <span class='ocr_line' id='line_1_38' title="bbox 649 3674 1702 3741; baseline -0.004 -14"><span class='ocrx_word' id='word_1_187' title='bbox 649 3677 1013 3741; x_wconf 80' lang='lat' dir='ltr'><strong>interpretatio</strong></span> <span class='ocrx_word' id='word_1_188' title='bbox 1063 3678 1238 3728; x_wconf 90' lang='lat' dir='ltr'><strong>minus</strong></span> <span class='ocrx_word' id='word_1_189' title='bbox 1304 3677 1515 3741; x_wconf 76' lang='lat' dir='ltr'><strong>poetica</strong></span> <span class='ocrx_word' id='word_1_190' title='bbox 1571 3674 1702 3726; x_wconf 89' lang='lat' dir='ltr'><strong>mihi</strong></span> 
     </span>
     <span class='ocr_line' id='line_1_39' title="bbox 653 3749 1703 3802; baseline -0.002 -2"><span class='ocrx_word' id='word_1_191' title='bbox 653 3751 881 3801; x_wconf 81' lang='lat' dir='ltr'><strong>videtur.</strong></span> <span class='ocrx_word' id='word_1_192' title='bbox 959 3751 1213 3802; x_wconf 86' lang='lat' dir='ltr'><strong>Vossius:</strong></span> <span class='ocrx_word' id='word_1_193' title='bbox 1289 3752 1330 3800; x_wconf 89' lang='lat'><em>0</em></span> <span class='ocrx_word' id='word_1_194' title='bbox 1378 3749 1703 3800; x_wconf 64' lang='lat' dir='ltr'><strong>Hor-maerin</strong></span> 
     </span>
     <span class='ocr_line' id='line_1_40' title="bbox 650 3823 1705 3889; baseline -0.004 -14"><span class='ocrx_word' id='word_1_195' title='bbox 650 3825 945 3889; x_wconf 63' lang='lat' dir='ltr'><strong>Karthago,</strong></span> <span class='ocrx_word' id='word_1_196' title='bbox 1003 3826 1156 3876; x_wconf 68' lang='lat' dir='ltr'><strong>hethei·</strong></span> <span class='ocrx_word' id='word_1_197' title='bbox 1193 3825 1348 3876; x_wconf 79' lang='lat' dir='ltr'><strong>Blick&#39;</strong></span> <span class='ocrx_word' id='word_1_198' title='bbox 1384 3823 1486 3886; x_wconf 74' lang='lat' dir='ltr'><strong>auf</strong></span> <span class='ocrx_word' id='word_1_199' title='bbox 1508 3823 1705 3873; x_wconf 73' lang='lat' dir='ltr'><strong>Italia’s</strong></span> 
     </span>
     <span class='ocr_line' id='line_1_41' title="bbox 646 3899 1104 3962; baseline 0.002 -14"><span class='ocrx_word' id='word_1_200' title='bbox 646 3899 795 3962; x_wconf 68' lang='lat' dir='ltr'><strong>[vilan</strong></span> <span class='ocrx_word' id='word_1_201' title='bbox 826 3899 1104 3949; x_wconf 74' lang='lat' dir='ltr'><strong>Himturz!</strong></span> 
     </span>
    </p>
   </div>
   <div class='ocr_carea' id='block_1_14' title="bbox 650 4008 1703 4299">
    <p class='ocr_par' dir='ltr' id='par_1_14' title="bbox 650 4008 1703 4299">
     <span class='ocr_line' id='line_1_42' title="bbox 713 4008 1701 4075; baseline -0.001 -15"><span class='ocrx_word' id='word_1_202' title='bbox 713 4009 795 4060; x_wconf 72' lang='grc' dir='ltr'><strong>Η.</strong></span> <span class='ocrx_word' id='word_1_203' title='bbox 854 4010 1036 4060; x_wconf 74' lang='lat' dir='ltr'><strong>Fertur</strong></span> <span class='ocrx_word' id='word_1_204' title='bbox 1068 4010 1204 4075; x_wconf 87' lang='lat' dir='ltr'><strong>cet.]</strong></span> <span class='ocrx_word' id='word_1_205' title='bbox 1241 4011 1347 4061; x_wconf 75' lang='lat' dir='ltr'><strong>Cir.</strong></span> <span class='ocrx_word' id='word_1_206' title='bbox 1387 4008 1701 4061; x_wconf 85' lang='lat' dir='ltr'><strong>Dracontius</strong></span> 
     </span>
     <span class='ocr_line' id='line_1_43' title="bbox 651 4084 1697 4150; baseline -0.003 -15"><span class='ocrx_word' id='word_1_207' title='bbox 651 4085 720 4135; x_wconf 87' lang='lat' dir='ltr'><strong>de</strong></span> <span class='ocrx_word' id='word_1_208' title='bbox 744 4085 857 4135; x_wconf 88' lang='lat' dir='ltr'><strong>Deo</strong></span> <span class='ocrx_word' id='word_1_209' title='bbox 879 4098 933 4134; x_wconf 82' lang='lat' dir='ltr'><strong>v.</strong></span> <span class='ocrx_word' id='word_1_210' title='bbox 962 4084 1076 4136; x_wconf 74' lang='lat'><strong>408.</strong></span> <span class='ocrx_word' id='word_1_211' title='bbox 1116 4086 1212 4137; x_wconf 87' lang='lat' dir='ltr'><strong>Ed.</strong></span> <span class='ocrx_word' id='word_1_212' title='bbox 1238 4084 1462 4136; x_wconf 78' lang='lat' dir='ltr'><strong>Arevalo</strong></span> <span class='ocrx_word' id='word_1_213' title='bbox 1485 4098 1538 4150; x_wconf 91' lang='lat' dir='ltr'><strong>p.</strong></span> <span class='ocrx_word' id='word_1_214' title='bbox 1566 4084 1697 4135; x_wconf 71' lang='lat'>329:</span> 
     </span>
     <span class='ocr_line' id='line_1_44' title="bbox 657 4157 1698 4224; baseline -0.001 -14"><span class='ocrx_word' id='word_1_215' title='bbox 657 4157 919 4224; x_wconf 81' lang='lat' dir='ltr'><strong>(Regulus)</strong></span> <span class='ocrx_word' id='word_1_216' title='bbox 955 4160 1239 4211; x_wconf 75' lang='lat' dir='ltr'><strong>horrendae</strong></span> <span class='ocrx_word' id='word_1_217' title='bbox 1269 4160 1446 4209; x_wconf 71' lang='lat' dir='ltr'><strong>mortis</strong></span> <span class='ocrx_word' id='word_1_218' title='bbox 1477 4164 1698 4221; x_wconf 76' lang='lat' dir='ltr'><strong>amator,</strong></span> 
     </span>
     <span class='ocr_line' id='line_1_45' title="bbox 650 4233 1703 4299; baseline 0 -15"><span class='ocrx_word' id='word_1_219' title='bbox 650 4234 767 4285; x_wconf 71' lang='lat' dir='ltr'><strong>otia</strong></span> <span class='ocrx_word' id='word_1_220' title='bbox 786 4241 1100 4288; x_wconf 69' lang='lat' dir='ltr'><strong>contentam</strong></span> <span class='ocrx_word' id='word_1_221' title='bbox 1113 4274 1131 4297; x_wconf 91' lang='lat'><em>,</em></span> <span class='ocrx_word' id='word_1_222' title='bbox 1166 4247 1411 4299; x_wconf 57' lang='lat' dir='ltr'><strong>maenum</strong></span> <span class='ocrx_word' id='word_1_223' title='bbox 1431 4247 1547 4285; x_wconf 77' lang='lat' dir='ltr'><strong>cum</strong></span> <span class='ocrx_word' id='word_1_224' title='bbox 1563 4233 1703 4298; x_wconf 72' lang='lat' dir='ltr'><strong>plebe</strong></span> 
     </span>
    </p>
   </div>
   <div class='ocr_carea' id='block_1_15' title="bbox 1237 2077 2829 2144">
    <p class='ocr_par' dir='ltr' id='par_1_15' title="bbox 1237 2077 2829 2144">
     <span class='ocr_line' id='line_1_46' title="bbox 1237 2077 2829 2144; baseline 0.002 -16"><span class='ocrx_word' id='word_1_225' title='bbox 1237 2079 1485 2144; x_wconf 85' lang='lat' dir='ltr'><strong>provenit</strong></span> <span class='ocrx_word' id='word_1_226' title='bbox 1549 2077 1707 2129; x_wconf 81' lang='lat' dir='ltr'><strong>lectio</strong></span> <span class='ocrx_word' id='word_1_227' title='bbox 1772 2092 2056 2141; x_wconf 70' lang='lat' dir='ltr'><strong>poenarum</strong></span> <span class='ocrx_word' id='word_1_228' title='bbox 2085 2085 2146 2129; x_wconf 76' lang='lat' dir='ltr'><strong>ut</strong></span> <span class='ocrx_word' id='word_1_229' title='bbox 2171 2081 2376 2131; x_wconf 65' lang='lat' dir='ltr'><strong>vincula</strong></span> <span class='ocrx_word' id='word_1_230' title='bbox 2405 2082 2613 2144; x_wconf 68' lang='lat' dir='ltr'><strong>[mem.</strong></span> <span class='ocrx_word' id='word_1_231' title='bbox 2646 2083 2829 2132; x_wconf 74' lang='lat' dir='ltr'><strong>Inmo-</strong></span> 
     </span>
    </p>
   </div>
   <div class='ocr_carea' id='block_1_16' title="bbox 1776 2154 2829 3555">
    <p class='ocr_par' dir='ltr' id='par_1_16' title="bbox 1777 2154 2829 3036">
     <span class='ocr_line' id='line_1_47' title="bbox 1778 2154 2829 2218; baseline 0.004 -16"><span class='ocrx_word' id='word_1_232' title='bbox 1778 2167 1892 2203; x_wconf 86' lang='lat' dir='ltr'><strong>mor</strong></span> <span class='ocrx_word' id='word_1_233' title='bbox 1923 2154 2104 2203; x_wconf 61' lang='lat' dir='ltr'><strong>umoris</strong></span> <span class='ocrx_word' id='word_1_234' title='bbox 2133 2160 2280 2204; x_wconf 78' lang='lat' dir='ltr'><strong>natos</strong></span> <span class='ocrx_word' id='word_1_235' title='bbox 2319 2157 2610 2218; x_wconf 73' lang='lat' dir='ltr'><strong>contempsit</strong></span> <span class='ocrx_word' id='word_1_236' title='bbox 2649 2161 2696 2206; x_wconf 75' lang='lat' dir='ltr'><strong>et</strong></span> <span class='ocrx_word' id='word_1_237' title='bbox 2729 2157 2829 2205; x_wconf 80' lang='lat' dir='ltr'><strong>Ur·-</strong></span> 
     </span>
     <span class='ocr_line' id='line_1_48' title="bbox 1780 2227 2827 2294; baseline 0.003 -17"><span class='ocrx_word' id='word_1_238' title='bbox 1780 2227 1888 2277; x_wconf 77' lang='lat' dir='ltr'><strong>bom</strong></span> <span class='ocrx_word' id='word_1_239' title='bbox 1937 2229 2040 2277; x_wconf 85' lang='lat' dir='ltr'><strong>cet.</strong></span> <span class='ocrx_word' id='word_1_240' title='bbox 2093 2254 2148 2264; x_wconf 91' lang='lat'>—</span> <span class='ocrx_word' id='word_1_241' title='bbox 2223 2229 2475 2294; x_wconf 61' lang='lat' dir='ltr'><strong>coniugis]</strong></span> <span class='ocrx_word' id='word_1_242' title='bbox 2534 2228 2827 2294; x_wconf 78' lang='lat' dir='ltr'><strong>«Amplecti</strong></span> 
     </span>
     <span class='ocr_line' id='line_1_49' title="bbox 1780 2299 2828 2363; baseline 0.003 -12"><span class='ocrx_word' id='word_1_243' title='bbox 1780 2299 1947 2351; x_wconf 80' lang='lat' dir='ltr'><strong>noluit</strong></span> <span class='ocrx_word' id='word_1_244' title='bbox 1978 2302 2227 2352; x_wconf 79' lang='lat' dir='ltr'><strong>Marciam</strong></span> <span class='ocrx_word' id='word_1_245' title='bbox 2249 2341 2261 2363; x_wconf 93' lang='lat'>‚</span> <span class='ocrx_word' id='word_1_246' title='bbox 2299 2303 2612 2353; x_wconf 87' lang='lat' dir='ltr'><strong>indecorum</strong></span> <span class='ocrx_word' id='word_1_247' title='bbox 2648 2305 2828 2354; x_wconf 84' lang='lat' dir='ltr'><strong>existi-</strong></span> 
     </span>
     <span class='ocr_line' id='line_1_50' title="bbox 1780 2378 2827 2428; baseline 0.002 -3"><span class='ocrx_word' id='word_1_248' title='bbox 1780 2389 1934 2426; x_wconf 88' lang='lat' dir='ltr'><strong>mans</strong></span> <span class='ocrx_word' id='word_1_249' title='bbox 1969 2379 2270 2427; x_wconf 84' lang='lat' dir='ltr'><strong>matronam</strong></span> <span class='ocrx_word' id='word_1_250' title='bbox 2291 2378 2584 2427; x_wconf 87' lang='lat' dir='ltr'><strong>Romanam</strong></span> <span class='ocrx_word' id='word_1_251' title='bbox 2609 2390 2827 2428; x_wconf 87' lang='lat' dir='ltr'><strong>servum</strong></span> 
     </span>
     <span class='ocr_line' id='line_1_51' title="bbox 1780 2447 2823 2517; baseline 0.002 -17"><span class='ocrx_word' id='word_1_252' title='bbox 1780 2447 1965 2500; x_wconf 88' lang='lat' dir='ltr'><strong>osculo</strong></span> <span class='ocrx_word' id='word_1_253' title='bbox 2000 2449 2217 2514; x_wconf 82' lang='lat' dir='ltr'><strong>dignum</strong></span> <span class='ocrx_word' id='word_1_254' title='bbox 2252 2454 2494 2517; x_wconf 78' lang='lat' dir='ltr'><strong>putare.»</strong></span> <span class='ocrx_word' id='word_1_255' title='bbox 2554 2452 2650 2503; x_wconf 91' lang='lat' dir='ltr'><strong>Dio</strong></span> <span class='ocrx_word' id='word_1_256' title='bbox 2675 2452 2823 2503; x_wconf 77' lang='lat' dir='ltr'><strong>Cass,</strong></span> 
     </span>
     <span class='ocr_line' id='line_1_52' title="bbox 1779 2520 2828 2594; baseline 0 -19"><span class='ocrx_word' id='word_1_257' title='bbox 1779 2526 1835 2575; x_wconf 89' lang='lat' dir='ltr'><strong>T.</strong></span> <span class='ocrx_word' id='word_1_258' title='bbox 1863 2526 1902 2574; x_wconf 89' lang='lat'><strong>1.</strong></span> <span class='ocrx_word' id='word_1_259' title='bbox 1940 2526 2111 2574; x_wconf 86' lang='lat' dir='ltr'><strong>Sturz.</strong></span> <span class='ocrx_word' id='word_1_260' title='bbox 2135 2539 2257 2589; x_wconf 82' lang='lat' dir='ltr'><strong>pag.</strong></span> <span class='ocrx_word' id='word_1_261' title='bbox 2286 2526 2414 2578; x_wconf 73' lang='lat'><strong>⁴42:</strong></span> <span class='ocrx_word' id='word_1_262' title='bbox 2469 2520 2503 2576; x_wconf 88' lang='grc' dir='ltr'>ὁ</span> <span class='ocrx_word' id='word_1_263' title='bbox 2523 2521 2828 2594; x_wconf 77' lang='grc' dir='ltr'><strong><em>Ῥήγουλος</em></strong></span> 
     </span>
     <span class='ocr_line' id='line_1_53' title="bbox 1779 2591 2827 2688; baseline 0.005 -41"><span class='ocrx_word' id='word_1_264' title='bbox 1779 2594 1853 2648; x_wconf 85' lang='grc' dir='ltr'><strong>τά</strong></span> <span class='ocrx_word' id='word_1_265' title='bbox 1887 2598 1932 2648; x_wconf 82' lang='grc' dir='ltr'><strong>τ’</strong></span> <span class='ocrx_word' id='word_1_266' title='bbox 1964 2591 2117 2648; x_wconf 76' lang='grc' dir='ltr'><strong>ἄλλα</strong></span> <span class='ocrx_word' id='word_1_267' title='bbox 2149 2596 2414 2688; x_wconf 49' lang='grc' dir='ltr'><strong>καθάπερ</strong></span> <span class='ocrx_word' id='word_1_268' title='bbox 2457 2615 2544 2663; x_wconf 84' lang='grc' dir='ltr'><strong>τις</strong></span> <span class='ocrx_word' id='word_1_269' title='bbox 2593 2602 2827 2674; x_wconf 78' lang='grc' dir='ltr'><em>Καρχη-</em></span> 
     </span>
     <span class='ocr_line' id='line_1_54' title="bbox 1779 2668 2827 2741; baseline 0.004 -18"><span class='ocrx_word' id='word_1_270' title='bbox 1779 2668 1975 2736; x_wconf 79' lang='grc' dir='ltr'><strong><em>δόνιος</em></strong></span> <span class='ocrx_word' id='word_1_271' title='bbox 1994 2709 2009 2734; x_wconf 83' lang='grc'><em>,</em></span> <span class='ocrx_word' id='word_1_272' title='bbox 2080 2668 2200 2722; x_wconf 74' lang='grc' dir='ltr'><strong>ἀλλ’</strong></span> <span class='ocrx_word' id='word_1_273' title='bbox 2266 2669 2335 2725; x_wconf 78' lang='grc' dir='ltr'><strong>οὔ</strong></span> <span class='ocrx_word' id='word_1_274' title='bbox 2393 2675 2664 2741; x_wconf 81' lang='grc' dir='ltr'><strong><em>Ρωμαῖος</em></strong></span> <span class='ocrx_word' id='word_1_275' title='bbox 2743 2671 2827 2726; x_wconf 73' lang='grc' dir='ltr'><strong>ὧν</strong></span> 
     </span>
     <span class='ocr_line' id='line_1_55' title="bbox 1777 2742 2827 2819; baseline 0.004 -21"><span class='ocrx_word' id='word_1_276' title='bbox 1777 2742 2020 2819; x_wconf 70' lang='grc' dir='ltr'><em>ἔπραττε</em></span> <span class='ocrx_word' id='word_1_277' title='bbox 2068 2748 2167 2798; x_wconf 74' lang='grc' dir='ltr'><strong>καὶ</strong></span> <span class='ocrx_word' id='word_1_278' title='bbox 2217 2743 2352 2799; x_wconf 74' lang='grc' dir='ltr'><em>οὔτε</em></span> <span class='ocrx_word' id='word_1_279' title='bbox 2411 2746 2519 2815; x_wconf 76' lang='grc' dir='ltr'><strong>τὴν</strong></span> <span class='ocrx_word' id='word_1_280' title='bbox 2581 2757 2827 2817; x_wconf 74' lang='grc' dir='ltr'><strong>γυναῖκα</strong></span> 
     </span>
     <span class='ocr_line' id='line_1_56' title="bbox 1779 2817 2827 2891; baseline 0.003 -17"><span class='ocrx_word' id='word_1_281' title='bbox 1779 2821 1840 2885; x_wconf 79' lang='grc' dir='ltr'><strong>ἐς</strong></span> <span class='ocrx_word' id='word_1_282' title='bbox 1880 2819 2093 2888; x_wconf 79' lang='grc' dir='ltr'><strong><em>λόγους</em></strong></span> <span class='ocrx_word' id='word_1_283' title='bbox 2142 2819 2375 2887; x_wconf 78' lang='grc' dir='ltr'><em>ἐδέξατο</em></span> <span class='ocrx_word' id='word_1_284' title='bbox 2426 2817 2561 2875; x_wconf 70' lang='grc' dir='ltr'><em>οὔτε</em></span> <span class='ocrx_word' id='word_1_285' title='bbox 2610 2825 2672 2889; x_wconf 78' lang='grc' dir='ltr'><strong>ἐς</strong></span> <span class='ocrx_word' id='word_1_286' title='bbox 2717 2822 2827 2891; x_wconf 78' lang='grc' dir='ltr'><strong>τὴν</strong></span> 
     </span>
     <span class='ocr_line' id='line_1_57' title="bbox 1779 2892 2824 2967; baseline 0.005 -20"><span class='ocrx_word' id='word_1_287' title='bbox 1779 2894 1949 2947; x_wconf 71' lang='grc' dir='ltr'><strong><em>πόλιν</em></strong></span> <span class='ocrx_word' id='word_1_288' title='bbox 1998 2892 2261 2967; x_wconf 72' lang='grc' dir='ltr'><em>καθάπερ</em></span> <span class='ocrx_word' id='word_1_289' title='bbox 2303 2895 2606 2964; x_wconf 71' lang='grc' dir='ltr'><strong><em>ἐκβληθεὶς</em></strong></span> <span class='ocrx_word' id='word_1_290' title='bbox 2642 2899 2824 2964; x_wconf 82' lang='lat' dir='ltr'><strong>(exsul)</strong></span> 
     </span>
     <span class='ocr_line' id='line_1_58' title="bbox 1778 2968 2178 3036; baseline -0.01 -14"><span class='ocrx_word' id='word_1_291' title='bbox 1778 2968 2024 3036; x_wconf 72' lang='grc' dir='ltr'><em>ἐσῆλθεν</em></span> <span class='ocrx_word' id='word_1_292' title='bbox 2059 2968 2178 3019; x_wconf 82' lang='grc' dir='ltr'><strong>κτλ.</strong></span> 
     </span>
    </p>

    <p class='ocr_par' dir='ltr' id='par_1_17' title="bbox 1776 3045 2827 3555">
     <span class='ocr_line' id='line_1_59' title="bbox 1845 3045 2826 3110; baseline 0 -14"><span class='ocrx_word' id='word_1_293' title='bbox 1845 3045 1924 3096; x_wconf 72' lang='lat'><strong>42.</strong></span> <span class='ocrx_word' id='word_1_294' title='bbox 1961 3045 2141 3107; x_wconf 71' lang='lat' dir='ltr'><strong>capitis</strong></span> <span class='ocrx_word' id='word_1_295' title='bbox 2170 3045 2362 3110; x_wconf 76' lang='lat' dir='ltr'><strong>minor]</strong></span> <span class='ocrx_word' id='word_1_296' title='bbox 2401 3047 2616 3110; x_wconf 82' lang='lat' dir='ltr'><strong>«Capite</strong></span> <span class='ocrx_word' id='word_1_297' title='bbox 2650 3047 2826 3098; x_wconf 89' lang='lat' dir='ltr'><strong>demi-</strong></span> 
     </span>
     <span class='ocr_line' id='line_1_60' title="bbox 1778 3119 2826 3186; baseline 0.002 -16"><span class='ocrx_word' id='word_1_298' title='bbox 1778 3122 1938 3170; x_wconf 86' lang='lat' dir='ltr'><strong>nutus</strong></span> <span class='ocrx_word' id='word_1_299' title='bbox 1961 3121 2071 3179; x_wconf 83' lang='lat' dir='ltr'><strong>est,</strong></span> <span class='ocrx_word' id='word_1_300' title='bbox 2109 3121 2201 3182; x_wconf 86' lang='lat' dir='ltr'><strong>qui</strong></span> <span class='ocrx_word' id='word_1_301' title='bbox 2230 3119 2282 3169; x_wconf 92' lang='lat' dir='ltr'><strong>in</strong></span> <span class='ocrx_word' id='word_1_302' title='bbox 2318 3120 2552 3172; x_wconf 86' lang='lat' dir='ltr'><strong>hostium</strong></span> <span class='ocrx_word' id='word_1_303' title='bbox 2586 3123 2826 3186; x_wconf 81' lang='lat' dir='ltr'><strong>potesta·</strong></span> 
     </span>
     <span class='ocr_line' id='line_1_61' title="bbox 1779 3194 2820 3257; baseline 0.002 -13"><span class='ocrx_word' id='word_1_304' title='bbox 1779 3197 1890 3245; x_wconf 89' lang='lat' dir='ltr'><strong>tem</strong></span> <span class='ocrx_word' id='word_1_305' title='bbox 1911 3195 2107 3244; x_wconf 76' lang='lat' dir='ltr'><strong>venit.»</strong></span> <span class='ocrx_word' id='word_1_306' title='bbox 2133 3195 2335 3243; x_wconf 68' lang='lat' dir='ltr'><strong>Festus.</strong></span> <span class='ocrx_word' id='word_1_307' title='bbox 2375 3194 2478 3244; x_wconf 78' lang='lat' dir='ltr'><strong>cfr.</strong></span> <span class='ocrx_word' id='word_1_308' title='bbox 2502 3196 2610 3245; x_wconf 83' lang='lat' dir='ltr'><strong>Liv.</strong></span> <span class='ocrx_word' id='word_1_309' title='bbox 2636 3196 2719 3257; x_wconf 75' lang='lat'><strong>22,</strong></span> <span class='ocrx_word' id='word_1_310' title='bbox 2739 3196 2820 3245; x_wconf 81' lang='grc'><strong>60.</strong></span> 
     </span>
     <span class='ocr_line' id='line_1_62' title="bbox 1780 3266 2826 3332; baseline 0.002 -14"><span class='ocrx_word' id='word_1_311' title='bbox 1780 3269 2018 3332; x_wconf 83' lang='lat' dir='ltr'><strong>(captivo</strong></span> <span class='ocrx_word' id='word_1_312' title='bbox 2052 3266 2256 3318; x_wconf 88' lang='lat' dir='ltr'><strong>nullum</strong></span> <span class='ocrx_word' id='word_1_313' title='bbox 2306 3268 2413 3318; x_wconf 85' lang='lat' dir='ltr'><strong>iam</strong></span> <span class='ocrx_word' id='word_1_314' title='bbox 2457 3269 2588 3320; x_wconf 85' lang='lat' dir='ltr'><strong>iuris</strong></span> <span class='ocrx_word' id='word_1_315' title='bbox 2637 3270 2826 3320; x_wconf 84' lang='lat' dir='ltr'><strong>vincu-</strong></span> 
     </span>
     <span class='ocr_line' id='line_1_63' title="bbox 1776 3341 2827 3406; baseline 0 -13"><span class='ocrx_word' id='word_1_316' title='bbox 1776 3341 1886 3393; x_wconf 89' lang='lat' dir='ltr'><strong>lum</strong></span> <span class='ocrx_word' id='word_1_317' title='bbox 1923 3355 2049 3393; x_wconf 91' lang='lat' dir='ltr'><strong>cum</strong></span> <span class='ocrx_word' id='word_1_318' title='bbox 2084 3343 2308 3406; x_wconf 80' lang='lat' dir='ltr'><strong>coniuge</strong></span> <span class='ocrx_word' id='word_1_319' title='bbox 2351 3355 2416 3392; x_wconf 87' lang='lat' dir='ltr'><strong>ac</strong></span> <span class='ocrx_word' id='word_1_320' title='bbox 2466 3341 2664 3394; x_wconf 85' lang='lat' dir='ltr'><strong>liberis.</strong></span> <span class='ocrx_word' id='word_1_321' title='bbox 2733 3344 2827 3393; x_wconf 84' lang='lat' dir='ltr'><strong>Est</strong></span> 
     </span>
     <span class='ocr_line' id='line_1_64' title="bbox 1779 3416 2825 3480; baseline -0.001 -13"><span class='ocrx_word' id='word_1_322' title='bbox 1779 3417 1936 3480; x_wconf 80' lang='lat' dir='ltr'><strong>igitur</strong></span> <span class='ocrx_word' id='word_1_323' title='bbox 1987 3417 2222 3477; x_wconf 71' lang='lat' dir='ltr'><strong>rochtlos,</strong></span> <span class='ocrx_word' id='word_1_324' title='bbox 2296 3416 2451 3467; x_wconf 86' lang='lat' dir='ltr'><strong>Voss.</strong></span> <span class='ocrx_word' id='word_1_325' title='bbox 2515 3416 2825 3480; x_wconf 68' lang='grc' dir='ltr'><strong>Γνοὲὴοίεῑοε.)</strong></span> 
     </span>
     <span class='ocr_line' id='line_1_65' title="bbox 1778 3484 2825 3555; baseline -0.003 -13"><span class='ocrx_word' id='word_1_326' title='bbox 1778 3492 1874 3542; x_wconf 91' lang='lat' dir='ltr'><strong>Dio</strong></span> <span class='ocrx_word' id='word_1_327' title='bbox 1907 3491 1992 3540; x_wconf 80' lang='lat' dir='ltr'><strong>IX.</strong></span> <span class='ocrx_word' id='word_1_328' title='bbox 2032 3492 2185 3541; x_wconf 83' lang='lat' dir='ltr'><strong>Sturz</strong></span> <span class='ocrx_word' id='word_1_329' title='bbox 2220 3503 2272 3555; x_wconf 88' lang='lat' dir='ltr'><strong>p.</strong></span> <span class='ocrx_word' id='word_1_330' title='bbox 2312 3491 2440 3542; x_wconf 74' lang='lat'>⁴68:</span> <span class='ocrx_word' id='word_1_331' title='bbox 2502 3484 2537 3540; x_wconf 86' lang='grc' dir='ltr'>ὁ</span> <span class='ocrx_word' id='word_1_332' title='bbox 2569 3486 2825 3542; x_wconf 57' lang='lat' dir='ltr'><strong>&amp;smair</strong></span> 
     </span>
    </p>
   </div>
   <div class='ocr_carea' id='block_1_17' title="bbox 1776 3559 2825 3631">
    <p class='ocr_par' dir='ltr' id='par_1_18' title="bbox 1776 3559 2825 3631">
     <span class='ocr_line' id='line_1_66' title="bbox 1776 3559 2825 3631; baseline 0.001 -18"><span class='ocrx_word' id='word_1_333' title='bbox 1776 3559 1881 3627; x_wconf 80' lang='grc' dir='ltr'><strong>τὰς</strong></span> <span class='ocrx_word' id='word_1_334' title='bbox 1911 3564 2021 3629; x_wconf 75' lang='grc' dir='ltr'><strong>μὲν</strong></span> <span class='ocrx_word' id='word_1_335' title='bbox 2054 3561 2331 3631; x_wconf 75' lang='grc' dir='ltr'>συνήθεις</span> <span class='ocrx_word' id='word_1_336' title='bbox 2372 3569 2495 3627; x_wconf 77' lang='grc' dir='ltr'><em>τοῖς</em></span> <span class='ocrx_word' id='word_1_337' title='bbox 2527 3559 2825 3626; x_wconf 51' lang='lat' dir='ltr'><strong>§aaronem</strong></span> 
     </span>
    </p>
   </div>
   <div class='ocr_carea' id='block_1_18' title="bbox 1769 3927 2823 4073">
    <p class='ocr_par' dir='ltr' id='par_1_19' title="bbox 1769 3927 2823 4073">
     <span class='ocr_line' id='line_1_67' title="bbox 1778 3927 2823 4006; baseline -0.006 -20"><span class='ocrx_word' id='word_1_338' title='bbox 1778 3939 1960 3987; x_wconf 88' lang='lat' dir='ltr'><strong>crate:</strong></span> <span class='ocrx_word' id='word_1_339' title='bbox 2019 3929 2307 4006; x_wconf 74' lang='grc' dir='ltr'><em>ταυρηδὸν</em></span> <span class='ocrx_word' id='word_1_340' title='bbox 2362 3927 2726 3996; x_wconf 71' lang='grc' dir='ltr'><strong>ὑποβλέψας.</strong></span> <span class='ocrx_word' id='word_1_341' title='bbox 2767 3957 2823 3970; x_wconf 91' lang='lat'>-</span> 
     </span>
     <span class='ocr_line' id='line_1_68' title="bbox 1769 4005 2821 4073; baseline -0.007 -11"><span class='ocrx_word' id='word_1_342' title='bbox 1769 4012 1992 4073; x_wconf 72' lang='lat' dir='ltr'><strong>posuisse</strong></span> <span class='ocrx_word' id='word_1_343' title='bbox 2020 4008 2233 4073; x_wconf 71' lang='grc' dir='ltr'><strong><em>υοιεωπ]</em></strong></span> <span class='ocrx_word' id='word_1_344' title='bbox 2288 4005 2505 4058; x_wconf 77' lang='lat' dir='ltr'><strong>«oculos</strong></span> <span class='ocrx_word' id='word_1_345' title='bbox 2555 4005 2821 4064; x_wconf 80' lang='lat' dir='ltr'><strong>defixisse,</strong></span> 
     </span>
    </p>
   </div>
   <div class='ocr_carea' id='block_1_19' title="bbox 1776 4082 2828 4298">
    <p class='ocr_par' dir='ltr' id='par_1_20' title="bbox 1776 4082 2828 4298">
     <span class='ocr_line' id='line_1_69' title="bbox 1778 4082 2826 4147; baseline -0.008 -10"><span class='ocrx_word' id='word_1_346' title='bbox 1778 4098 1988 4137; x_wconf 88' lang='lat' dir='ltr'><strong>memor</strong></span> <span class='ocrx_word' id='word_1_347' title='bbox 2009 4084 2197 4147; x_wconf 86' lang='lat' dir='ltr'><strong>capitis</strong></span> <span class='ocrx_word' id='word_1_348' title='bbox 2222 4082 2600 4132; x_wconf 87' lang='lat' dir='ltr'><strong>deminutionis</strong></span> <span class='ocrx_word' id='word_1_349' title='bbox 2615 4117 2627 4140; x_wconf 88' lang='lat'>,</span> <span class='ocrx_word' id='word_1_350' title='bbox 2664 4091 2826 4142; x_wconf 84' lang='lat' dir='ltr'><strong>quam</strong></span> 
     </span>
     <span class='ocr_line' id='line_1_70' title="bbox 1776 4150 2828 4223; baseline -0.009 -13"><span class='ocrx_word' id='word_1_351' title='bbox 1776 4170 2067 4223; x_wconf 84' lang='lat' dir='ltr'><strong>perpessus</strong></span> <span class='ocrx_word' id='word_1_352' title='bbox 2102 4158 2244 4216; x_wconf 81' lang='lat' dir='ltr'><strong>erat.</strong></span> <span class='ocrx_word' id='word_1_353' title='bbox 2283 4157 2462 4207; x_wconf 88' lang='lat' dir='ltr'><strong>certus</strong></span> <span class='ocrx_word' id='word_1_354' title='bbox 2487 4151 2689 4206; x_wconf 85' lang='lat' dir='ltr'><strong>consilii</strong></span> <span class='ocrx_word' id='word_1_355' title='bbox 2710 4150 2828 4216; x_wconf 87' lang='lat' dir='ltr'><strong>ple-</strong></span> 
     </span>
     <span class='ocr_line' id='line_1_71' title="bbox 1777 4230 2370 4298; baseline -0.01 -14"><span class='ocrx_word' id='word_1_356' title='bbox 1777 4246 1985 4298; x_wconf 83' lang='lat' dir='ltr'><strong>nusque</strong></span> <span class='ocrx_word' id='word_1_357' title='bbox 2019 4230 2370 4284; x_wconf 79' lang='lat' dir='ltr'><strong>severitatis.»</strong></span> 
     </span>
    </p>
   </div>
  </div>
 </body>
</html>
