3234 4975
1265 408 1383 457 Lm.
1421 408 1482 456 11.
1554 408 1612 456 c.
1651 406 1756 456 ΧΠ.
2466 406 2588 471 273

421 564 626 625 Assyria
674 564 889 625 bombyx
922 563 1062 627 apud
1108 565 1216 613 luv.
1256 566 1361 614 Sat.
1401 566 1460 613 11.
1500 565 1580 614 66.
1637 577 1702 613 ea
1737 562 2057 627 appellatur,
2096 578 2234 628 quae
2273 578 2337 614 ex
2372 564 2588 615 Seribus

422 661 520 711 per
540 648 798 708 Assyriam
832 648 883 696 in
907 649 1114 709 Syriam
1146 646 1488 697 deserebatur
1524 647 1591 708 (v.
1622 648 1797 697 Heinr.
1825 647 1893 696 ad
1918 645 1951 697 Ι.
1989 652 2040 696 et
2073 648 2351 697 Hiillmann
2374 661 2426 712 p.
2454 649 2587 707 205.)

424 732 556 781 Item
589 730 755 794 Epod.
784 731 871 789 ⁴3,
899 731 947 780 9.
984 730 1364 780 Achaemeniwn
1395 732 1616 780 nardum
1651 733 1732 781 est
1766 732 1957 780 nardus
1988 732 2163 780 Indica
2195 745 2294 795 per
2316 732 2589 781 Persidem

425 815 476 863 in
511 814 717 875 Syriam
753 812 952 875 delata,
1008 817 1066 863 ut
1098 814 1192 863 Od.
1232 815 1314 863 111.
1355 815 1410 873 4,
1449 814 1530 865 44.
1567 815 1948 864 Achaemenium
1981 820 2168 864 costum
2200 815 2441 865 Indicum
2477 819 2587 875 est,

423 910 473 945 v.
513 896 660 946 ovid.
699 897 834 946 Fast.
871 898 909 946 1.
949 894 1063 946 34⁴.
1135 898 1199 946 Et
1231 902 1350 946 tura
1381 896 1534 947 missa
1568 898 1632 946 ab
1667 899 1922 959 Euphrate
1954 897 2081 946 ibid.
2122 899 2204 947 111.
2246 898 2358 947 720.
2415 898 2590 947 Indica

425 991 546 1029 esse
580 978 761 1041 turifer
791 979 943 1028 Indus
976 978 1228 1030 declarat.
1319 982 1481 1031 Cuius
1515 983 1726 1043 generis
1760 981 1903 1031 haud
1938 980 2099 1031 dubie
2135 984 2218 1030 est
2252 982 2410 1030 etiam
2443 982 2595 1041 Assy—

422 1064 532 1111 rius
562 1063 687 1112 odor
719 1062 863 1125 apud
898 1061 1083 1113 Catuli.
1122 1064 1212 1124 68,
1252 1063 1362 1114 ⁴43.
1404 1067 1459 1113 et
1488 1064 1681 1125 Assyrii
1714 1066 1889 1114 odores
1921 1077 2004 1129 ap.
2044 1064 2156 1113 Tib.
2184 1066 2221 1113 1.
2260 1065 2318 1124 3,
2345 1065 2392 1113 7.
2432 1078 2593 1127 quem

425 1144 647 1196 Orellius
682 1144 927 1205 contulit,
982 1147 1072 1208 qui
1124 1146 1266 1209 apud
1301 1147 1662 1210 Lampridium
1698 1162 1747 1196 v.
1789 1147 1986 1210 Heliog.
2026 1163 2074 1197 c.
2115 1149 2195 1197 30.
2233 1149 2409 1198 odores
2440 1149 2596 1197 Indici

426 1222 772 1293 appellantur.
843 1228 906 1278 Et
939 1228 1066 1278 ibid.
1106 1230 1190 1278 111.
1229 1230 1285 1289 2,
1323 1228 1405 1279 23.
1464 1230 1623 1293 (apud
1657 1228 1864 1293 Tibull.)
1919 1230 2086 1280 verba
2123 1245 2249 1292 quas
2279 1233 2431 1280 mittit
2464 1234 2598 1281 dives

423 1312 680 1363 Panchaia
725 1325 912 1361 merces
959 1313 1150 1374 Eoique
1199 1312 1387 1361 Arabes
1430 1314 1639 1375 pinquis
1687 1318 1733 1362 οι
1780 1314 1987 1375 Assyria
2030 1328 2095 1365 eo
2142 1316 2316 1365 minus
2352 1314 2593 1365 dubitare

427 1396 720 1460 patiuntur,
775 1395 900 1457 quin
951 1408 1159 1445 merces
1227 1394 1576 1458 intelligantur
1626 1396 1870 1455 Indicae,
1924 1410 2062 1460 quae
2114 1411 2213 1461 per
2252 1397 2598 1461 Babyloniam

426 1481 537 1530 sive
588 1479 862 1541 Assyriam
925 1479 1471 1542 mesopotamiamque
1522 1479 1574 1528 in
1609 1480 1818 1541 Syriam
1852 1479 2223 1543 deportantur,
2278 1495 2403 1531 cum
2438 1483 2597 1532 etiam

427 1563 701 1613 Petronius
736 1577 783 1612 c.
823 1563 935 1612 449.
972 1578 1022 1612 v.
1061 1563 1110 1611 9.
1165 1563 1216 1611 in
1251 1576 1336 1609 vv.
1403 1561 1611 1622 Assyria
1643 1564 1882 1612 concham
1912 1564 2155 1614 laudabat
2185 1566 2325 1614 miles
2365 1567 2419 1613 in
2460 1568 2600 1615 unda

428 1660 576 1696 mare
609 1647 882 1696 Persicum
917 1646 1209 1708 significet,
1249 1647 1299 1695 in
1336 1658 1442 1707 quo
1477 1648 1574 1696 sita
1612 1650 1695 1696 est
1728 1645 1898 1697 insula
1929 1646 2087 1710 Tylos
2119 1635 2600 1710 margaritis'cele-

427 1730 660 1780 berrima
715 1728 859 1791 (Plin.
907 1730 967 1778 H.
1021 1730 1081 1779 N.
1120 1730 1204 1778 VI.
1244 1730 1326 1778 32.
1365 1729 1537 1778 Strab.
1593 1730 1725 1779 XVI.
1763 1730 1852 1792 3.).
1925 1732 2015 1780 His
2062 1728 2191 1781 locis
2238 1731 2365 1781 mihi
2399 1732 2601 1796 proba-

427 1817 539 1872 tur,
584 1811 817 1872 Assyrias
845 1825 1034 1861 merces
1065 1814 1280 1862 omnino
1317 1811 1526 1874 intelligi
1564 1826 1658 1863 eas
1693 1812 1891 1869 solere,
1931 1826 2069 1877 quae
2106 1827 2171 1863 ex
2206 1814 2354 1864 India
2390 1819 2444 1864 et
2477 1816 2598 1865 Asia

429 1896 606 1946 media
639 1895 893 1944 oriundae
927 1897 1120 1958 partim
1153 1908 1253 1958 per
1285 1908 1436 1945 mare
1463 1897 1763 1957 Persicum,
1810 1898 2003 1960 partim
2028 1898 2307 1948 itineribus
2333 1899 2604 1948 terrestri-

429 1981 530 2030 bus
563 1981 616 2029 in
651 1980 1089 2043 Mesopotamiam
1125 1980 1440 2041 Syriamque
1478 1978 1808 2029 deseruntur.
1881 1981 2151 2030 Eiusmodi
2188 1983 2403 2051 φορτία
2439 1984 2600 2032 etiam

428 2062 512 2112 illa
540 2056 810 2133 Ἀσσύρια
843 2063 1003 2112 fuisse
1039 2065 1285 2126 apparet,
1325 2060 1520 2124 quibus
1555 2064 1846 2126 antiquitus
1882 2065 1966 2113 usi
2002 2065 2294 2115 Phoenices
2331 2066 2604 2114 mercatu-

429 2158 546 2196 ram
592 2160 716 2196 cum
759 2146 973 2195 Graecis
1024 2145 1350 2195 exercebant
1394 2147 1458 2207 (v.
1499 2146 1695 2195 Herod.
1735 2148 1773 2195 1.
1816 2148 1902 2209 i.).
1975 2148 2039 2196 Et
2087 2149 2337 2211 Assyriae
2390 2150 2604 2199 nomine

429 2243 532 2280 non
567 2230 728 2279 modo
762 2230 1009 2291 Assyriae
1047 2231 1292 2293 propriae
1321 2230 1533 2292 (Herod.
1561 2230 1667 2279 vn.
1697 2229 1826 2291 63.),
1865 2230 1963 2280 sed
1987 2230 2313 2294 Babyloniae
2350 2234 2512 2283 etiam
2547 2236 2602 2282 et

429 2314 838 2376 Mesopotamiae
872 2310 1096 2376 populos
1134 2312 1279 2374 (Plin.
1319 2314 1380 2362 H.
1419 2314 1479 2362 N.
1517 2313 1602 2361 V1.
1632 2312 1733 2374 30.)
1772 2324 1897 2361 eum
1932 2314 2059 2375 ipsis
2086 2316 2232 2375 Syris
2267 2316 2393 2366 olim
2429 2329 2603 2379 aeque

429 2397 845 2461 comprehensos
879 2395 1040 2445 fuisse
1075 2397 1284 2445 constat
1319 2398 1480 2459 atque
1527 2395 1798 2445 communi
1833 2396 2045 2445 nomine
2081 2398 2264 2458 Syriae
2298 2400 2605 2462 Mesopota-

431 2481 592 2530 miam
629 2481 789 2530 etiam
823 2494 948 2530 eum
981 2478 1269 2542 Babylonia
1308 2482 1363 2529 et
1393 2478 1609 2542 Assyria
1649 2479 1714 2542 (v.
1753 2477 1927 2529 Strab.
1965 2479 2095 2530 XVI.
2138 2481 2183 2529 i.
2221 2495 2274 2545 p.
2314 2480 2410 2532 332
2445 2496 2599 2545 seqq.

430 2562 556 2614 Plin.
596 2565 658 2613 H.
698 2566 758 2614 N.
795 2564 858 2613 V.
898 2564 1018 2626 43.).

560 2647 651 2697 His
687 2648 938 2711 expositis
970 2648 1179 2708 Assyria
1198 2648 1421 2708 narciae,
1457 2647 1649 2707 Assyria·
1672 2648 1869 2707 odoreS,
1906 2647 2166 2708 Assyrium
2189 2648 2332 2709 lima,
2371 2650 2605 2711 Assyrius

429 2735 680 2779 nwrcator
728 2744 832 2780 uon
880 2730 949 2779 ad
997 2732 1204 2792 Syriam
1249 2733 1542 2795 portusque
1591 2734 1648 2781 et
1680 2730 1875 2794 oppida
1910 2733 2073 2780 maris
2112 2731 2298 2780 interni
2333 2735 2602 2795 pertinere

429 2812 778 2873 videbuntur,
816 2812 959 2862 unde
996 2827 1208 2864 merces
1245 2813 1361 2863 illae
1397 2815 1449 2864 in
1484 2813 1688 2864 ltaliam
1724 2813 2097 2878 portabantur,
2152 2814 2249 2864 sed
2285 2815 2353 2864 ad
2389 2830 2451 2865 ea
2487 2818 2603 2880 ipsa

430 2895 544 2946 loca
596 2899 869 2959 spectare,
941 2909 1007 2946 ex
1058 2896 1254 2959 quibus
1305 2899 1489 2947 Graeci
1539 2897 1860 2962 plerumque
1911 2900 2240 2948 mercatores
2290 2899 2341 2948 in
2395 2901 2604 2962 Syriam

432 2981 728 3044 propriam,
783 2981 917 3029 mari
968 2980 1175 3029 interno
1212 2983 1266 3029 et
1298 2981 1566 3044 Euphrate
1612 2982 1985 3042 terminatam,
2033 2981 2363 3032 deserebant.
2435 2985 2499 3034 Et
2533 2986 2602 3035 ita

431 3062 797 3112 malobathrum
818 3064 1026 3124 Syrium
1049 3064 1210 3112 etiam
1247 3065 1301 3112 et
1331 3077 1479 3113 merx
1512 3065 1649 3125 Syra
1685 3065 1830 3128 (Hor.
1857 3064 1952 3114 Od.
1981 3067 2018 3114 1.
2047 3065 2101 3114 3⁴
2127 3104 2137 3126 ,
2167 3067 2267 3127 ΛΞ.)
2304 3066 2375 3115 ad
2409 3068 2603 3120 eadem

433 3143 518 3194 illa
551 3145 666 3195 loca
703 3146 982 3196 reserenda
1013 3149 1222 3197 eruut.»
1259 3148 1577 3208 Senaoarsn,
1619 3150 1836 3209 Quaestt.
1864 3149 1984 3197 Hor.
2017 3149 2398 3209 (Saarbriicken
2438 3151 2600 3213 ⁴847.)

432 3243 485 3291 p.
522 3229 552 3277 8
588 3241 706 3291 sqq.

601 4353 782 4398 fletur.
817 4365 927 4398 vot..
963 4354 994 4398 1.
1060 4365 1138 4398 ευ.
1173 4363 1327 4397 :mon
1359 4352 1428 4398 111.
2207 4353 2255 4396 18
2320 4379 2325 4383 -
