3234 4975
657 386 681 450 l
697 389 779 449 86

1082 548 1359 611 Fortuna
1405 566 1562 611 cum
1608 545 1886 613 stridore
1932 558 2121 612 acuto

1424 391 1678 440 ΗΟΒΑΤΙΙ
1719 391 2056 443 CARMINUM

2749 550 2827 614 ⁴15

1164 665 1461 741 Sustulit,
1509 666 1613 733 hic
1657 668 1957 753 posuisse
2001 667 2254 753 gaudet.

784 866 862 914 ⁴6.
901 866 1014 913 hinc
1048 862 1114 930 γὸ
1149 878 1234 928 ap.
1272 865 1484 913 Kirchn.
1523 865 1584 913 N.
1624 866 1838 924 Quaest.
1878 865 2055 915 Horat.
2093 879 2146 929 p.
2186 865 2265 915 36.
2306 867 2386 915 56.

648 1040 689 1100 («
704 1041 798 1093 Vel
842 1055 907 1092 ex
953 1041 1145 1092 crebra
1178 1042 1476 1102 mentione,
1525 1055 1690 1106 quam
1769 1044 1830 1093 ut
1875 1040 1959 1091 alii
2003 1041 2310 1101 voluerunt,

646 1118 890 1168 Horatius
923 1129 1105 1166 rerum
1139 1116 1502 1166 Parthicarum
1546 1116 1686 1176 facit,

644 1190 811 1254 colligi
844 1192 1048 1254 potest,
1086 1194 1414 1253 quantopere
1449 1204 1547 1241 eae
1583 1192 1689 1241 Ro-

643 1266 814 1315 manis
881 1278 1041 1314 curae
1109 1264 1365 1328 cordique
1430 1264 1685 1315 fuerint.»

643 1340 859 1389 Fumat..
874 1340 887 1401 )
929 1366 983 1374 —
1019 1340 1078 1388 In
1112 1351 1265 1402 seqq.
1301 1339 1529 1388 Fortuna
1561 1351 1688 1388 cum

643 1411 747 1461 deo
791 1425 1044 1476 supremo
1086 1411 1362 1476 copulatur
1403 1414 1599 1463 utiam
1633 1414 1687 1462 in

643 1487 937 1537 Homericis
960 1485 1058 1537 illis
1087 1485 1231 1537 Iliad.
1260 1501 1313 1548 0,
1352 1487 1470 1537 ⁴47:
1507 1494 1688 1558 μοῖρα

640 1556 795 1622 Διός.
832 1575 890 1620 τ,
928 1561 1017 1611 87:
1056 1557 1198 1624 Ζεὺς
1230 1562 1331 1612 καὶ
1362 1562 1554 1632 Μοῖρα
1586 1563 1686 1612 καὶ

642 1628 975 1724 ἠεροφοῖτις
1018 1628 1258 1707 Ἐρινύς.
1312 1636 1407 1686 Od.
1456 1634 1517 1696 λ,
1554 1637 1681 1687 292:

640 1705 862 1774 χαλε-εὴ
910 1707 972 1760 δὲ
1012 1708 1154 1761 θεοῦ
1191 1707 1339 1760 κατὰ
1370 1710 1520 1780 μοΐρ
1554 1709 1686 1762 ἐπέ-

638 1782 830 1851 δησεν.
882 1813 935 1823 —-
973 1785 1116 1847 Apa
1152 1787 1366 1849 proprie
1408 1786 1684 1835 flaminum

639 1861 860 1922 insigne,
886 1859 1058 1923 pileus
1082 1872 1208 1909 cum
1224 1860 1373 1922 apice
1395 1860 1683 1919 eminente;

638 1936 751 1983 tum
770 1935 955 1996 capitis
979 1937 1353 1983 ornamentum
1375 1946 1563 1997 regum
1586 1934 1691 1982 ori-

638 2006 910 2067 entalium,
936 2008 1087 2057 tlara.
1115 2008 1210 2058 Od.
1233 2008 1282 2069 3,
1303 2008 1358 2057 2⁴
1376 2046 1386 2065 ,
1407 2008 1488 2057 20.
1510 2020 1688 2071 regum

635 2082 817 2143 apices.
866 2083 1037 2145 Atque
1074 2095 1139 2131 eo
1166 2084 1364 2133 rectius
1392 2083 1469 2133 sic
1497 2094 1685 2145 regum

636 2155 969 2206 orientalium
988 2156 1118 2205 tiara
1131 2157 1309 2206 vocari
1322 2158 1533 2220 poterat
1541 2155 1686 2219 quod

638 2233 753 2280 erat
786 2224 953 2301 ὀρθή.
1014 2231 1112 2280 Dio
1154 2231 1343 2294 Chrys
1382 2232 1470 2280 Or.
1509 2229 1587 2281 44.
1628 2244 1680 2293 p

635 2304 749 2356 444.
790 2306 847 2355 R.
887 2303 1060 2354 Schol.
1102 2303 1298 2355 Platon.
1336 2318 1390 2369 p.
1429 2304 1542 2354 935.
1585 2305 1681 2355 Ed.

636 2381 875 2429 nostrae:
937 2368 1120 2471 Τιάρὰ
1152 2378 1275 2430 ἐστὶ
1308 2375 1534 2444 κόσμος
1562 2377 1686 2429 ἐπι-

633 2451 971 2519 κεφάλαιος,
1005 2445 1044 2528 ᾗ
1083 2456 1145 2506 οἱ
1156 2452 1402 2541 Περσῶν
1423 2452 1685 2518 βασιλεῖς

632 2527 808 2595 μόνοι
844 2525 996 2603 ὀρθῇ
1032 2527 1306 2618 ἐχρῶντο,
1344 2530 1405 2580 οἱ
1422 2528 1484 2580 δὲ
1506 2544 1685 2601 στρα-

634 2606 800 2670 τηγοὶ
832 2604 1155 2677 κεκλιμένῃ.
1187 2600 1677 2669 Τακινθινοβαφῆ

634 2679 822 2730 tiaram
857 2681 1039 2730 tribuit
1071 2684 1354 2731 Persarum
1389 2681 1499 2742 regi
1540 2679 1684 2729 Cha-

634 2753 732 2801 rito
745 2767 799 2817 p.
817 2753 930 2803 437.
950 2755 1086 2818 Lips.
1106 2754 1222 2804 vid.
1238 2754 1407 2804 Darii
1395 2754 1682 2816 imaginem

632 2827 683 2875 in
730 2829 900 2876 Museo
946 2828 1160 2877 Bor-bon.
1204 2828 1333 2877 VIII.
1372 2829 1428 2876 T.
1465 2826 1678 2877 36-40.

632 2899 816 2951 Mtiller
848 2902 1056 2950 Denkvn.
1096 2902 1133 2950 Ι.
1172 2902 1234 2950 N.
1272 2901 1387 2951 273.
1436 2902 1584 2962 Hinc,
1624 2903 1683 2949 ut

632 2975 883 3036 diadema,
920 2976 1120 3038 tropice
1158 2975 1331 3038 «regia
1355 2977 1593 3039 potestas
1616 2989 1681 3024 ac

631 3048 907 3110 dignitas.»
944 3049 1028 3098 Sic
1048 3049 1102 3098 h.
1129 3048 1186 3109 l.‚
1223 3062 1328 3100 non
1352 3050 1678 3114 simpliciter,

2368 1043 2617 1094 «culmen
2660 1059 2822 1109 opum

1764 1118 1817 1165 et
1849 1117 2200 1176 divitiarum»,
2223 1115 2305 1165 vel
2320 1131 2624 1168 «summum
2635 1118 2819 1177 decus,

1765 1189 2031 1254 fastigium
2056 1192 2135 1240 rei
2160 1189 2496 1241 culuslibet.»
2536 1194 2624 1243 Est
2647 1195 2819 1256 igitur:

1766 1266 2093 1315 «Potentiam
2127 1279 2192 1314 ac
2227 1278 2453 1328 regnum
2491 1267 2646 1330 eripit
2675 1268 2817 1335 huic,

1763 1338 1833 1389 illi
1858 1339 2117 1390 confert.»
2155 1341 2327 1391 Miuus
2352 1344 2499 1390 recte
2521 1342 2821 1397 viscontius

1761 1414 1933 1464 Museo
1963 1415 2317 1465 Pio—Clement.
2358 1415 2414 1463 T.
2453 1417 2499 1464 Ξ.
2539 1417 2597 1464 Τ.
2632 1419 2711 1467 42.
2751 1419 2820 1468 de

1762 1488 1913 1550 apice
1966 1488 2079 1537 sive
2131 1487 2272 1552 pileo
2325 1489 2586 1538 Fortunae
2632 1491 2815 1553 ipsius.

1761 1559 1977 1623 qualem
2020 1561 2225 1611 habent
2267 1563 2319 1611 in
2361 1564 2549 1613 statuis
2594 1566 2648 1613 et
2689 1578 2818 1614 ana-

1761 1633 1972 1698 glyphis
2030 1636 2290 1685 Fortunae
2349 1639 2496 1686 certe
2551 1639 2808 1699 AntiateS,

1761 1711 2140 1773 interpretatus
2176 1714 2285 1771 est,
2325 1713 2477 1774 quasi
2512 1725 2642 1761 vero
2673 1713 2816 1763 hunc

1761 1784 1968 1847 apicem
2035 1786 2259 1834 Fortuna
2317 1784 2533 1835 sibimet
2581 1788 2693 1850 ipsa
2746 1787 2814 1837 de

1759 1858 1960 1907 vertice
2008 1856 2235 1909 demens
2281 1871 2476 1922 magno
2524 1873 2647 1910 oum
2688 1862 2814 1912 stri-

1762 1929 1892 1981 dore
1917 1930 2161 1993 alterius,
2200 1934 2285 1983 cui
2309 1933 2507 1993 faveat,
2536 1935 2692 1998 capiti
2717 1936 2817 1984 im—

1759 2008 1940 2069 ponat.
1979 2006 2128 2057 Falso
2148 2009 2308 2057 etiam
2328 2007 2597 2072 Gargallus
2620 2010 2816 2071 apicem

1761 2083 2141 2144 interpretatur
2173 2085 2439 2133 montem:
2497 2084 2594 2132 «Li
2625 2096 2815 2145 rapace

1759 2156 1987 2205 Fortuna
2020 2161 2174 2205 acuta
2204 2157 2382 2217 stride,
2420 2157 2714 2219 Sptanando
2740 2171 2814 2207 tm

1760 2235 1951 2291 monte,
2003 2232 2090 2292 qui
2123 2231 2156 2279 ι’
2193 2232 2427 2293 innalza,
2476 2245 2503 2281 ο
2533 2232 2695 2281 ride.»
2752 2261 2807 2269 —

1759 2305 1998 2369 stridore]
2043 2304 2275 2365 alarum,
2323 2319 2460 2369 quae
2498 2307 2545 2355 ei
2590 2308 2813 2371 propter

1760 2378 2157 2430 instabilitatem
2182 2379 2500 2430 tribuuntur.
2523 2380 2618 2430 Od.
2642 2381 2695 2442 8,
2722 2382 2807 2443 29,

1759 2454 1850 2504 53:
1910 2455 2137 2505 Forttma
2178 2456 2220 2505 si
2260 2480 2290 2492 -
2319 2481 2347 2492 -
2378 2480 2408 2492 -
2436 2456 2616 2506 celeres
2649 2456 2811 2519 quatit

1756 2530 1966 2580 Pennas.
2041 2531 2136 2580 Hic
2170 2532 2352 2580 autem
2387 2532 2600 2593 stridor,
2638 2531 2691 2581 id
2726 2533 2809 2582 est

1758 2606 1963 2654 semota
1997 2604 2251 2667 imagine,
2290 2604 2465 2655 subita
2500 2618 2681 2656 rerum
2705 2607 2807 2656 im-

1757 2679 1979 2728 mutatio
1996 2691 2391 2742 regnorumque
2410 2680 2636 2740 eversio,
2666 2694 2808 2731 mor-

1758 2752 1890 2804 tales
1924 2753 2310 2817 perterrefacit.

1823 2829 1904 2877 46.
1964 2829 2190 2892 Sustulit]
2248 2822 2552 2898 ἀορίστως.
2610 2854 2664 2865 —-
2704 2842 2802 2889 po-

1754 2903 1907 2951 suisse
1950 2903 2159 2967 gaudet]
2207 2905 2320 2953 Non
2371 2907 2478 2953 tam
2522 2915 2620 2966 pro
2671 2903 2802 2952 sim-

1755 2975 1877 3040 plici
1899 2977 2128 3040 imponit,
2164 2990 2352 3041 quam:
2393 2991 2522 3029 «suo
2545 2976 2800 3026 arbitratu

1756 3051 2028 3115 imponit.»
