3234 4975
1152 420 1268 469 LIB.
1306 421 1342 468 1.
1414 420 1470 467 C.
1510 418 1748 469 XXXVII.

2451 416 2572 479 207

892 578 1162 641 Venator
1204 575 1268 640 in
1311 575 1554 662 campis
1598 574 1825 641 nivalis

976 696 1396 769 Haemoniae,
1452 695 1635 761 daret
1676 707 1746 762 ut
1788 697 2029 762 catenis

2496 696 2574 758 20

764 854 975 920 Fatale
1020 864 1402 920 monstrum:
1456 875 1627 942 quae
1671 854 2049 941 generosius

766 976 983 1041 Perire
1028 996 1349 1063 quaerens
1394 995 1514 1042 nec
1557 974 1954 1042 muliebriter

890 1097 1154 1183 Expavit
1196 1117 1418 1162 ensem
1462 1116 1582 1162 nec
1626 1095 1894 1163 latentes

564 1295 642 1344 20.
678 1295 923 1343 Paeoniae
956 1294 1190 1343 Meineke
1225 1293 1395 1343 miae.
1432 1295 1493 1343 11.
1530 1307 1582 1357 p.
1625 1294 1734 1343 ⁴6⁴.

430 1463 690 1520 nominat;
728 1459 966 1511 similiter
986 1462 1046 1510 ut
1068 1460 1175 1510 Itali
1200 1459 1465 1509 interdum

428 1538 593 1586 totam
626 1533 919 1585 Helvetiam
953 1534 1224 1598 perpetuis
1259 1532 1466 1583 nivibus

429 1613 732 1674 coopertam
755 1608 853 1660 sibi
878 1609 1094 1671 lingunt.
1163 1605 1258 1657 Vel
1289 1608 1465 1671 potius

428 1684 653 1747 intellige
687 1684 754 1734 de
789 1683 1014 1734 hiberno
1046 1685 1314 1746 tempore,
1359 1694 1465 1744 quo

427 1762 759 1825 potissimum
777 1758 1036 1808 vacabant
1052 1757 1330 1807 venationi.
1358 1757 1462 1805 Sat.

426 1836 489 1896 2,
549 1834 607 1895 3,
665 1833 778 1884 234.
859 1835 960 1883 Pro
1016 1845 1111 1883 sua
1162 1832 1464 1880 coniectura

428 1909 664 1959 Meineke
710 1906 861 1957 affert
902 1906 1047 1956 Ovid.
1086 1907 1206 1957 Met.
1244 1907 1301 1965 5,
1339 1905 1461 1955 3⁴3:

428 1984 697 2033 Paeonas-
671 1982 923 2031 -m‘vosos.
996 1980 1100 2029 Sed
1131 1981 1344 2029 Paeones
1375 1978 1468 2028 de-

429 2070 575 2107 mum
599 2055 667 2105 ab
690 2054 872 2106 ovidio
893 2056 1259 2104 memorantur
1273 2092 1285 2114 ,
1318 2053 1467 2117 quip-

427 2146 495 2196 pe
542 2144 665 2182 cum
709 2130 865 2179 huius
915 2131 1157 2192 tempore
1207 2128 1296 2178 diu
1345 2130 1467 2191 post

426 2205 695 2268 Virgilium
750 2207 909 2267 atque
958 2203 1228 2253 Horatium
1273 2202 1465 2252 devicti

428 2282 625 2331 essent.
694 2280 769 2328 Ex
802 2280 969 2328 Ponto
1001 2279 1061 2336 2,
1098 2278 1155 2337 2,
1192 2277 1280 2325 75:
1333 2276 1467 2326 Adde

428 2355 754 2416 te-tmnphatos
773 2354 948 2403 modo
977 2354 1222 2411 Paeonas,
1260 2364 1307 2400 a.
1333 2364 1387 2399 u.
1415 2364 1461 2399 c.

428 2430 541 2479 765.
584 2456 638 2465 -
675 2429 819 2477 daret
849 2432 905 2475 ιιι
926 2426 1125 2491 catenis]
1153 2426 1209 2474 ln
1234 2438 1299 2475 eo
1323 2426 1464 2475 enim

431 2505 605 2554 omnia
655 2503 969 2566 reposuerat
1019 2501 1354 2559 Octavianus,
1408 2503 1467 2549 ut

430 2575 572 2628 illam
626 2576 896 2640 triumpho
950 2577 1264 2625 reservaret
1329 2572 1460 2623 Plut.

429 2654 547 2702 Ant.
584 2652 674 2704 78:
728 2647 832 2700 τὸν
870 2645 1197 2736 Προκλήϊον
1235 2642 1465 2711 ετεμψε

428 2722 729 2788 κελεύσας,
782 2718 855 2790 ἢν
896 2720 1162 2789 δύνηται,
1213 2720 1467 2787 μάλιστα

429 2796 534 2867 τῆς
588 2796 956 2869 Κλεοπάτρης
1011 2795 1199 2863 ζώσης
1255 2795 1465 2869 κρατῆ-

430 2890 558 2926 σαι·
594 2876 693 2925 καὶ
734 2870 845 2944 γὰρ
888 2871 1161 2935 ἐφοβεῖτο
1195 2875 1320 2943 περὶ
1352 2870 1465 2922 τῶν

432 2947 781 3038 χρημάτων
784 2950 881 2999 καὶ
921 2951 1071 3014 μέγα
1110 2942 1254 3018 πρὸς
1291 2945 1466 3012 δόξαν

432 3020 625 3092 ἡγεῖτο
677 3020 781 3075 τοῦ
834 3019 1158 3095 θριάμβου,
1216 3037 1467 3090 καταγα-

431 3106 552 3167 γεῖν
584 3094 784 3164 αὐτήν.

493 3176 575 3225 24.
615 3174 801 3238 Fatale]
850 3172 995 3222 «lato
1040 3172 1358 3222 destinatum
1401 3172 1469 3221 ad

431 3248 764 3314 perdendum
786 3260 951 3311 prope
978 3247 1259 3310 imperium
1286 3249 1471 3297 Roma·

434 3336 614 3376 rium.»
668 3351 721 3358 -
772 3326 1079 3372 mensum:
1130 3321 1274 3408 quae]
1329 3322 1470 3370 Con-

432 3399 652 3450 structio
703 3393 845 3468 πρὸς
894 3392 960 3446 τὸ
1007 3392 1466 3485 σημαινόμενον,

430 3476 491 3523 ut
524 3472 713 3535 Odyss
750 3469 812 3532 λ,
848 3471 938 3521 90:
990 3467 1160 3535 ψυχὴ
1205 3467 1469 3554 Θηβαίου

432 3547 762 3637 Τειρεσίαο,
843 3544 905 3596 Χ
901 3558 1111 3615 ρυσεον
1175 3541 1470 3614 σκῆπτρον

432 3617 601 3681 εχων.
639 3622 846 3671 Terent
882 3621 1014 3670 Eun.
1053 3618 1113 3678 4,
1151 3619 1210 3680 3,
1249 3619 1305 3669 3:
1352 3621 1473 3669 Sce-

432 3699 510 3747 lus
522 3702 790 3759 postquam
810 3695 1090 3759 ludificatus
1117 3699 1188 3744 est
1206 3695 1467 3758 viryinem.

436 3771 581 3821 Plato
613 3770 841 3833 Euthyd.
880 3771 993 3819 275.
1033 3771 1124 3818 D.:
1170 3765 1237 3818 τὸ
1271 3765 1473 3840 μειρά-

434 3860 563 3895 κιον
584 3873 656 3884 --
673 3840 991 3914 ἀπορήσας.
1029 3844 1136 3893 Cic.
1164 3843 1231 3893 ad
1256 3845 1398 3893 Fam.
1421 3843 1469 3903 4,

435 3921 492 3979 9,
532 3920 622 3968 ⁴5:
658 3920 749 3969 illa
778 3917 1473 3981 finiamuliebriumreliyio—

432 4006 581 4053 man,
619 3995 704 4055 qui
736 3996 839 4043 cet.
880 3994 985 4043 Liv.
1023 3992 1112 4053 38,
1162 3992 1251 4043 46:
1305 3997 1476 4042 tantae

433 4081 702 4131 corporum
720 4069 871 4118 moles
889 4096 918 4106 -
940 4096 969 4106 -
991 4069 1045 4118 in
1065 4068 1242 4132 fugam
1260 4073 1475 4117 comm

434 4144 692 4192 ηαεέειιηε.
730 4143 898 4193 Etiam
921 4141 1102 4194 Florus
1125 4141 1182 4198 4,
1222 4143 1299 4191 ll.
1336 4155 1476 4191 mon-

433 4223 593 4267 strum
624 4229 747 4268 eam
780 4216 1008 4281 appellat
1040 4220 1096 4266 et
1128 4218 1337 4266 Lucano
1382 4216 1470 4274 lo,

434 4293 514 4342 58.
555 4295 660 4342 est:
712 4292 932 4342 Dedecus
964 4292 1195 4354 Aegypti,
1240 4291 1368 4340 Latii
1398 4290 1473 4352 fe-

1781 1321 1828 1329 -
1871 1293 1952 1343 23.
1987 1293 2183 1343 latentis
2214 1295 2313 1346 BT.

1536 1461 1663 1509 ralis
1701 1460 1936 1521 Erinnys.
2006 1460 2232 1511 Atteude
2283 1464 2461 1512 autem
2506 1464 2576 1514 ad

1538 1527 1853 1583 ἀσύνδετον
1894 1536 2272 1585 sententiarum
2317 1537 2454 1586 inter
2484 1552 2571 1587 vv.

1539 1609 1750 1658 45-24.
1789 1611 1844 1658 et
1876 1608 2110 1658 subitum
2156 1607 2281 1659 illud
2326 1624 2455 1673 quae
2494 1625 2578 1676 90-

1536 1684 1759 1733 mosius
1791 1710 1837 1744 -,
1877 1696 1984 1747 quo
2017 1677 2308 1751 ἀσυνδέτῳ
2342 1688 2577 1750 repenti-

1537 1771 1663 1808 nam
1696 1757 1837 1808 illam
1871 1761 2031 1821 atque
2066 1757 2434 1809 admirabilem
2465 1774 2579 1811 mu-

1536 1832 1788 1882 tationem
1822 1833 1875 1882 in
1909 1833 2122 1895 reginae
2156 1834 2333 1884 animo
2364 1834 2573 1895 factam,

1536 1910 1597 1957 ut
1630 1921 1660 1957 a
1692 1908 1841 1957 vanis
1884 1920 2054 1970 aeque
2099 1909 2152 1957 et
2187 1921 2218 1956 a
2250 1910 2391 1958 veris
2429 1911 2580 1960 timo-

1537 1982 1685 2032 ribus
1719 1983 1968 2031 transiret
2000 1982 2069 2031 ad
2111 1984 2577 2044 generosissimum

1537 2056 1796 2108 moriendi
1849 2054 2149 2114 eonsilium,
2211 2070 2400 2120 magna
2453 2071 2576 2108 cum

1537 2134 1651 2180 arte
1709 2130 1985 2193 expressit.
2078 2131 2411 2194 Quamquam
2467 2133 2577 2182 scio

1540 2205 1916 2268 «improvisum
1979 2205 2119 2254 hunc
2186 2204 2451 2267 saltum‚n
2521 2209 2580 2256 ut

1536 2281 1706 2340 aiunt,
1750 2279 1818 2328 ab
1854 2280 2108 2342 imperitis
2140 2280 2401 2332 iudicibus
2439 2284 2579 2332 acri-

1537 2358 1621 2405 ter
1653 2354 2040 2418 reprehensum
2075 2367 2212 2404 esse.

1601 2432 1683 2480 22.
1716 2429 1796 2479 23.
1837 2429 2006 2478 Perire
2035 2429 2290 2493 quaerens]
2319 2432 2579 2490 «mortem

1537 2507 1795 2568 appetens
1836 2506 2054 2567 viasque
2095 2505 2356 2554 moriendi
2391 2518 2579 2557 omnes

1536 2579 1908 2640 investigans»
1942 2580 2099 2628 Amat
2131 2580 2310 2628 autem
2335 2579 2579 2630 Horatius

1538 2654 1795 2703 rariorem
1846 2652 1982 2700 hanc
2030 2665 2080 2700 v.
2134 2654 2404 2712 quaerendi
2455 2666 2580 2703 cum

1537 2727 1790 2777 infinitivo
1814 2726 2278 2775 constructionem.
2306 2727 2366 2776 V.
2389 2727 2456 2776 ad
2480 2727 2575 2777 Od.

1539 2802 1594 2862 3,
1634 2800 1690 2860 4,
1729 2799 1808 2849 39.
1851 2825 1905 2834 --
1942 2813 2031 2848 nec
2051 2800 2371 2865 muliebriter]
2396 2800 2576 2852 Vellei.

1538 2877 1595 2935 2,
1633 2875 1722 2925 87:
1778 2874 2044 2934 Cleopatra
2074 2874 2333 2937 frustratis
2363 2876 2581 2924 custodi-

1540 2950 1628 2998 bus
1669 2949 1816 2997 illata
1860 2948 2058 3009 aspide,
2105 2961 2279 2997 morsu
2320 2949 2425 2998 eius
2463 2962 2583 2999 sane

1540 3036 1720 3085 expers
1749 3021 2003 3071 muliebris
2032 3027 2190 3072 metus
2220 3023 2452 3085 spir-imm
2471 3024 2583 3072 red-

1539 3099 1678 3147 didit
1721 3123 1773 3133 -
1811 3096 2037 3157 Expavit
2067 3095 2243 3161 eii-vern]
2292 3095 2425 3147 Plut.
2459 3099 2576 3147 Ant.

1541 3172 1639 3222 79:
1701 3170 2042 3236 Θεασαιιένη
2097 3166 2200 3220 τὸν
2253 3167 2580 3259 Προκλήϊον

1541 3238 1777 3316 ὥρμησε
1807 3244 1915 3310 μὲν
1948 3239 2132 3310 αὑτὴν
2165 3241 2414 3310 πατάξαι
2447 3245 2581 3331 (στα-

1542 3321 1866 3390 ρεζωσμένη
1911 3315 2021 3390 γὰρ
2066 3315 2342 3386 ἐτύγχανέ
2380 3334 2436 3370 τι
2467 3318 2583 3369 τῶν

1542 3393 1860 3466 λῃστρικῶν
1877 3391 2156 3458 ξιφιδίων·
2158 3396 2180 3460 )
2199 3390 2582 3466 προσδραμών

1541 3468 1603 3521 δὲ
1636 3465 1781 3529 ταχὺ
1817 3463 1999 3534 αὐτὴν
2032 3467 2331 3520 ἐκώλυσεν.
2378 3471 2491 3528 Quo
2516 3482 2580 3518 ex

1541 3546 1660 3596 loco
1711 3546 1934 3608 apparet
1982 3545 2155 3594 minus
2205 3546 2409 3592 rectam
2459 3555 2584 3592 esse

1542 3620 1712 3671 vossii
1736 3619 2247 3683 interpretationem:
2272 3616 2469 3676 welche,
2491 3617 2584 3666 den

1542 3696 1736 3745 edleren
1767 3694 2003 3758 Ausqany
2024 3692 2126 3742 sich
2145 3693 2356 3741 stachend
2367 3729 2384 3753 ,
2419 3692 2586 3740 weder

1545 3771 1638 3819 das
1684 3768 1904 3818 Semoert
1952 3768 2030 3816 als
2077 3765 2215 3816 Weib
2256 3766 2449 3829 maenti
2492 3765 2584 3815 hob

1543 3858 1594 3892 ιι.
1634 3857 1672 3892 s.
1709 3857 1775 3892 w.

1608 3917 1689 3967 23.
1727 3929 1816 3965 nec
1849 3914 2068 3978 latentes]
2095 3915 2282 3963 Narrat
2303 3911 2436 3964 Plut.
2463 3916 2578 3965 Ant.

1545 3991 1627 4041 69.
1664 3991 1732 4040 de
1767 3987 2169 4040 transvehendis
2204 4001 2233 4038 e
2268 3986 2379 4038 Nilo
2417 3988 2470 4037 in
2510 3988 2584 4038 si-

1547 4079 1676 4116 num
1709 4064 1991 4115 Arabicum
2029 4062 2250 4114 navibus
2285 4076 2405 4112 eam
2439 4063 2585 4125 cogi-

1546 4143 1690 4190 tasse
1734 4142 1787 4189 et
1827 4137 1948 4188 inde
1992 4131 2101 4201 ἔξω
2151 4141 2438 4188 κατοικεῖν
2485 4150 2584 4186 vo·-

1546 4214 1735 4272 luisse;
1772 4212 2032 4264 abiecisse
2068 4215 2245 4264 tamen
2278 4214 2381 4263 hoc
2416 4211 2586 4261 consi·

1546 4288 1702 4344 lium,
1759 4302 1881 4338 cum
1923 4301 2085 4338 naves
2126 4286 2322 4350 aliquot
2354 4286 2584 4349 primum
