3234 4975
1181 390 1297 439 LIB.
1335 390 1398 438 11.
1470 390 1526 437 C.
1565 389 1695 438 xlll.

2459 380 2583 445 283

927 545 994 608 ln
1041 542 1283 608 domini
1327 552 1520 628 caput
1562 540 1977 607 immerentis.

755 701 926 780 Quid
970 701 1250 788 quisque
1292 699 1476 775 vitet,
1523 719 1855 787 nunquam
1896 698 2135 764 homini
2180 696 2335 763 satis

756 822 1028 888 Cautum
1075 831 1174 887 est
1217 822 1282 886 in
1325 820 1548 886 horas:
1595 821 1810 886 navita
1852 822 2215 907 Bosporum

839 944 1096 1008 Poenus
1141 941 1578 1030 perhorrescit
1621 963 1837 1030 neque
1880 940 2048 1007 ultra

2504 936 2585 1002 ⁴5

933 1064 1143 1130 Caeca
1188 1064 1365 1130 timet
1407 1062 1666 1130 aliunde
1711 1062 1865 1139 fata,

763 1220 942 1287 Miles
987 1222 1250 1308 sagittas
1295 1234 1360 1287 et
1402 1221 1684 1287 celerem
1728 1221 1942 1308 fugam

763 1341 1015 1417 Parthi,
1063 1352 1324 1408 catenas
1369 1341 1641 1408 Parthus
1686 1352 1752 1406 et
1794 1340 2020 1407 Italum

843 1462 1095 1541 Robur3
1145 1463 1263 1529 sed
1309 1463 1659 1551 improvisa
1702 1462 1809 1530 leti

557 1636 635 1685 47.
673 1634 894 1697 colorem]
932 1634 1163 1682 reducem
1195 1631 1413 1682 Bentleii
1449 1634 1698 1697 suspicio.

421 1780 601 1853 ἀνήρ,
637 1778 912 1842 Σιδώνιος
941 1776 1223 1845 κάπηλος.
1254 1807 1309 1816 -
1345 1781 1472 1830 Bos-

415 1859 616 1922 porum]
652 1856 934 1905 Thracium
968 1855 1118 1904 Ponti
1153 1853 1366 1915 fretum,
1401 1849 1471 1903 τὸ

422 1925 810 1995 Βυζαντιακὸν
832 1925 1060 1993 στόμα,
1094 1928 1280 1992 rapido
1304 1941 1473 1992 aqua-

424 2019 547 2056 rum
604 2016 763 2054 cursu
821 2006 876 2052 et
936 2000 1183 2066 procellis
1253 2001 1467 2051 infame.

424 2080 518 2131 Od.
558 2079 619 2140 3,
657 2077 688 2129 4
711 2116 723 2139 ,
760 2077 858 2127 30:
918 2078 1250 2126 Insanicntom
1297 2077 1475 2125 navita

423 2156 703 2216 Bosporum
740 2151 967 2202 Tenmbo.
1028 2150 1260 2214 (Bospori
1302 2151 1476 2200 Aestus

425 2233 480 2280 et
529 2228 739 2290 Bospori
796 2229 974 2277 Portas
1024 2226 1288 2276 eiusmodi
1351 2228 1474 2276 sunt

424 2302 876 2354 scholasticorum
912 2301 1271 2360 coniecturae,
1313 2313 1471 2362 quae,

426 2376 696 2439 quomodo
743 2387 902 2425 nemo
953 2376 1219 2424 coniicere
1255 2373 1470 2434 debeat,

428 2451 628 2516 optime
665 2448 1073 2512 demonstrant.)

498 2526 576 2573 45.
633 2524 711 2573 46.
764 2524 905 2573 ultra
925 2550 955 2560 -
975 2549 1005 2560 -
1027 2523 1253 2586 auundo]
1290 2521 1474 2572 relicto

424 2597 670 2648 videlicet
717 2599 955 2661 Bosporo
976 2636 988 2658 ,
1048 2599 1101 2646 in
1147 2599 1314 2646 Ponto
1357 2596 1472 2657 vel,

423 2672 518 2722 ubi
542 2673 844 2731 revertitur,
870 2673 924 2721 iu
948 2672 1081 2721 mari
1098 2673 1309 2734 Aegaeo
1333 2675 1388 2720 et
1409 2685 1476 2721 ex

426 2746 525 2797 alia
549 2746 722 2810 aliqua
747 2748 916 2809 parte.
989 2743 1348 2811 Ταυτολογία
1369 2758 1476 2795 non

427 2824 527 2871 est.
582 2847 635 2856 --
693 2820 880 2883 Caeca]
953 2832 1214 2882 «quorum
1282 2832 1476 2869 causae

427 2897 788 2958 ignorantur.»
841 2895 951 2943 Cic.
993 2897 1116 2957 Agr.
1155 2895 1212 2954 2,
1253 2892 1348 2944 ⁴4:
1386 2907 1479 2943 cur

425 2970 517 3019 hoc
549 2974 620 3019 est
650 2974 758 3019 tam
789 2968 1054 3018 obscurum
1075 2972 1121 3017 et
1142 2967 1390 3017 caccum?
1416 2995 1470 3004 -

427 3045 589 3108 timet]
640 3042 854 3106 Syllaba
903 3042 1219 3107 producitur
1268 3043 1319 3091 in
1371 3042 1477 3091 arsi

430 3131 531 3169 nec
564 3131 694 3167 vero
744 3119 867 3181 post
899 3130 1057 3178 nequo
1090 3118 1268 3179 potest
1316 3115 1477 3167 scribi

428 3193 692 3254 annaque,
730 3193 787 3241 ut
810 3204 981 3254 nuper
1001 3191 1278 3255 proposuit
1296 3191 1478 3241 Axtius

430 3267 499 3317 ad
547 3267 772 3316 Vestric.
827 3278 948 3329 pag.
1000 3266 1114 3315 442.
1169 3278 1475 3329 exponens:

429 3342 565 3390 timet
597 3340 735 3389 ultra
766 3340 1096 3401 ultimaeque,
1143 3341 1348 3389 ratione
1383 3339 1482 3389 mi-

430 3417 573 3465 nime
607 3415 834 3478 poetica.

497 3492 574 3540 47.
611 3491 778 3555 Miles]
805 3491 894 3553 qui
915 3489 1089 3538 Parthi
1111 3489 1288 3551 fugam
1306 3489 1475 3548 timet,

429 3564 562 3615 alius
614 3578 720 3615 non
764 3566 976 3629 poterat
1019 3575 1140 3613 esse
1176 3576 1338 3626 quam
1373 3564 1480 3612 Ro-

431 3652 622 3690 manus
643 3677 655 3699 ,
695 3638 749 3687 id
782 3636 928 3702 quod
963 3634 1205 3687 consulto
1239 3650 1345 3686 non
1379 3635 1480 3686 ad-

430 3714 600 3774 ditur,
638 3727 763 3764 cum
802 3714 927 3764 insit
963 3711 1048 3761 vel
1089 3712 1142 3760 in
1175 3724 1260 3759 vv.
1297 3712 1481 3760 Italum

428 3787 601 3837 robur.
688 3787 1013 3840 Monendum
1078 3786 1194 3835 erat
1262 3787 1482 3849 propter

430 3862 657 3913 Editoris
695 3862 968 3913 Leidensis
1006 3859 1380 3910 dubitationes,
1422 3887 1477 3896 —

431 3935 662 3999 maium]
697 3935 837 3986 Vere
862 3934 1078 3988 sublimi
1101 3934 1331 3997 imagine
1355 3946 1484 3983 eun-

432 4010 560 4062 dem
591 4008 948 4061 Israelitarum
970 4011 1221 4060 timorem
1243 4021 1275 4057 a
1290 4008 1483 4070 pham-

431 4085 581 4137 tratis
616 4084 845 4148 Assyriis
881 4084 992 4148 (Οά.
1034 4084 1094 4144 3,
1131 4082 1192 4144 4,
1231 4083 1333 4146 35.)
1387 4095 1482 4132 ex-

430 4161 629 4225 pressit
663 4162 917 4212 Ieremias
951 4162 983 4210 5
1006 4199 1017 4220 ,
1063 4158 1152 4210 ⁴4:
1199 4151 1273 4208 ‘H
1299 4158 1483 4228 φαρέ-

1551 1808 1605 1817 -
1664 1781 1898 1846 colorem]
1980 1780 2246 1832 Bentleius
2288 1784 2593 1836 coniectans

1543 1858 1777 1906 reducem
1831 1855 2010 1919 fuam
2060 1860 2275 1920 poetam
2327 1860 2559 1908 correxit
2577 1896 2590 1917 ,

1546 1944 1652 1980 non
1676 1929 1948 1990 librarios;
1987 1943 2164 1994 neque
2188 1933 2368 1982 tamen
2400 1931 2594 1983 ἐπιθε-

1544 2019 1649 2054 τον
1694 2004 1821 2054 illud
1863 2007 1947 2056 est
1978 2006 2208 2056 otiosum
2241 2006 2470 2070 ideoque
2503 2020 2594 2056 re-

1546 2078 2010 2143 prehendendum.
2065 2081 2256 2141 «Tum,
2291 2093 2415 2130 cum
2438 2081 2596 2130 mini-

1548 2168 1636 2204 me
1672 2155 1984 2217 exspectant
2020 2155 2269 2213 Romani,
2305 2155 2483 2218 fugam
2520 2155 2596 2204 si-

1547 2228 1805 2279 mulatam
1839 2231 2129 2292 capessunt
2161 2230 2363 2289 Parthi,
2424 2230 2482 2278 ut
2513 2229 2596 2278 in-

1549 2307 1705 2353 caute
1727 2305 2022 2366 sequantur
2042 2302 2249 2361 hostes,
2288 2304 2387 2367 ipsi
2417 2305 2597 2353 autem

1550 2378 1729 2428 denuo
1780 2379 1935 2426 tenso
1985 2389 2140 2435 arcu,
2199 2378 2377 2427 statim
2426 2377 2596 2427 versis

1550 2453 1704 2516 equis
1753 2450 2043 2502 redeuntes
2086 2451 2289 2502 maiore
2336 2463 2460 2501 cum
2494 2451 2598 2501 im-

1547 2530 1676 2591 petu
1712 2528 1767 2576 in
1801 2539 1895 2576 eos
1928 2526 2250 2576 incursent.»
2299 2525 2451 2585 Quod
2473 2539 2597 2575 cum

1549 2603 1752 2653 scirent
1798 2600 2048 2660 Romani,
2102 2601 2213 2663 ipsa
2259 2599 2394 2650 illius
2442 2600 2596 2662 fugae

1551 2676 1796 2728 celeritas
1830 2676 1894 2725 iis
1927 2677 2043 2724 erat
2077 2673 2444 2733 formidolosa3
2482 2677 2599 2723 ete-

1551 2752 1663 2802 nim
1713 2762 1820 2813 quo
1870 2748 2096 2799 celerior
2144 2751 2286 2809 erat,
2336 2760 2401 2797 eo
2436 2749 2597 2796 etiam

1551 2818 1866 2877 insidiosior.
1902 2824 2045 2886 Virg.
2085 2825 2177 2872 Ge.
2204 2822 2260 2882 3,
2287 2822 2342 2872 34
2368 2836 2380 2869 τ
2416 2822 2600 2871 Fidon-

1551 2905 1746 2961 tamquo
1776 2898 1903 2961 fuya
1933 2897 2175 2947 Paratum
2219 2897 2470 2958 versisque
2518 2909 2602 2945 sa-

1549 2975 1704 3039 ρίιιέε.
1774 2972 1923 3022 Ovid.
1951 2974 2010 3021 A.
2035 2973 2096 3022 A.
2124 2971 2173 3032 3,
2198 2971 2323 3020 786:
2382 2971 2442 3019 Ut
2472 2970 2603 3019 color

1551 3048 1741 3098 aversis
1770 3051 1909 3097 utere
1938 3047 2153 3097 Parthus
2184 3045 2339 3107 equis.
2396 3045 2599 3094 Seneca

1553 3122 1738 3186 Oedip.
1784 3122 1905 3171 ⁴⁴8:
1969 3122 2098 3171 Vidit
2139 3125 2185 3170 ot
2222 3132 2395 3169 versas
2426 3119 2605 3181 oqidtis

1552 3198 1765 3260 sagittas
1778 3235 1797 3257 ,
1875 3197 2034 3259 Terqa
2091 3196 2292 3259 fallacis
2338 3194 2603 3244 metuenda

1549 3272 1740 3322 Paruit.
1813 3269 2085 3321 claudian.
2122 3270 2208 3320 IV.
2247 3271 2443 3319 Honor.
2471 3267 2597 3318 53⁴:

1554 3345 1962 3408 Scis--rofiuqo
2001 3343 2442 3407 quaesitttducia
2472 3343 2604 3391 Par-

1553 3420 1652 3469 tho.
1691 3420 1818 3468 Stat.
1863 3418 1985 3468 Silv.
2030 3420 2086 3477 4,
2130 3416 2187 3477 4,
2230 3417 2324 3466 78:
2382 3428 2606 3476 arcuque

1553 3494 1806 3544 horrenda
1836 3493 2009 3555 fugaci
2028 3517 2054 3527 -
2072 3517 2098 3528 -
2115 3490 2370 3541 Aromata.

1622 3569 1831 3618 ⁴8—20.
1867 3567 2053 3616 Italum
2074 3564 2255 3627 Robur]
2297 3575 2603 3614 «carcerem

1555 3639 2195 3701 robureumsl‘ullianum»
2205 3676 2218 3699 ,
2230 3650 2395 3702 quem
2405 3636 2609 3687 descri-

1554 3716 1636 3766 bit
1652 3715 1842 3767 Salust.
1864 3715 2015 3766 Catil.
2041 3716 2146 3776 δᾶ,
2173 3714 2227 3764 in
2250 3725 2415 3777 quem
2431 3710 2606 3762 nudus

1556 3791 1809 3842 detmsus
1853 3792 1939 3840 est
1971 3791 2133 3840 etiam
2167 3787 2431 3851 Iugurtha.
2497 3785 2602 3835 Ην.

1556 3864 1650 3924 38,
1687 3864 1784 3913 ὅ9ε
1849 3864 1910 3912 Ut
1938 3864 1994 3912 in
2025 3876 2281 3913 carcerom
2310 3863 2442 3911 inter
2471 3861 2609 3923 {tam

1556 3944 1826 3988 meumes
1857 3943 1905 3987 et
1937 3939 2157 3987 latrones
2189 3938 2272 3986 vir
2302 3935 2609 3986 clarissimus

1558 4014 1733 4076 Scipio
1789 4012 2079 4061 includatur
2131 4017 2179 4061 σε
2232 4012 2287 4060 in
2334 4011 2513 4059 roboro
2561 4014 2609 4059 οι

1558 4085 1770 4138 maor-is
1801 4085 2036 4147 ooewirot.
2085 4085 2245 4135 Tacit.
2271 4087 2405 4136 Ann.
2433 4082 2484 4144 4,
2510 4084 2603 4133 29:

1556 4160 1717 4210 robur
1763 4164 1810 4210 et
1856 4172 2043 4209 mmm
2090 4164 2181 4210 mit
2225 4159 2610 4222 patricam-mn

430 4249 538 4306 τρα
569 4229 764 4288 αὐτῶν
786 4231 867 4299 ὥς
887 4230 1079 4298 τάφος
1100 4229 1478 4303 ἀνεῳγμένος.
1553 4247 1746 4299 poenas
1791 4233 2037 4285 mitari.
2110 4233 2216 4285 Cir.
2246 4234 2433 4285 Festus
2466 4232 2521 4281 in
2552 4244 2604 4281 v.
