3234 4975
684 354 807 418 746

1160 356 1412 406 HonATu
1455 355 1712 406 EPODON
1750 355 1968 405 LIBER.
2032 356 2229 404 CARM.
2266 354 2415 404 xvn.

934 514 1026 575 An
1076 530 1246 597 quae
1290 530 1553 577 movere
1596 529 1826 577 cereas
1869 508 2211 596 imagines,

932 630 1010 696 Ut
1055 630 1196 715 ipse
1247 630 1413 695 nosti
1462 630 1794 706 curiosuS,
1842 637 1905 695 et
1956 627 2107 715 polo

932 749 1244 836 Deripere
1292 748 1511 815 lunam
1551 748 1822 816 vocibus
1866 748 2112 835 possim
2160 748 2353 824 meiS,

932 870 1183 936 Possim
1226 878 1547 936 crematos
1592 869 1874 936 excitare
1919 878 2206 935 mortuos

929 987 1361 1076 Desiderique
1405 998 1770 1076 temperare
1813 987 2085 1077 pocula,

2770 991 2856 1052 80

931 1108 1185 1176 Plorem
1229 1109 1381 1175 artis
1425 1109 1490 1174 in
1535 1118 1598 1175 te
1643 1108 1729 1175 nil
1774 1110 2022 1195 agentis
2066 1109 2325 1175 exitus?

809 1281 891 1330 77.
934 1279 995 1328 Ut
1025 1283 1073 1327 ct
1103 1278 1209 1339 ipso
1241 1279 1300 1328 C.
1343 1305 1398 1313 —
1434 1278 1662 1328 ουνίοειιε
1693 1279 1821 1328 nosti
1853 1279 1912 1328 B.
1970 1306 2025 1314 -—
2085 1278 2166 1329 78.
2207 1277 2443 1340 Diu-iporo
2475 1279 2533 1328 T.
2579 1305 2634 1314 —
2667 1291 2789 1340 pos-

744 1368 856 1405 sum
888 1365 1028 1403 unus
1063 1352 1101 1415 (4
1113 1351 1182 1414 6.)
1217 1351 1449 1401 Pottierii
1496 1355 1551 1401 et
1583 1353 1890 1403 Torrentius
1938 1352 2041 1404 bis.
2103 1352 2222 1415 (Mei
2256 1365 2321 1420 ac
2352 1350 2576 1403 Bentleii
2601 1353 2789 1414 possim

745 1426 1070 1490 utrobique.)
1111 1451 1167 1461 —
1224 1426 1306 1477 80.
1335 1425 1577 1487 poculum
1607 1424 1746 1488 ch,
1784 1427 1972 1477 LCtFJ.
2013 1428 2091 1489 (Ut
2124 1438 2250 1486 nos,
2286 1428 2353 1487 Β,
2391 1423 2635 1492 γδκλνχ,
2669 1439 2782 1476 var.

745 1502 867 1553 lect.
904 1518 973 1566 μ,
1009 1496 1304 1558 Bentleius,
1342 1498 1430 1562 M.)
1467 1525 1525 1536 —
1577 1500 1661 1551 8⁴.
1697 1499 1891 1549 uuluam
1921 1500 2144 1550 habentis
2175 1501 2367 1550 avitum
2400 1501 2468 1560 L,
2504 1500 2580 1549 nil
2608 1499 2790 1550 habon-

745 1577 809 1625 tis
838 1575 1002 1625 witus
1034 1585 1175 1623 unus
1207 1573 1439 1622 Pottierii
1472 1575 1529 1623 et
1558 1574 1707 1623 Torr.
1734 1612 1746 1634 ,
1781 1574 1856 1623 nil
1884 1573 2099 1624 valericis
2128 1575 2324 1624 emittm»
2355 1574 2624 1632 Muretus;
2678 1586 2787 1624 non

745 1652 806 1699 ut
853 1646 1060 1708 volunt,
1110 1646 1242 1697 Cod.
1297 1644 1588 1697 Pulmanni.
1645 1646 1855 1697 Habent
1898 1648 1974 1698 nil
2005 1646 2150 1711 (nihil
2179 1649 2256 1712 T.)
2292 1648 2485 1712 aymus
2517 1647 2683 1698 Bch.
2724 1673 2782 1684 —

747 1724 912 1773 exim
942 1720 1129 1780 Bbc,t:
1167 1721 1360 1770 avitum
1392 1721 1565 1782 T,LC,
1601 1719 1893 1781 Bentleius,
1932 1722 2037 1773 Fu.
2078 1723 2160 1784 (Ut
2191 1735 2319 1784 nos,
2355 1722 2422 1784 J.)

682 1862 882 1912 domito
905 1862 1101 1921 omnia,
1145 1874 1284 1924 quae
1315 1861 1368 1912 in
1402 1862 1535 1912 orbe
1560 1863 1734 1912 terra·
1809 1875 1915 1925 que
1967 1866 2022 1912 et
2070 1873 2294 1924 prorsus
2351 1861 2586 1912 inaudita
2637 1861 2853 1912 efficere

684 1949 804 1986 rum
825 1938 967 1996 sunt,
992 1937 1208 1986 flectent
1231 1948 1292 1986 se
1323 1935 1548 1986 invictae
1577 1949 1733 1986 meae
1807 1948 2004 1997 queam
2020 1937 2077 1985 ‘h
2119 1962 2173 1971 —-
2220 1935 2544 1998 Desidet-ique
2575 1940 2858 1998 temperare

684 2011 951 2074 potentiae
987 2023 1217 2073 eamque
1253 2022 1379 2060 cum
1412 2012 1633 2074 stupore
1657 2008 1736 2060 ul-
1799 2009 2000 2073 pocula]
2041 2010 2301 2059 «miscere
2350 2008 2542 2073 pocula
2576 2011 2851 2070 amatoria,

683 2084 764 2132 tro
798 2083 1117 2145 agnoscent,
1160 2095 1315 2145 cum,
1356 2084 1513 2146 quasi
1549 2085 1735 2134 trium-

681 2155 881 2220 phans,
939 2156 1036 2207 tibi
1071 2157 1369 2220 inequitans
1403 2158 1729 2208 incessero.»

681 2228 780 2279 Alii
815 2229 1104 2293 explicant:
1162 2232 1245 2280 «te
1297 2243 1517 2281 mecum
1549 2228 1731 2280 tollam

683 2304 737 2353 in
771 2308 1016 2363 aeremp·
1069 2304 1122 2354 id
1167 2303 1460 2366 quod·nou
1505 2304 1646 2354 inest
1677 2303 1731 2353 in

682 2375 863 2427 verbis
885 2378 1095 2441 poetae.
1127 2403 1181 2413 --
1206 2377 1512 2439 insolentiae]
1550 2377 1732 2427 «novis

684 2452 854 2512 ausis,
907 2450 1128 2502 insolitis
1176 2463 1240 2501 ac
1292 2450 1444 2502 novis
1495 2450 1729 2512 artibuS,

686 2524 882 2588 quibus
931 2524 1158 2575 ulciscar
1202 2528 1257 2575 et
1289 2524 1587 2589 deprimam
1632 2525 1735 2574 ini-

685 2600 855 2650 micos
890 2611 1129 2649 omnes.»
1167 2599 1523 2649 b'oncauinus.

750 2673 927 2724 76-80.
952 2685 1123 2722 coreas
1135 2673 1394 2737 imagines]
1426 2674 1556 2725 Utin
1574 2672 1736 2723 Phar-

687 2748 992 2798 maceutriis
1014 2747 1276 2798 Theocriti
1303 2747 1364 2807 2,
1390 2747 1473 2797 28.
1512 2747 1567 2796 et
1587 2746 1729 2808 virg.

685 2821 795 2872 Ecl.
837 2823 898 2881 8,
946 2822 1028 2871 80.
1054 2858 1066 2881 ,
1116 2832 1291 2885 pupae
1326 2821 1458 2870 istae
1493 2820 1732 2883 magicae

689 2893 1058 2945 adolescentes
1090 2892 1176 2944 vel
1203 2892 1445 2944 infideles
1466 2892 1554 2943 vel
1575 2894 1733 2943 nimis

689 2970 854 3019 duros
885 2968 1146 3026 referunt,
1200 2979 1336 3030 quos
1369 2979 1430 3017 se
1465 2967 1734 3018 defixuras

686 3047 742 3094 et
774 3040 980 3106 cupidis
1024 3039 1213 3105 puellis
1257 3039 1626 3092 conciliaturas
1659 3040 1737 3090 si-

689 3115 967 3167 mulabant
998 3127 1176 3177 sagae.
1215 3115 1363 3165 ovid.
1401 3116 1526 3165 Her.
1551 3115 1612 3177 6,
1640 3114 1695 3164 9⁴
1721 3127 1732 3163 :

685 3193 903 3240 Devovet
936 3188 1156 3239 obseruas
1185 3189 1556 3251 §macroque
1588 3201 1737 3239 corea

684 3265 795 3330 flyit
814 3265 881 3314 Et
912 3263 1149 3314 misorum
1171 3267 1337 3314 tenues
1357 3266 1413 3313 in
1432 3266 1572 3314 iocur
1590 3268 1738 3327 urget

687 3352 824 3389 acus.
856 3364 910 3373 ——
947 3336 1200 3402 curiosus]
1240 3350 1394 3388 «cum
1428 3336 1736 3388 incredulus

688 3427 753 3464 ex
777 3412 980 3463 insidiis
1003 3423 1154 3462 meas
1176 3415 1319 3462 artes
1345 3411 1735 3476 inspectabas.»

691 3514 746 3524 —
786 3487 907 3548 polo
948 3486 1192 3548 Der-epora
1233 3485 1436 3549 lunam]
1499 3486 1617 3535 vid.
1667 3485 1736 3536 ad

687 3560 854 3627 Epod.
881 3562 931 3622 5,
956 3559 1020 3610 45
1037 3573 1119 3623 sq.
1144 3586 1197 3595 -
1235 3561 1476 3622 emicare]
1510 3559 1579 3609 ab
1602 3560 1739 3611 Infe-

689 3637 778 3686 ris.
833 3632 1022 3684 Tibull.
1061 3633 1121 3694 ⁴,
1158 3634 1222 3694 2,
1258 3633 1354 3684 47:
1415 3634 1550 3683 Haec
1582 3639 1737 3684 cantu

684 3710 925 3775 finditque
978 3708 1138 3757 solum
1183 3710 1455 3769 Manesque
1502 3709 1740 3771 sepulcr-is

688 3784 839 3833 Elicit
870 3788 917 3833 σι
949 3784 1112 3846 tepido
1146 3783 1350 3833 devocat
1372 3797 1485 3833 ossa
1504 3796 1645 3847 rogo.
1678 3811 1731 3819 —

694 3860 802 3908 «An
839 3871 938 3920 ego
973 3858 1197 3908 sortasse
1233 3861 1376 3909 artes
1411 3871 1560 3909 meas
1596 3859 1650 3909 in
1684 3860 1735 3908 te

690 3932 863 3981 irritas
900 3944 1117 3982 manere
1153 3933 1304 3995 queri
1339 3931 1572 3994 debebo,
1616 3944 1734 3995 ego,

691 4008 933 4070 inquam,
960 4018 1097 4069 quae
1122 4008 1300 4056 tamen
1324 4007 1553 4057 maxima
1576 4019 1740 4069 quae-

1804 2081 2066 2154 φίλτρα.»
2120 2082 2368 2134 Praefero
2401 2096 2548 2134 num.
2591 2082 2855 2149 pluralem

1805 2158 2037 2207 maxime
2063 2159 2283 2220 propter
2314 2158 2685 2208 auctoritatem
2718 2157 2851 2208 Cod.

1803 2230 2088 2280 Bet-nensis
2122 2231 2361 2281 omnium
2407 2232 2759 2295 antiquissimi
2792 2232 2850 2281 B.

1804 2301 2092 2366 Singularis
2138 2301 2429 2354 multorum
2477 2305 2760 2367 (omnium,
2797 2307 2857 2355 ut

1804 2377 2044 2440 videtur,
2082 2377 2329 2440 Pottierii)
2367 2378 2535 2429 Codd.
2562 2380 2714 2429 nuxit
2745 2379 2856 2430 for-

1807 2452 1949 2503 tasse
2001 2463 2068 2502 ex
2127 2451 2501 2504 recordatione
2562 2454 2728 2519 Epod.
2788 2456 2850 2515 5,

1807 2526 1899 2577 38:
1936 2525 2136 2576 Amoris
2156 2552 2186 2564 -—
2200 2527 2456 2589 poculum.

1872 2599 1955 2649 8⁴.
1996 2599 2220 2649 «Ptorom
2255 2600 2463 2664 (vanos,
2502 2613 2720 2666 semper
2749 2601 2856 2652 fru-

1807 2673 2018 2735 stratos)
2054 2672 2223 2722 exitiis
2254 2674 2384 2723 artis
2417 2687 2571 2725 meae
2597 2676 2851 2739 magicae,

1808 2759 1947 2809 quae
1979 2745 2036 2795 in
2069 2750 2116 2796 to
2150 2746 2399 2810 (accusat.
2431 2747 2718 2800 «adversus
2750 2748 2852 2811 te»)

1806 2820 1881 2869 nil
1911 2819 2047 2883 aqtt,
2084 2818 2283 2872 nullam
2318 2821 2427 2872 vim
2461 2822 2705 2873 habet‘l»
2741 2825 2856 2873 lna-

1807 2905 1936 2944 nem
1969 2906 2012 2943 s,
2051 2892 2253 2945 nullum
2288 2894 2453 2946 ruisse
2486 2897 2678 2946 exitur»
2716 2897 2855 2947 inest

1807 2966 1861 3017 in
1908 2967 2024 3031 ipso
2074 2980 2127 3017 v,
2158 2968 2373 3031 plorem.
2425 2970 2627 3034 Amatis
2675 2970 2853 3034 (perfl-

1808 3040 2013 3105 cientis)
2080 3053 2181 3105 per
2235 3055 2295 3093 se
2352 3040 2554 3094 clarum
2611 3045 2696 3095 est
2752 3057 2853 3094 nec

1807 3114 2249 3165 commutandum
2297 3129 2422 3167 cum
2469 3115 2629 3180 gloss.
2679 3117 2855 3167 calm-

1808 3189 1894 3250 ιίε,
1941 3188 2180 3239 habentis.
2220 3188 2398 3254 (Aqero
2431 3192 2485 3240 et
2514 3191 2696 3242 habere
2728 3204 2854 3255 pss-

1808 3263 1912 3313 sim
1954 3262 2379 3327 confunduntur,
2432 3266 2493 3315 ut
2536 3264 2686 3315 ovid.
2724 3266 2847 3315 Her.

1810 3336 1903 3397 ⁴6,
1946 3336 2061 3386 302.
2121 3338 2243 3389 Met.
2286 3338 2345 3399 9,
2388 3337 2521 3400 407.)
2591 3339 2849 3399 Quidam,

1810 3408 1953 3460 nullo
2006 3413 2184 3461 tamen
2248 3410 2492 3476 exemplo
2552 3414 2706 3463 innisi
2729 3451 2741 3474 ,
2799 3426 2849 3461 v.

1810 3486 1939 3535 artis
2008 3498 2106 3550 pro
2162 3486 2391 3549 genitivo
2460 3486 2611 3537 verbi
2664 3487 2853 3548 plorem

1810 3558 2043 3610 habent:
2105 3562 2358 3624 «propter
2389 3562 2562 3611 artem
2595 3561 2738 3611 omni
2774 3559 2852 3610 es—

1811 3636 2070 3687 ficacitate
2126 3640 2452 3689 carentem.»
2521 3636 2853 3688 Contrarium

1811 3712 1895 3761 est
1939 3710 2034 3760 Od.
2072 3709 2130 3773 4,
2169 3711 2261 3771 ⁴4,
2298 3711 2396 3761 38:
2455 3712 2690 3761 secundos
2734 3711 2854 3760 red-

1810 3785 1934 3835 didit
1955 3786 2151 3847 avitus,
2190 3784 2384 3848 quibus
2407 3786 2689 3849 opponitur
2709 3797 2855 3846 αερω·

1812 3860 1994 3908 Exitus
2043 3859 2187 3923 apud
2210 3858 2392 3909 Silium
2415 3860 2446 3908 5
2462 3897 2473 3919 ,
2510 3858 2606 3909 478
2630 3872 2711 3922 sq.
2739 3856 2855 3908 Plu·

1813 3931 1981 3982 ralem
2014 3933 2101 3982 hic
2136 3946 2349 3996 quoque
2383 3931 2607 3996 praetuli
2640 3936 2855 3997 propter

1813 4006 1982 4057 Codd.
2009 4007 2281 4070 antiquiss.
2310 4008 2696 4058 auctoritatem.

1565 4217 1975 4225 Ἤ
