3234 4975
670 393 794 458 716

1472 393 1728 444 notum
1764 393 2019 458 Eronos
2116 429 2131 438 .

839 548 1115 615 Findunt
1159 546 1533 613 Scamandri
1579 546 1844 612 flumina
1888 545 2177 612 lubricus
2221 555 2286 611 et
2329 544 2593 618 Simois,

755 668 937 736 Unde
984 668 1094 734 tibi
1141 666 1416 734 reditum
1460 678 1639 733 certo
1685 665 2056 733 subtemine
2099 667 2342 732 Parcae

2760 663 2841 728 45

845 791 1130 875 Rupere,
1177 807 1300 854 nec
1345 798 1550 854 mater
1591 787 1857 854 domum
1899 784 2161 853 caerula
2207 795 2269 852 te
2312 784 2596 851 revehet.

796 1004 875 1053 45.
912 1007 1056 1052 curto
1089 1000 1325 1054 malebat
1356 999 1644 1053 Bentleius.
1685 1003 1876 1063 (Nostri
1910 1001 2086 1063 certo.)

666 1193 728 1247 δὲ
771 1192 1166 1266 Σκάμανδρον.
1249 1196 1448 1245 Verum
1491 1208 1716 1259 progre-

669 1273 848 1322 diente
899 1272 1142 1333 tempore
1183 1268 1268 1319 vel
1315 1283 1382 1319 ex
1414 1270 1566 1333 parte
1600 1271 1718 1318 erat

669 1346 968 1395 exsiccatus
989 1342 1074 1393 vel
1099 1342 1404 1394 hominibus
1427 1341 1582 1405 longe
1611 1343 1717 1392 mi-

671 1431 766 1467 nor
788 1416 927 1467 fama
950 1416 1231 1466 Homerica
1253 1416 1536 1466 videbatur
1557 1454 1569 1474 ,
1613 1428 1716 1464 un-

669 1492 737 1540 de
773 1493 966 1541 Lucan.
1013 1490 1070 1551 9,
1107 1491 1221 1540 972.
1275 1490 1570 1539 rhetorice:
1629 1489 1717 1538 In-

666 1566 797 1614 scius
841 1566 894 1613 in
941 1565 1070 1614 sicco
1101 1568 1374 1627 serpentem
1398 1564 1607 1625 piabere
1638 1563 1717 1611 ri-

666 1652 786 1688 vum
832 1634 1145 1699 Transierat,
1199 1638 1287 1698 qui
1317 1638 1544 1687 Xanmus
1582 1641 1713 1686 erat.

668 1715 838 1775 Atque
874 1712 1091 1762 omniuo
1139 1713 1195 1760 in
1242 1710 1433 1761 talibus
1467 1711 1716 1774 epithetis

667 1786 907 1836 locorum
973 1786 1290 1849 praesertim
1346 1797 1378 1833 a
1433 1784 1718 1834 scribentis

668 1859 836 1923 patria
883 1862 1216 1908 remotorum
1260 1856 1564 1907 libertatem
1613 1857 1718 1907 fin-

668 1930 827 1996 gendi
908 1930 1009 1981 sibi
1074 1929 1410 1981 indulserunt
1484 1932 1714 1994 poetae3

668 2004 810 2056 unde
845 2003 1128 2054 reiicieuda
1166 2007 1249 2054 est
1281 2005 1383 2053 ΗΡ.
1410 2004 1715 2053 coniectura

662 2079 801 2141 puri.
873 2077 981 2127 Cir.
1019 2076 1177 2127 lacob
1211 2077 1449 2136 Quaestt.
1478 2088 1565 2140 ep.
1593 2088 1713 2139 pag.

670 2152 783 2200 464.
821 2152 880 2200 Ιιι
915 2151 1154 2200 Meinekii
1188 2151 1371 2199 autem
1406 2151 1543 2199 coni.
1573 2149 1717 2198 haud

668 2236 994 2288 magnopere
1028 2223 1203 2287 placet
1234 2217 1526 2285 ἀντίθεσις
1563 2235 1715 2273 mere

669 2298 922 2349 ovidiana
944 2297 1080 2346 tardi
1099 2323 1130 2333 -
1152 2322 1181 2333 -
1202 2297 1444 2359 lubricus,
1482 2311 1623 2361 quae
1646 2296 1715 2346 ab

671 2372 868 2422 Horatii
919 2369 1094 2420 indole
1146 2370 1439 2421 abhorrere
1487 2371 1714 2421 videtur.

671 2445 986 2510 (Auqemeiue
1017 2445 1225 2508 Zeituuy
1260 2444 1404 2495 4843.
1442 2458 1563 2510 pag.
1590 2445 1713 2495 309:

667 2523 775 2571 Der
795 2520 1008 2577 Simois,
1042 2520 1171 2580 jetzt
1203 2518 1589 2578 Bunarbaschi,
1628 2521 1721 2569 das

667 2596 754 2653 ist,
792 2594 904 2642 das
935 2593 1138 2654 Haupt
1169 2594 1275 2642 der
1314 2594 1583 2654 Quelien,
1656 2595 1720 2642 ist

668 2669 748 2717 ein
795 2667 986 2729 Zutluss
1043 2668 1126 2716 des
1174 2666 1501 2716 Scamander
1523 2705 1536 2727 ,
1588 2668 1718 2728 jetzt

669 2740 943 2793 Mendere.
975 2768 1027 2777 —
1069 2743 1320 2792 Ceterum
1356 2742 1424 2792 de
1461 2742 1717 2806 oppositis

669 2816 938 2866 interdum
973 2816 1267 2866 eorundem
1302 2817 1586 2867 fluviorum
1609 2818 1712 2865 cet.

668 2891 955 2951 ἐπιθέτοις
978 2888 1119 2953 apud
1142 2893 1328 2953 poetas
1352 2889 1568 2940 consule
1586 2890 1717 2940 labn

670 2964 740 3014 ad
790 2965 932 3026 Virg.
987 2964 1119 3013 Aen.
1175 2963 1233 3023 4,
1288 2963 1402 3013 347.
1475 2962 1571 3014 Ed.
1625 2962 1714 3014 alt.

671 3035 937 3101 Exemplis
984 3035 1123 3085 adde
1157 3036 1298 3097 Virg.
1353 3039 1484 3086 Aen.
1522 3036 1580 3097 3,
1617 3038 1711 3086 76:

675 3113 888 3171 Mycono
920 3123 948 3159 e
979 3110 1123 3159 celsa.
1164 3109 1311 3158 Ovid.
1349 3111 1471 3160 Met.
1498 3111 1559 3171 7,
1587 3109 1712 3161 463:

669 3185 903 3234 timitem
915 3185 1179 3244 Myconon.
1183 3182 1280 3245 )—
1302 3184 1540 3246 Findunt]
1568 3196 1720 3247 «per-

671 3258 890 3308 fluunt».
931 3284 986 3293 —
1021 3256 1263 3319 amnena]
1297 3256 1365 3306 de
1397 3270 1505 3307 uno
1539 3257 1718 3308 flumi-

672 3344 768 3392 ne,
819 3332 879 3380 ut
926 3342 1089 3394 saepe
1136 3328 1280 3393 apud
1314 3330 1529 3380 Homer.
1567 3326 1717 3380 καλὰ

669 3400 893 3475 ῥέεθρα.
936 3431 987 3442 -
1030 3403 1271 3468 lubricus]
1306 3406 1505 3468 Accipe
1542 3406 1718 3468 potius

671 3480 739 3529 de
793 3477 950 3527 celeri
1006 3490 1168 3541 quam
1229 3477 1297 3527 de
1350 3480 1586 3529 tortuoso
1637 3479 1719 3528 Si-

671 3554 897 3605 moentis
949 3565 1143 3613 cursu,
1198 3555 1256 3603 ut
1300 3555 1525 3617 apparet
1556 3553 1717 3602 etiam

670 3643 700 3678 e
735 3640 887 3690 seqq.
927 3624 1202 3690 exemplis,
1260 3628 1513 3676 Ceterum
1558 3626 1719 3676 lubri-

669 3716 789 3761 cus,
843 3702 896 3750 in
949 3713 1055 3763 quo
1100 3714 1149 3750 v.
1201 3713 1374 3765 nuper
1408 3701 1592 3751 nescio
1628 3701 1715 3763 qui

670 3773 1025 3825 scholasticus
1125 3786 1380 3837 magnum
1458 3774 1719 3837 quaesivit

671 3849 1014 3911 mysterium,
1063 3847 1375 3898 tralaticium
1410 3850 1495 3899 est
1527 3849 1719 3898 fluvio—

669 3935 788 3970 rum
823 3920 1104 3971 ἐπίθετον.
1154 3921 1301 3972 ovid.
1338 3924 1518 3972 Amor.
1557 3921 1611 3981 3,
1651 3923 1712 3982 6,

670 3995 760 4044 84ε
818 3994 1147 4056 Supposuisse
1177 4008 1359 4045 naeuus
1398 3997 1468 4045 ad
1508 4000 1721 4057 pectora

672 4068 892 4117 lubricus
917 4069 1082 4118 amuis
1108 4070 1324 4119 Dicitur.
1369 4070 1504 4120 Fast.
1527 4068 1575 4129 t,
1590 4070 1718 4119 337

672 4144 925 4194 lubricus-
945 4145 1104 4194 Almo.
1130 4146 1178 4207 6,
1203 4147 1327 4196 238:
1363 4146 1549 4196 lubrice
1570 4146 1718 4197 Tibri.

743 4220 820 4269 45.
861 4220 939 4268 46.
991 4220 1222 4284 reditum]
1258 4222 1335 4271 De
1357 4220 1570 4271 Achillis
1597 4223 1722 4285 post

1794 1193 2003 1244 obitum
2044 1195 2098 1244 in
2140 1195 2316 1244 Leuce
2362 1192 2533 1244 insula
2567 1195 2673 1244 vita
2707 1195 2843 1245 bea-

1793 1268 1997 1318 tissima
2032 1267 2127 1317 cir.
2155 1267 2431 1330 egregium
2464 1267 2674 1317 Maximi
2702 1269 2841 1330 Tyrii

1788 1341 1969 1392 locum
1987 1342 2123 1392 Diss.
2150 1342 2228 1390 45.
2246 1343 2381 1390 extr.
2398 1354 2451 1404 p.
2468 1341 2550 1390 59.
2569 1340 2654 1390 ed.
2678 1343 2839 1392 Paris.

1795 1443 1850 1452 —
1887 1417 2102 1480 certoJ«
2076 1413 2449 1474 «immutabili,
2504 1415 2818 1465 inevitabili»
2828 1454 2838 1464 .

1792 1489 2054 1539 Subtemen
2100 1489 2262 1538 etiam
2312 1487 2455 1552 apud
2506 1487 2691 1538 Catuli.
2739 1488 2803 1539 64
2825 1528 2837 1546 ,

1791 1561 1905 1611 327.
1944 1562 2013 1610 de
2037 1563 2327 1611 Parcarum
2361 1559 2479 1611 filis.
2540 1561 2681 1623 Virg.
2706 1564 2837 1612 Aen.

1794 1636 1884 1694 40,
1919 1634 2046 1685 8⁴4:
2082 1636 2428 1695 Eur-emaque
2456 1636 2621 1685 Lauso
2650 1636 2843 1685 Parcae

1786 1709 2082 1771 fitaleyunt.
2122 1710 2233 1758 Iam
2256 1721 2385 1759 usus
2409 1708 2837 1771 frequentissima

1793 1782 2022 1845 imagine
2072 1782 2142 1832 fili
2194 1786 2483 1833 Parcarum
2527 1784 2659 1833 secti
2715 1782 2841 1833 nihil

1793 1855 1935 1907 eliud
1968 1856 2095 1908 dicit
2129 1870 2291 1920 quam
2332 1858 2463 1914 boc3
2521 1859 2699 1907 «certo
2732 1858 2840 1907 sato

1791 1930 2086 1980 abscindunt
2105 1932 2193 1981 tibi
2213 1932 2430 1981 redtttom
2454 1932 2565 1995 (Ep.
2595 1931 2675 1990 46,
2712 1931 2838 1992 35η)

1794 2003 1970 2054 redire
1994 2007 2046 2053 te
2069 2008 2253 2054 vetant
2285 2006 2509 2058 Parcae:
2528 2023 2552 2048 n
2591 2018 2692 2055 nec
2715 2017 2842 2054 con-

1792 2079 1923 2127 strui
1958 2080 2135 2142 potest
2166 2080 2356 2128 Parcae
2387 2083 2523 2128 certo
2551 2078 2836 2136 subtemine,

1793 2164 1963 2214 «quae
2015 2154 2221 2201 certum
2274 2150 2422 2202 filum
2468 2153 2661 2214 cuique
2710 2164 2839 2201 nere

1790 2223 2003 2275 solent»
2023 2239 2035 2282 3
2097 2238 2271 2288 neque
2328 2224 2615 2288 legendum
2664 2231 2836 2282 cea-to,

1791 2299 1938 2362 quod
1972 2312 2090 2349 voc.
2127 2311 2346 2363 semper
2387 2298 2726 2350 mutilationis
2764 2300 2840 2349 si-

1791 2373 2184 2435 gnificationem
2226 2373 2422 2423 retinet
2462 2386 2561 2423 nec
2594 2372 2839 2424 substitui

1791 2449 1971 2511 potest
2018 2460 2070 2497 v.
2125 2445 2301 2497 brevis.
2360 2473 2414 2482 —
2469 2447 2702 2511 caerula]
2752 2459 2836 2511 pr.

1796 2520 1989 2570 «maiis
2024 2520 2260 2571 colorem
2294 2520 2524 2581 habens,
2574 2521 2838 2580 marina»,

1791 2595 1852 2643 ut
1883 2593 1979 2644 Od.
2019 2596 2074 2653 4,
2120 2596 2211 2654 47,
2256 2595 2338 2644 20.
2394 2596 2586 2645 Circen
2626 2596 2842 2644 vitreoen

1792 2668 1934 2717 dicit.
1974 2670 2214 2729 Propert.
2241 2670 2299 2730 2,
2325 2669 2382 2730 9,
2421 2670 2501 2719 45.
2547 2668 2615 2718 de
2639 2667 2840 2718 Achille

1792 2743 1997 2791 occiso:
2049 2742 2175 2792 Cum
2215 2742 2303 2792 tibi
2334 2754 2424 2792 nec
2462 2743 2630 2792 Ροισιιε
2660 2743 2842 2792 aderat

1789 2828 1880 2864 nec
1911 2816 2121 2865 caerula
2150 2821 2329 2866 maten
2390 2818 2533 2866 «Nec
2584 2817 2699 2879 ipsa
2751 2817 2838 2864 tua

1790 2889 1991 2949 mater,
2027 2888 2130 2939 dea
2165 2890 2350 2950 maris,
2387 2888 2549 2940 veluti
2580 2902 2853 2954 praesens·

1791 2976 1979 3013 comes
2014 2964 2114 3014 iter
2147 2966 2297 3014 tuum
2334 2965 2385 3014 in
2421 2967 2647 3029 patriam
2669 2966 2840 3015 sortu-

1790 3036 1989 3087 nabit.»
2042 3039 2255 3087 Minime
2278 3051 2434 3098 vero,
2482 3041 2541 3089 ut
2573 3037 2687 3089 aliis
2720 3037 2840 3103 pla-

1790 3112 1927 3171 cuit,
1982 3112 2159 3174 ipsum
2191 3123 2340 3162 mare
2380 3112 2659 3171 intellexit,
2713 3125 2840 3163 cum

1787 3189 2004 3235 matrem
2057 3186 2317 3235 caet-utam
2372 3187 2721 3244 memoravit3
2779 3188 2841 3236 ut

1788 3260 1897 3309 iam
1946 3258 2252 3309 desciscens
2302 3272 2334 3309 a
2368 3259 2590 3310 naturali
2640 3262 2840 3310 oratio-

1789 3335 1871 3383 nis
1917 3335 1971 3383 et
2011 3336 2394 3384 sententiarum
2450 3333 2838 3398 pulchritudine

1788 3405 1901 3456 Vel.
1924 3404 2092 3456 Flacc.
2120 3409 2152 3457 5
2169 3446 2180 3467 ,
2207 3409 2333 3458 200:
2369 3410 2566 3469 Adnue,
2592 3409 2713 3458 diva
2730 3421 2841 3457 ma-

1786 3482 1862 3530 ris
1897 3479 2099 3543 (Helle),
2137 3483 2447 3543 --ouando
2487 3486 2675 3546 egomet
2714 3495 2841 3530 rur-

1788 3567 1875 3605 sus
1900 3567 1997 3616 per
2028 3555 2285 3604 tevehar?
2322 3583 2376 3591 -
2404 3556 2659 3606 Ceterum
2690 3567 2841 3617 egre-

1791 3629 1935 3690 giam
1957 3628 2193 3679 Thetidis
2215 3641 2580 3692 grypocampo
2608 3641 2707 3692 per
2728 3640 2841 3677 ma-

1791 3715 1850 3752 re
1886 3705 2071 3752 vectae
2118 3701 2332 3765 filioque
2378 3715 2577 3753 novum
2625 3704 2839 3753 scutum

1792 3778 2120 3842 apportantis
2155 3778 2439 3840 imaginem
2462 3777 2631 3827 habes
2653 3778 2706 3826 in
2727 3778 2842 3826 Mu-

1790 3863 1871 3900 seo
1903 3851 2117 3900 Bor-bon.
2155 3851 2216 3900 x.
2254 3852 2310 3900 T.
2350 3850 2430 3900 49.

1859 3926 1937 3974 47.
1978 3926 2057 3976 48.
2095 3926 2228 3988 vino]
2267 3924 2372 3974 Cir.
2400 3925 2597 3974 Simon.
2625 3924 2842 3975 Schnei-

1794 3999 1926 4048 dew.
1965 4012 2017 4063 p.
2058 4000 2145 4049 45·
2199 3997 2367 4057 Πῖνε,
2411 4000 2524 4047 πῖν’
2559 3996 2643 4049 ἐνὶ
2686 4013 2838 4062 συμ-

1792 4077 2003 4161 φοραῖς
2027 4069 2216 4133 Οἶνον,
2250 4067 2550 4158 ἀμύντορα
2580 4070 2839 4142 δυσφρο-

1794 4142 2044 4199 συνάων.
2081 4145 2346 4209 Meleager
2379 4148 2431 4197 in
2454 4147 2611 4197 Antb.
2640 4145 2747 4196 Pal.
2772 4148 2836 4197 11.

1794 4236 1846 4286 p.
1886 4221 2014 4272 463:
2077 4216 2432 4290 Ζωροκότει,
2490 4222 2588 4271 καὶ
2627 4217 2841 4291 πλῆρες
