3234 4975
663 367 787 432 440

1428 370 1686 422 nolum
1721 370 2057 423 CARMINUM

998 527 1130 592 Nec
1173 526 1411 614 loquax
1453 525 1606 592 olim
1649 546 1863 614 neque
1906 536 2109 614 grata,
2162 548 2332 594 nunc
2375 537 2441 594 et
2778 530 2815 590 5

999 647 1279 713 Divitum
1321 648 1561 713 mensis
1605 657 1671 714 et
1712 649 1918 715 amica
1960 647 2245 735 templu-3,

992 769 1113 836 Dic
1154 768 1412 845 mod08‚
1460 768 1645 858 Lyde
1688 769 1923 858 quibus
1969 769 2319 836 obstinatas

1165 889 1457 977 Applicet
1498 910 1694 957 aures
1709 942 1723 966 ‚

993 1041 1176 1120 Quae
1219 1038 1395 1106 velut
1435 1037 1579 1106 latis
1624 1060 1796 1127 equa
1839 1041 2021 1106 trima
2066 1041 2309 1127 campis

992 1161 1184 1226 Ludit
1224 1158 1521 1227 exsultim
1562 1160 1921 1249 metuitque
1966 1162 2165 1250 tangi,

2737 1163 2760 1227 ’1
2775 1165 2815 1227 0

993 1282 1370 1370 Nuptiarum
1414 1302 1648 1370 expers
1692 1292 1759 1349 et
1800 1281 2012 1350 adhuc
2055 1294 2357 1371 protervo

1163 1404 1379 1472 Cruda
1428 1403 1675 1469 marito.

992 1555 1084 1619 Tu
1125 1564 1309 1642 potes
1353 1553 1548 1641 tigres
1594 1555 1994 1642 comitesque
2038 1554 2231 1621 silvas

788 1717 836 1765 8.
874 1715 1017 1764 auris
1045 1715 1145 1764 ΒΤ.

657 1864 736 1914 neq>
776 1842 1055 1916 φόρμιγγι
1093 1844 1260 1905 νέους
1299 1840 1695 1910 κελαδήσομεν

656 1914 891 1986 ὕμνους.
933 1944 988 1955 -
1022 1919 1203 1981 newis]
1239 1917 1499 1969 abiativua
1520 1921 1695 1983 potius

656 2008 819 2060 quam
863 1993 1085 2043 dativuS.
1138 1993 1415 2055 Utriusque
1449 1995 1697 2044 constru-

656 2070 841 2121 ctionis
874 2065 1117 2132 exempla
1152 2068 1516 2132 reperiuntur3
1566 2068 1697 2119 dati·

653 2159 753 2196 vus
788 2147 871 2194 est
903 2145 1008 2193 Sat.
1048 2142 1105 2202 4,
1143 2141 1201 2203 4,
1237 2142 1321 2192 76.

720 2221 769 2269 5.
824 2215 1033 2280 loquax]
1079 2217 1132 2266 h.
1169 2215 1203 2266 Ι.
1240 2217 1295 2266 in
1334 2216 1535 2268 bonam
1566 2231 1695 2282 par—

655 2296 792 2354 tem,
839 2305 1137 2352 «canora»,
1187 2294 1247 2342 ut
1289 2291 1431 2356 apud
1464 2294 1694 2342 Graecos

656 2367 923 2418 interdum
977 2362 1150 2427 λάλος
1203 2369 1257 2415 et
1304 2363 1499 2429 λάλιος
1549 2366 1695 2418 idem

655 2441 800 2506 quod
833 2434 1087 2504 εὔλαλος.
1133 2440 1217 2491 Sic
1240 2439 1503 2505 Meleager
1533 2440 1690 2493 Anth.

656 2519 711 2567 P.
738 2518 775 2566 1.
802 2529 857 2580 p.
877 2516 990 2566 362.
1029 2515 1244 2566 cicadae
1266 2512 1478 2578 λάλους
1501 2517 1698 2586 πτέρυ-

654 2607 761 2658 γας
804 2591 986 2641 tribuit
1046 2593 1100 2642 et
1154 2605 1215 2642 se
1275 2592 1453 2655 ipsum
1497 2588 1696 2642 λάλιον

655 2670 811 2716 vocat
841 2667 997 2717 Anth.
1034 2669 1088 2717 Ρ.
1126 2667 1166 2716 1.
1199 2681 1252 2731 p.
1286 2665 1399 2717 430.
1442 2692 1497 2703 -
1550 2666 1693 2731 olim]

657 2743 975 2804 «antequam
992 2740 1205 2791 chordis
1227 2741 1477 2790 instructa
1499 2742 1694 2791 esset.»

719 2815 768 2865 6.
803 2815 999 2879 mensis]
1035 2814 1225 2877 odyss.
1263 2830 1323 2885 ρ,
1371 2816 1496 2865 270:
1544 2811 1696 2885 φόρ-

651 2887 806 2956 μιγξ,
830 2916 861 2927 -
883 2884 956 2955 ἣν
977 2883 1091 2959 ἄρα
1110 2886 1261 2939 δαιτὶ
1281 2890 1412 2939 θεοὶ
1443 2890 1697 2954 ποίησαν

652 2964 899 3034 ἑταίραν.
936 2965 1076 3027 virg.
1115 2966 1206 3014 Ge.
1244 2965 1301 3024 2,
1353 2963 1477 3013 ⁴04:
1531 2964 1607 3013 dis
1649 2969 1697 3013 ot

651 3040 831 3088 massis
850 3043 1056 3099 accepta
1075 3039 1299 3087 sectmde‘s
1315 3063 1340 3073 -
1358 3063 1383 3073 -
1404 3038 1608 3088 Rhodia.
1634 3065 1689 3073 —

653 3112 860 3176 teinpus]
893 3113 1179 3174 Dionysius
1212 3110 1324 3162 Hal.
1363 3112 1411 3161 7.
1449 3125 1503 3176 p.
1543 3112 1688 3164 4487.

653 3189 833 3237 narrat
876 3183 1050 3258 λύρας
1103 3182 1494 3256 ἑπταχόρδους
1538 3182 1693 3258 παρὰ

644 3259 947 3325 Ῥωμαίοις
994 3260 1055 3311 ἐν
1104 3254 1361 3324 ἁπάσαις
1408 3257 1694 3324 φυλάττε-

650 3335 795 3386 σθαι
842 3339 968 3398 ταῖς
1017 3330 1286 3406 ἀρχαίως
1326 3334 1688 3402 θυηπολίαις.

653 3409 940 3461 «Fidicines
960 3410 1228 3474 hodieque
1246 3412 1442 3461 Romae
1460 3412 1511 3461 in
1530 3413 1696 3462 sacri-

652 3485 784 3536 ficiis
816 3484 1060 3536 adhiberi
1091 3485 1389 3537 videmusm
1441 3489 1688 3537 Ponam.

715 3562 764 3610 9.
809 3561 941 3626 latis]
989 3560 1113 3613 «Ubi
1147 3559 1383 3626 amplum
1417 3561 1569 3625 fugae
1609 3564 1694 3611 est

651 3637 933 3701 spatium.»
968 3637 1195 3687 Dacierii
1229 3637 1371 3686 laetis
1400 3650 1518 3686 voc.
1553 3636 1691 3686 otio-

650 3723 789 3761 sum.
830 3738 885 3747 —
919 3724 1051 3773 equa
1071 3711 1240 3775 ma]
1270 3712 1541 3774 Frequens
1562 3711 1694 3760 ima-

652 3799 735 3849 go.
772 3786 1005 3849 Theogn.
1041 3787 1154 3836 257.
1192 3784 1363 3851 puella
1407 3785 1475 3835 de
1516 3787 1694 3835 semet

651 3861 791 3924 ipsa:
808 3851 1004 3923 Ἵππος
1036 3856 1146 3927 ἐγώ
1181 3856 1329 3926 καλὴ
1364 3860 1464 3909 καὶ
1484 3853 1688 3926 ἅεΰλιη

649 3934 768 3985 κτλ.
807 3938 1083 3987 Anacreon
1128 3937 1330 3999 Fmgm.
1380 3935 1463 3985 79.
1498 3935 1686 3997 Bergk.

652 4011 731 4059 Fr.
754 4010 834 4061 47.
872 4010 1228 4062 Schneidew.:
1262 4005 1428 4059 Πῶλε
1446 4008 1686 4079 Θρῃκίη,

650 4085 705 4135 τί
724 4081 797 4149 δή
818 4100 893 4149 με
916 4079 1088 4148 λοξὸν
1109 4078 1371 4149 ὄμμασιν
1390 4081 1691 4144 βλέπουσα

650 4156 883 4225 Νηλεῶς
938 4154 1196 4225 φεύγεις,
1252 4157 1470 4221 δοκέεις
1523 4155 1588 4210 δέ
1633 4158 1690 4224 μ’

1768 1843 1960 1908 καλῶς
2007 1844 2116 1911 μὲν
2163 1839 2238 1895 ἄν
2287 1859 2376 1896 τοι
2426 1841 2530 1896 τὸν
2575 1843 2814 1905 χαλινὸν

1768 1918 2108 1985 ἐμβάλοιμι,
2153 1915 2347 1982 Ἡνιας
2379 1917 2427 1969 δ’
2462 1913 2613 1980 ἔχων
2647 1923 2815 1993 στρέ-

1767 1995 1930 2060 φοιμ*
1973 1989 2049 2044 ἄν
2080 1989 2237 2059 ἀμφὶ
2269 1996 2522 2065 τέρματα
2565 1993 2807 2067 δρόμου.

1767 2067 1890 2120 Νῦν
1921 2067 1985 2120 δὲ
2016 2065 2299 2135 λειμῶνας
2319 2084 2381 2120 τι
2412 2066 2661 2131 βόσκεαι
2681 2069 2816 2123 κοῦ-

1768 2141 1856 2206 φά
1889 2159 1952 2195 τε
1983 2143 2277 2215 σκιρτῶσα
2322 2146 2537 2208 παίζεις
2551 2160 2564 2173 ·
2612 2140 2814 2210 Δεξιόν

1767 2217 1877 2290 γὰρ
1922 2220 2264 2290 ἱπποπειρην
2309 2214 2419 2271 οὐκ
2451 2211 2605 2282 ἔχεις
2636 2219 2815 2285 ἐπεμ-

1767 2292 1972 2361 βάτην.
1996 2296 2262 2360 Aristoph.
2290 2296 2506 2358 Lysistr.
2536 2296 2680 2346 4308.
2720 2297 2815 2346 La-

1770 2382 1997 2419 caenae:
2055 2358 2159 2436 ᾆτι
2204 2364 2387 2419 πῶλοι
2434 2366 2482 2418 δ’
2530 2370 2596 2418 αἱ
2641 2365 2814 2441 κόραι

1767 2438 1898 2514 Πὰρ
1951 2438 2055 2493 τὸν
2109 2436 2385 2532 Εὐρώταν
2438 2436 2815 2509 Ἀμπάλλοντι

1769 2513 1958 2568 πυκνὰ.
1980 2515 2182 2568 ποδοῖν
2202 2513 2540 2585 Amazon.
2585 2518 2814 2570 Lucilius

1767 2593 1918 2644 XXX.
1957 2594 2050 2643 ⁴0:
2108 2594 2186 2643 An
2234 2607 2323 2658 eqo
2372 2599 2623 2644 team-om
2664 2599 2814 2656 atquo

1769 2669 2073 2729 animosam,
2123 2669 2401 2719 Thessalam
2430 2673 2488 2718 ut
2518 2669 2815 2718 indomitam

1766 2743 1922 2805 frenis
1964 2742 2192 2807 mbiqam
2222 2748 2339 2792 ante
2372 2744 2662 2803 domomquo
2700 2742 2812 2792 Bol-

1768 2817 1955 2866 lando?
2001 2815 2142 2868 Alias
2186 2816 2575 2869 adolescentiae
2621 2818 2813 2880 imagi-

1769 2904 1867 2942 nes
1899 2892 2055 2942 affert
2086 2890 2334 2942 Schilier:
2382 2893 2668 2942 'annulatam
2710 2891 2804 2942 Od.

1770 2968 1829 3026 4,
1874 2966 1965 3026 23,
2015 2967 2086 3026 4.,
2120 2967 2406 3026 iuvencum,
2454 2967 2716 3016 &amcam
2745 2967 2806 3025 2,

1768 3043 1829 3102 5,
1867 3040 1914 3090 6.
1964 3039 2021 3101 8,
2058 3042 2163 3102 24.,
2199 3054 2439 3103 capream
2482 3041 2539 3102 3,
2586 3041 2679 3102 45,
2724 3041 2806 3091 42.

1765 3115 1947 3164 vitulos
1978 3115 2036 3176 3,
2075 3116 2165 3177 44,
2204 3114 2285 3167 44.

1834 3189 1912 3240 40.
1971 3190 2231 3254 malurn]
2288 3182 2445 3254 ἅπαξ
2500 3186 2810 3256 λεγόμενον

1766 3277 1866 3314 nec
1900 3266 2106 3326 tamen,
2151 3267 2213 3314 ut
2245 3266 2457 3329 opinor,
2506 3264 2704 3314 factum
2737 3262 2807 3314 ab

1765 3340 2004 3398 Horatio;
2059 3339 2250 3390 eadem
2283 3339 2520 3402 analogia
2555 3341 2713 3402 atque
2736 3345 2811 3388 ta-

1764 3412 1934 3474 Man,
1981 3413 2221 3474 strictim,
2261 3414 2510 3476 camum,
2551 3414 2805 3477 punctim,

1764 3487 1948 3536 caesim
1982 3489 2086 3537 cet.

1830 3562 1910 3610 44.
1940 3562 2019 3610 42.
2044 3562 2353 3624 Nuptiarum
2368 3562 2561 3626 uper-s]
2583 3562 2810 3612 «Etiam-

1764 3648 1905 3686 nunc
1927 3636 2211 3687 immatura
2245 3635 2436 3700 cupido
2459 3649 2599 3700 equo
2617 3674 2629 3698 ,
2666 3637 2808 3699 tangi

1763 3724 1870 3761 non
1895 3710 2057 3761 volt.»
2105 3710 2565 3772 Quemadmodum
2591 3712 2641 3760 in
2663 3712 2809 3761 Ana-

1763 3786 1994 3837 creontis
2016 3785 2157 3848 loco‚
2193 3786 2456 3836 artissime
2480 3786 2810 3850 coniungun-

1763 3863 1849 3911 tur
1869 3863 2054 3924 atque,
2081 3862 2141 3910 ut
2162 3862 2230 3910 ita
2249 3860 2425 3909 dicam
2439 3898 2451 3920 ,
2482 3859 2812 3910 eonfimdun·

1763 3937 1849 3985 tur
1870 3949 2044 3999 equae
2065 3937 2239 3999 imago
2261 3935 2341 3994 et,
2378 3932 2446 3984 de
2470 3945 2575 3997 qua
2601 3935 2811 4004 κυρίως

1763 4009 2017 4074 loquitur,
2053 4010 2219 4074 Lyde.
2261 4035 2315 4044 -
2341 4008 2498 4072 taum]
2536 4008 2605 4058 de
2654 4008 2809 4059 femi-

1763 4085 1870 4145 nis,
1905 4087 1967 4134 ut
2000 4085 2187 4136 Graeci
2219 4079 2455 4146 ψαύειν,
2490 4078 2802 4148 θιγγάνειν,

1762 4152 2019 4221 ἄθικτος.
2076 4185 2131 4196 -
2189 4159 2361 4209 Cruda
2406 4158 2589 4207 autem
2631 4159 2694 4206 ut
2738 4156 2808 4207 de

651 4226 819 4284 οῦδὲν
862 4232 1069 4284 εἰδέναι
1113 4229 1337 4295 σοφόν,·
1373 4229 1523 4285 Ἵσθι
1572 4248 1688 4294 τοι,
1765 4233 2049 4294 fructibus,
2089 4232 2358 4284 «nondum
2391 4233 2652 4282 matura.»
