3234 4975
1148 370 1264 421 LIB.
1303 371 1339 419 1.
1413 372 1469 419 C.
1507 370 1723 420 XXXVI.

2435 363 2545 428 20⁴

909 527 1181 591 Bassum
1223 525 1514 592 Threicia
1555 525 1768 591 vincat
1809 522 2153 610 amystide,

741 649 878 714 Neu
920 646 1131 713 desint
1171 645 1379 734 epulis
1421 666 1642 722 rosae,

908 770 1045 834 Neu
1090 767 1276 833 vivax
1317 767 1570 855 apium,
1621 787 1747 833 neu
1790 766 1989 833 breve
2042 764 2258 831 lilium.

739 927 981 993 Omnes
1024 927 1088 990 in
1131 924 1417 991 Damalin
1461 934 1682 1012 putres

909 1048 1247 1134 Deponent
1288 1045 1543 1121 oculos,
1591 1067 1713 1113 nec
1757 1045 2038 1112 Damalis
2085 1067 2249 1112 novo

543 1276 621 1325 43.
658 1276 758 1324 Νοι·
788 1274 930 1323 multi
964 1272 1132 1324 Codd.
1168 1271 1395 1336 aliquot;
1433 1273 1599 1322 nostri
1634 1285 1756 1322 non.

410 1478 612 1539 luxato,
658 1481 767 1529 tam
799 1479 977 1543 inepte
1012 1479 1148 1527 inter
1178 1490 1277 1527 neu
1308 1478 1443 1541 part.

408 1568 497 1605 nec
529 1554 744 1604 intrusa.

476 1665 555 1717 44.
613 1665 838 1729 Bassum]
897 1661 1061 1713 fllium
1112 1664 1333 1716 fortasse
1385 1664 1444 1723 Q.

412 1739 619 1791 Caecilii
660 1739 809 1790 Bassi
849 1753 896 1788 a.
946 1751 999 1787 u.
1047 1752 1093 1788 c.
1142 1739 1255 1788 709.
1298 1738 1448 1789 ducis

411 1815 637 1879 partium
665 1815 1121 1878 Pompeianarum.
1180 1812 1450 1864 Nonnullis

410 1889 555 1939 idem
587 1888 796 1938 videtur
840 1901 963 1938 cum
995 1889 1160 1939 Basso
1192 1888 1450 1953 Propertii

415 1964 470 2024 4,
496 1962 556 2025 4,
584 1963 630 2011 4.
658 1962 804 2012 ovid.
831 1963 980 2012 Trist.
1008 1961 1066 2022 4,
1096 1963 1184 2024 40,
1211 1962 1291 2013 47.
1320 1964 1449 2011 Rem

412 2051 628 2102 prorsus
649 2039 909 2087 incertam
932 2050 1051 2087 esse
1072 2037 1453 2088 demonstravit

416 2111 566 2162 Estre
589 2113 712 2162 Hor.
739 2114 823 2162 Ρτ.
851 2125 901 2176 p.
923 2111 1036 2163 484.
1067 2138 1123 2148 -
1152 2114 1453 2162 Threicia--

413 2187 666 2251 amystide]
692 2179 958 2251 ἄμυστις,
988 2182 1238 2252 συνεχὴς
1260 2184 1446 2250 πόσις.

414 2261 666 2323 Ηοεγοὴ.,
692 2263 818 2324 potu
842 2259 1002 2311 labris
1025 2275 1294 2325 nunquam
1314 2260 1453 2312 clau-

411 2337 487 2386 sis
523 2329 775 2400 (ἀμυστί,
810 2329 1126 2401 ἀπνευστί),
1163 2338 1451 2400 antequam

412 2409 661 2474 poculum
695 2411 952 2460 siccatum
987 2412 1076 2472 sit,
1126 2425 1232 2461 uno
1266 2411 1447 2471 ductu,

412 2488 473 2535 ut
494 2486 565 2534 ait
588 2483 784 2546 Schol.,
822 2484 1036 2546 hausto,
1074 2488 1164 2550 qui
1187 2487 1451 2536 Thracum

413 2573 529 2610 mos
564 2563 701 2619 erat;
739 2558 880 2610 unde
916 2560 1087 2610 Rheso
1114 2562 1309 2611 Hector
1331 2574 1451 2611 eam

412 2634 696 2698 exprobrat
727 2635 779 2683 in
808 2634 981 2685 Rheso
1004 2635 1117 2685 405.
1145 2635 1238 2685 Ed.
1270 2636 1447 2685 Vater:

413 2702 522 2758 οὐκ
555 2706 616 2758 ἐν
649 2704 899 2772 δεμνίοις
937 2705 1170 2774 Πυκνὴν
1204 2702 1452 2774 ἄμυστιν

415 2776 493 2844 ὦς
548 2777 619 2832 σύ
678 2778 1062 2846 δεξιούμενοι,
1126 2783 1217 2833 ubi
1275 2784 1448 2835 Schol.

413 2858 576 2907 vatic.
614 2855 707 2907 ἐπὶ
747 2854 852 2922 τῆς
893 2851 1167 2909 ἀπνευστὶ,
1207 2855 1448 2922 πόσεως.

415 2932 519 2982 Cfr.
541 2933 715 2996 Eurip.
741 2932 886 2995 Cycl.
909 2932 1023 2983 4⁴7:
1051 2930 1261 2998 ἐδέξατ’
1280 2928 1455 2985 {aaa

412 3008 514 3057 σέν
553 3009 600 3056 τ’
649 3000 900 3071 ἄμυστιν
940 3004 1201 3071 ἑλκύσας.
1256 3011 1456 3060 Recor-

413 3082 634 3132 datusnc
660 3084 741 3132 est
764 3082 1065 3134 Callimachi
1090 3086 1170 3135 Fr.
1193 3085 1314 3135 409;
1342 3086 1454 3136 Καὶ

418 3152 527 3227 γὰρ
583 3150 618 3207 ὁ
676 3156 954 3243 Θρηϊκίην
1008 3158 1115 3222 μὲν
1170 3152 1453 3227 ἀπέστυγε

413 3228 628 3293 χανδὸν
672 3224 923 3296 ἄμυστιν
968 3235 1342 3304 Ζωροποτεῖν·
1361 3239 1454 3285 -Ῡ

414 3307 518 3358 Cir.
556 3306 652 3356 Od.
704 3308 763 3367 4,
816 3308 905 3368 27,
958 3308 1007 3358 2
1067 3310 1297 3360 Thraces
1347 3312 1452 3361 iam

410 3379 757 3431 Archilochus
811 3385 1029 3448 propter
1090 3383 1454 3436 temulentiam

414 3455 611 3505 notavit
671 3455 750 3504 Fr.
806 3456 885 3505 28
943 3470 997 3520 p.
1058 3456 1169 3507 473
1228 3459 1449 3521 Bergk&

400 3520 796 3654 ἸὶσπερΗπαρ·
796 3525 950 3597 αὐλῷ
973 3527 1253 3602 βρῦτονἋ
1212 3550 1248 3598 η
1275 3530 1454 3605 Θρῆιξ

413 3619 562 3674 ανηρ
688 3600 840 3676 Φρὺξ
883 3599 1095 3675 ἔβρυζε.
1157 3608 1267 3657 Hoc
1303 3610 1456 3671 igitur

414 3679 567 3728 dicit.
607 3679 856 3741 «Bassus,
896 3679 1023 3731 alias
1057 3682 1183 3732 satis
1212 3683 1455 3733 modicus

415 3754 467 3802 in
485 3752 721 3803 bibendo
735 3793 746 3815 ,
774 3756 918 3805 tanto
936 3755 1092 3805 hodie
1110 3757 1300 3819 gaudio
1318 3758 1458 3807 abri-

417 3828 618 3891 piatur,
675 3831 735 3877 ut
789 3843 855 3878 ne
912 3828 1144 3880 Damalis
1200 3831 1450 3894 quidem,

414 3903 630 3951 strenua
665 3903 748 3953 illa
782 3905 1033 3968 potatrix,
1072 3918 1197 3955 eum
1232 3907 1283 3956 in
1307 3920 1457 3969 amy-

415 3975 566 4027 stidis
600 3980 886 4028 certamine
931 3993 1184 4044 superare
1231 3984 1453 4044 queat.

415 4051 677 4114 Theognis
700 4053 822 4102 97⁴:
858 4055 954 4117 Τίς
976 4052 1021 4102 δ’
1043 4048 1216 4125 ἀρετὴ
1241 4056 1453 4105 πίνοντ’

416 4123 692 4177 ἐπιοίνιον
725 4118 907 4179 ἆθλον
939 4128 1203 4189 meam

483 4238 560 4288 46.
597 4239 772 4303 vivan]

2485 642 2559 707 ¹5

1801 1300 1853 1307 —
1894 1272 1972 1321 45.
2011 1271 2188 1321 desinit
2221 1284 2299 1335 pr.
2338 1273 2393 1322 T.

1525 1475 1614 1535 43,
1651 1474 1743 1526 42:
1779 1470 2071 1525 θάλλοντα
2092 1473 2304 1525 σέλινα.
2343 1475 2557 1526 Nicand.

1524 1548 1679 1599 Ther.
1739 1549 1867 1598 2⁴⁴:
1939 1547 2165 1599 σε’λινον
2231 1543 2558 1610 ἀείφυλλον.

1524 1624 1715 1673 Anacr.
1754 1624 1834 1673 Fr.
1872 1623 1953 1673 53.
1980 1625 2058 1674 B.:
2091 1617 2216 1673 Ἐπὶ
2240 1620 2288 1672 δ’
2313 1618 2563 1694 ὀφρύσιν

1523 1694 1762 1747 σελίνων
1828 1698 2252 1760 στεφανίσκους
2320 1698 2564 1762 Θέμενοι

1522 1768 1761 1822 θαλειαν
1775 1766 1951 1842 ὁρτὴν
1963 1765 2269 1837 ἀγάγωμεν
2280 1768 2559 1838 Διονύσῳ.

1523 1847 1607 1896 Sic
1664 1847 1862 1896 vivaces
1916 1848 2123 1897 hederas
2180 1847 2309 1898 dixit
2361 1849 2562 1898 Seneca

1523 1920 1707 1984 Oedip.
1729 1919 1842 1972 455.
1880 1922 2019 1985 Virg.
2047 1920 2156 1972 Ecl.
2185 1923 2245 1983 6,
2271 1922 2362 1973 68:
2399 1921 2566 1971 Flori-

1522 1995 1611 2045 bus
1644 2000 1792 2057 atquo
1814 1995 1932 2057 apio
1953 1997 2114 2046 crines
2134 2000 2344 2046 ornam-3
2364 2009 2560 2045 maro.

1525 2079 1602 2130 Cf.
1631 2079 1726 2129 Od.
1751 2081 1809 2140 2,
1834 2080 1896 2140 7,
1922 2079 2002 2129 23.
2041 2078 2098 2140 4,
2139 2081 2227 2141 44,
2264 2078 2312 2129 3.
2343 2106 2399 2116 -
2424 2078 2567 2128 breve

1521 2153 1696 2219 lilimn]
1734 2152 1829 2203 Od.
1867 2155 1924 2214 2,
1971 2154 2028 2214 3,
2067 2153 2154 2202 43;
2208 2153 2420 2203 ninnium
2450 2152 2563 2202 bro-

1521 2242 1604 2278 ves
1635 2228 1806 2277 Floras
1825 2254 1854 2264 -
1875 2254 1904 2264 -
1925 2241 2088 2277 rosae.

1590 2341 1670 2390 47.
1711 2338 1901 2403 putres]
1948 2336 2179 2389 «Oculos
2221 2351 2563 2388 marcescen-

1526 2417 1636 2476 teS,
1689 2412 1875 2465 molles
1928 2415 1980 2463 et
2023 2413 2271 2476 cupidine
2322 2414 2566 2462 natantes

1525 2489 1734 2553 (histem
1755 2488 2111 2552 semachtend)
2136 2488 2370 2551 defigant
2393 2488 2443 2536 in
2467 2489 2567 2537 Da-

1525 2562 1713 2625 malin,
1755 2576 1854 2612 nec
1888 2565 2067 2611 tamen
2101 2563 2382 2626 propterea
2419 2562 2568 2611 divol-

1524 2638 1653 2687 lctur
1685 2636 1753 2685 ab
1788 2640 2024 2685 amatore
2061 2634 2236 2698 (nove,
2283 2637 2404 2698 quia
2440 2638 2567 2685 tunc

1525 2711 1756 2775 primum
1791 2709 2076 2771 redierat),
2112 2708 2566 2772 quemadmodum

1525 2784 1625 2835 alia
1683 2783 1904 2834 fortasse
1963 2782 2162 2832 faceret
2221 2781 2304 2831 vel
2364 2783 2566 2846 pudore

1526 2861 1692 2918 tacta,
1728 2856 1814 2906 vel
1838 2855 1997 2906 alium
2020 2857 2297 2918 iuvenem,
2324 2857 2455 2906 utin
2480 2856 2566 2906 tali

1527 2932 1791 2993 convivio,
1837 2929 2251 2994 amplexatura.»
2320 2933 2465 2981 Pers.
2515 2932 2563 2990 5,

1527 3008 1606 3057 58.
1648 3007 1730 3056 ille
1765 3007 1824 3056 In
1871 3008 2100 3056 Venerem
2129 3007 2322 3068 putria,
2371 2999 2566 3092 ὑγρός,

1525 3078 1789 3166 τακερόςὲ
1850 3082 2063 3131 Lucian
2133 3083 2313 3132 Amor.
2375 3081 2465 3131 lt:
2533 3074 2567 3131 ὁ

1526 3153 1824 3242 Χαρικλῆς
1857 3150 1970 3206 ὑπὸ
2003 3152 2108 3206 τοῦ
2145 3152 2376 3226 σφόδρα
2409 3151 2566 3219 θάμ-

1524 3230 1672 3295 βους
1707 3228 1903 3297 ὀλίγου
1937 3228 2053 3280 δεῖν
2088 3227 2358 3297 επεπήγει
2398 3245 2566 3280 τακε-

1528 3304 1633 3396 ρόν
1676 3321 1731 3357 τι
1775 3307 1874 3355 καὶ
1915 3301 2047 3376 ῥέον
2090 3305 2152 3355 ἐν
2183 3311 2307 3368 τοῖς
2341 3299 2569 3369 ὄμμασι

1528 3379 1716 3445 πάθος
1736 3376 2109 3468 ἀνυγραίνων.
2148 3380 2397 3432 Polemon
2425 3382 2569 3443 Phy-

1527 3460 1692 3521 siogn.
1742 3458 1797 3506 4;
1847 3451 2169 3521 Ὀφθαλμοὶ
2213 3452 2566 3519 κλυζόμενοι,

1526 3533 1901 3598 κυμαίνοντες
1934 3528 2203 3593 ἑαυτούς,
2256 3526 2569 3600 ἐπαφρόδι-

1527 3622 1629 3657 τον
1663 3607 1766 3656 παὶ
1798 3603 2033 3671 ἐμπαθῆ
2063 3598 2245 3676 ανδρα
2274 3601 2564 3670 δηλοῦσιν.

1594 3721 1673 3770 48.
1711 3719 1981 3784 Deponent]
2021 3718 2210 3782 «quia,
2254 3718 2432 3766 utres
2472 3715 2570 3766 ali-

1528 3793 1651 3844 cubi
1688 3794 1961 3858 depositae
2005 3805 2110 3842 non
2152 3793 2463 3852 moventur,
2515 3792 2566 3841 in

1529 3868 1611 3918 illa
1637 3868 1885 3919 intuenda
1909 3864 2209 3918 immobiles
2226 3864 2568 3916 manebunt.»

1529 3944 1761 4007 Scriptor
1774 3941 1897 3992 belh
1910 3940 2137 3991 African
2153 3939 2567 4005 262ut(Caesa1-)

1529 4044 1557 4055 -
1578 4045 1607 4055 -
1631 4019 1796 4068 oculos
1826 4021 2132 4078 mentemque
2159 4018 2227 4065 ad
2244 4029 2388 4066 maro
2408 4016 2574 4077 dispo-

1528 4093 1649 4142 sitos
1679 4092 1984 4152 &rectosque
2014 4090 2230 4153 haberat,
2266 4089 2360 4140 uhi
2381 4088 2466 4139 alii
2489 4091 2572 4138 de-

1521 4168 1726 4229 positos.
1807 4167 1994 4229 Utique
2040 4164 2303 4228 singulare
2345 4164 2428 4214 est
2473 4177 2568 4226 pro

812 4241 930 4291 «diu
966 4243 1192 4293 virens.»
1169 4243 1450 4294 »Theocn
1532 4242 1831 4305 «defigere,
1868 4241 2205 4292 intendere.»
