<?xml version="1.0" encoding="UTF-8"?>
<!DOCTYPE html PUBLIC "-//W3C//DTD XHTML 1.0 Transitional//EN"
    "http://www.w3.org/TR/xhtml1/DTD/xhtml1-transitional.dtd">
<html xmlns="http://www.w3.org/1999/xhtml" xml:lang="en" lang="en">
 <head>
  <title>
</title>
<meta http-equiv="Content-Type" content="text/html;charset=utf-8" />
  <meta name='ocr-system' content='tesseract 3.04.00' />
  <meta name='ocr-capabilities' content='ocr_page ocr_carea ocr_par ocr_line ocrx_word'/>
</head>
<body>
  <div class='ocr_page' id='page_1' title='image "./qhoratiusflaccu05baitgoog_0613.png"; bbox 0 0 3234 4975; ppageno 0'>
   <div class='ocr_carea' id='block_1_1' title="bbox 1126 396 2600 465">
    <p class='ocr_par' dir='ltr' id='par_1_1' title="bbox 1126 396 2600 465">
     <span class='ocr_line' id='line_1_1' title="bbox 1126 396 2600 465; baseline 0.002 -17"><span class='ocrx_word' id='word_1_1' title='bbox 1126 399 1244 449; x_wconf 76' lang='lat' dir='ltr'>un.</span> <span class='ocrx_word' id='word_1_2' title='bbox 1282 400 1365 450; x_wconf 77' lang='lat' dir='ltr'>lv,</span> <span class='ocrx_word' id='word_1_3' title='bbox 1437 402 1493 450; x_wconf 89' lang='lat' dir='ltr'>c.</span> <span class='ocrx_word' id='word_1_4' title='bbox 1531 400 1661 450; x_wconf 87' lang='lat' dir='ltr'>vm.</span> <span class='ocrx_word' id='word_1_5' title='bbox 2487 396 2600 465; x_wconf 64' lang='lat'>581</span> 
     </span>
    </p>
   </div>
   <div class='ocr_carea' id='block_1_2' title="bbox 689 553 1948 744">
    <p class='ocr_par' dir='ltr' id='par_1_2' title="bbox 689 553 1948 744">
     <span class='ocr_line' id='line_1_2' title="bbox 689 553 1895 643; baseline 0.002 -25"><span class='ocrx_word' id='word_1_6' title='bbox 689 554 972 619; x_wconf 88' lang='lat' dir='ltr'>Ornatus</span> <span class='ocrx_word' id='word_1_7' title='bbox 1017 553 1209 619; x_wconf 84' lang='lat' dir='ltr'>viridi</span> <span class='ocrx_word' id='word_1_8' title='bbox 1257 565 1547 642; x_wconf 89' lang='lat' dir='ltr'>tempora</span> <span class='ocrx_word' id='word_1_9' title='bbox 1590 557 1895 643; x_wconf 87' lang='lat' dir='ltr'>pampino</span> 
     </span>
     <span class='ocr_line' id='line_1_3' title="bbox 689 673 1948 744; baseline 0.001 -5"><span class='ocrx_word' id='word_1_10' title='bbox 689 673 883 740; x_wconf 87' lang='lat' dir='ltr'>Liber</span> <span class='ocrx_word' id='word_1_11' title='bbox 926 684 1073 740; x_wconf 88' lang='lat' dir='ltr'>vota</span> <span class='ocrx_word' id='word_1_12' title='bbox 1122 673 1328 741; x_wconf 90' lang='lat' dir='ltr'>bonos</span> <span class='ocrx_word' id='word_1_13' title='bbox 1372 675 1549 742; x_wconf 87' lang='lat' dir='ltr'>ducit</span> <span class='ocrx_word' id='word_1_14' title='bbox 1593 676 1678 743; x_wconf 89' lang='lat' dir='ltr'>ad</span> <span class='ocrx_word' id='word_1_15' title='bbox 1722 676 1948 744; x_wconf 88' lang='lat' dir='ltr'>exitus.</span> 
     </span>
    </p>
   </div>
   <div class='ocr_carea' id='block_1_3' title="bbox 563 852 959 903">
    <p class='ocr_par' dir='ltr' id='par_1_3' title="bbox 563 852 959 903">
     <span class='ocr_line' id='line_1_4' title="bbox 563 852 959 903; baseline 0.005 -2"><span class='ocrx_word' id='word_1_16' title='bbox 563 852 643 902; x_wconf 87' lang='grc'>36.</span> <span class='ocrx_word' id='word_1_17' title='bbox 682 853 831 901; x_wconf 66' lang='lat' dir='ltr'>auxit</span> <span class='ocrx_word' id='word_1_18' title='bbox 864 852 959 903; x_wconf 90' lang='lat' dir='ltr'>Bd.</span> 
     </span>
    </p>
   </div>
   <div class='ocr_carea' id='block_1_4' title="bbox 427 1005 2609 1522">
    <p class='ocr_par' dir='ltr' id='par_1_4' title="bbox 427 1005 2609 1448">
     <span class='ocr_line' id='line_1_5' title="bbox 430 1005 2607 1081; baseline 0.002 -20"><span class='ocrx_word' id='word_1_19' title='bbox 430 1007 609 1081; x_wconf 81' lang='grc' dir='ltr'><strong><em>τῆρας</em></strong></span> <span class='ocrx_word' id='word_1_20' title='bbox 641 1005 888 1075; x_wconf 71' lang='grc' dir='ltr'><strong><em>ἔχοντες.</em></strong></span> <span class='ocrx_word' id='word_1_21' title='bbox 930 1039 984 1049; x_wconf 89' lang='grc'>-</span> <span class='ocrx_word' id='word_1_22' title='bbox 1014 1014 1282 1075; x_wconf 73' lang='lat' dir='ltr'>pampino]</span> <span class='ocrx_word' id='word_1_23' title='bbox 1327 1013 1487 1062; x_wconf 90' lang='lat' dir='ltr'>Simi-</span> <span class='ocrx_word' id='word_1_24' title='bbox 1557 1025 1774 1075; x_wconf 86' lang='lat' dir='ltr'>quoque</span> <span class='ocrx_word' id='word_1_25' title='bbox 1834 1026 1899 1063; x_wconf 85' lang='lat' dir='ltr'>ex</span> <span class='ocrx_word' id='word_1_26' title='bbox 1957 1012 2164 1063; x_wconf 75' lang='lat' dir='ltr'><strong>mortali</strong></span> <span class='ocrx_word' id='word_1_27' title='bbox 2217 1013 2351 1064; x_wconf 86' lang='lat' dir='ltr'>deus</span> <span class='ocrx_word' id='word_1_28' title='bbox 2403 1013 2572 1066; x_wconf 77' lang='lat' dir='ltr'>iactus</span> <span class='ocrx_word' id='word_1_29' title='bbox 2595 1045 2607 1067; x_wconf 85' lang='lat'>‚</span> 
     </span>
     <span class='ocr_line' id='line_1_6' title="bbox 427 1083 2605 1152; baseline 0.002 -19"><span class='ocrx_word' id='word_1_30' title='bbox 427 1083 549 1134; x_wconf 90' lang='lat' dir='ltr'>liter</span> <span class='ocrx_word' id='word_1_31' title='bbox 579 1086 686 1137; x_wconf 92' lang='lat' dir='ltr'>iam</span> <span class='ocrx_word' id='word_1_32' title='bbox 719 1085 816 1136; x_wconf 91' lang='lat' dir='ltr'>Od.</span> <span class='ocrx_word' id='word_1_33' title='bbox 865 1086 922 1147; x_wconf 89' lang='lat'>3,</span> <span class='ocrx_word' id='word_1_34' title='bbox 947 1087 1038 1147; x_wconf 77' lang='lat'>25,</span> <span class='ocrx_word' id='word_1_35' title='bbox 1066 1088 1130 1137; x_wconf 76' lang='lat'>20</span> <span class='ocrx_word' id='word_1_36' title='bbox 1153 1101 1164 1136; x_wconf 77' lang='grc' dir='ltr'>ε</span> <span class='ocrx_word' id='word_1_37' title='bbox 1203 1087 1487 1150; x_wconf 71' lang='lat' dir='ltr'>Cinqmtem</span> <span class='ocrx_word' id='word_1_38' title='bbox 1556 1088 1616 1136; x_wconf 97' lang='grc' dir='ltr'>ιιι</span> <span class='ocrx_word' id='word_1_39' title='bbox 1637 1088 1830 1150; x_wconf 71' lang='lat' dir='ltr'>poetae</span> <span class='ocrx_word' id='word_1_40' title='bbox 1856 1087 2164 1138; x_wconf 82' lang='lat' dir='ltr'>cecinerunt</span> <span class='ocrx_word' id='word_1_41' title='bbox 2193 1087 2305 1152; x_wconf 92' lang='lat' dir='ltr'>(Od.</span> <span class='ocrx_word' id='word_1_42' title='bbox 2332 1087 2381 1148; x_wconf 88' lang='grc'>3,</span> <span class='ocrx_word' id='word_1_43' title='bbox 2408 1087 2457 1148; x_wconf 88' lang='grc'>3,</span> <span class='ocrx_word' id='word_1_44' title='bbox 2487 1088 2605 1150; x_wconf 78' lang='grc'><strong>43.),</strong></span> 
     </span>
     <span class='ocr_line' id='line_1_7' title="bbox 430 1159 2606 1225; baseline 0.002 -18"><span class='ocrx_word' id='word_1_45' title='bbox 430 1159 583 1208; x_wconf 72' lang='lat' dir='ltr'>viridi</span> <span class='ocrx_word' id='word_1_46' title='bbox 622 1164 851 1222; x_wconf 76' lang='lat' dir='ltr'>tempora</span> <span class='ocrx_word' id='word_1_47' title='bbox 884 1161 1154 1222; x_wconf 72' lang='grc' dir='ltr'>ρωηιρίηος</span> <span class='ocrx_word' id='word_1_48' title='bbox 1208 1159 1351 1210; x_wconf 90' lang='lat' dir='ltr'>unde</span> <span class='ocrx_word' id='word_1_49' title='bbox 1397 1160 1483 1210; x_wconf 90' lang='lat' dir='ltr'>hic</span> <span class='ocrx_word' id='word_1_50' title='bbox 1553 1161 1682 1210; x_wconf 78' lang='lat' dir='ltr'>votis</span> <span class='ocrx_word' id='word_1_51' title='bbox 1732 1161 1980 1212; x_wconf 88' lang='lat' dir='ltr'>homines</span> <span class='ocrx_word' id='word_1_52' title='bbox 2029 1161 2237 1212; x_wconf 70' lang='lat' dir='ltr'>damnat</span> <span class='ocrx_word' id='word_1_53' title='bbox 2288 1161 2446 1225; x_wconf 84' lang='lat' dir='ltr'>(Virg.</span> <span class='ocrx_word' id='word_1_54' title='bbox 2496 1160 2606 1212; x_wconf 88' lang='lat' dir='ltr'>Ecl.</span> 
     </span>
     <span class='ocr_line' id='line_1_8' title="bbox 432 1233 2609 1301; baseline 0.002 -19"><span class='ocrx_word' id='word_1_55' title='bbox 432 1234 483 1282; x_wconf 90' lang='lat' dir='ltr'>in</span> <span class='ocrx_word' id='word_1_56' title='bbox 506 1235 866 1298; x_wconf 80' lang='lat' dir='ltr'><strong>suspicionem</strong></span> <span class='ocrx_word' id='word_1_57' title='bbox 889 1233 1152 1285; x_wconf 88' lang='lat' dir='ltr'>adductus</span> <span class='ocrx_word' id='word_1_58' title='bbox 1178 1236 1261 1285; x_wconf 86' lang='lat' dir='ltr'>est</span> <span class='ocrx_word' id='word_1_59' title='bbox 1296 1247 1484 1284; x_wconf 89' lang='lat' dir='ltr'>versus</span> <span class='ocrx_word' id='word_1_60' title='bbox 1555 1237 1610 1296; x_wconf 79' lang='lat'>5,</span> <span class='ocrx_word' id='word_1_61' title='bbox 1663 1235 1802 1299; x_wconf 83' lang='lat'><strong>80.)‚</strong></span> <span class='ocrx_word' id='word_1_62' title='bbox 1871 1238 2120 1286; x_wconf 85' lang='lat' dir='ltr'>votorum</span> <span class='ocrx_word' id='word_1_63' title='bbox 2188 1250 2279 1288; x_wconf 86' lang='lat' dir='ltr'>eos</span> <span class='ocrx_word' id='word_1_64' title='bbox 2332 1238 2609 1301; x_wconf 89' lang='lat' dir='ltr'>compotes</span> 
     </span>
     <span class='ocr_line' id='line_1_9' title="bbox 437 1305 2608 1382; baseline 0.002 -25"><span class='ocrx_word' id='word_1_65' title='bbox 437 1308 598 1357; x_wconf 86' lang='lat' dir='ltr'>etiam</span> <span class='ocrx_word' id='word_1_66' title='bbox 632 1307 700 1358; x_wconf 92' lang='lat' dir='ltr'>ab</span> <span class='ocrx_word' id='word_1_67' title='bbox 736 1309 1041 1358; x_wconf 79' lang='lat' dir='ltr'><strong>Hermanno</strong></span> <span class='ocrx_word' id='word_1_68' title='bbox 1085 1310 1141 1358; x_wconf 93' lang='lat' dir='ltr'>et</span> <span class='ocrx_word' id='word_1_69' title='bbox 1187 1308 1486 1358; x_wconf 88' lang='lat' dir='ltr'>Lachman-</span> <span class='ocrx_word' id='word_1_70' title='bbox 1554 1309 1782 1360; x_wconf 77' lang='lat' dir='ltr'><strong>reddit.»</strong></span> <span class='ocrx_word' id='word_1_71' title='bbox 1840 1312 2012 1375; x_wconf 77' lang='lat' dir='ltr'>Atque</span> <span class='ocrx_word' id='word_1_72' title='bbox 2067 1305 2207 1373; x_wconf 74' lang='grc' dir='ltr'>θεὸς</span> <span class='ocrx_word' id='word_1_73' title='bbox 2269 1307 2469 1382; x_wconf 79' lang='grc' dir='ltr'><em>σωτὴρ</em></span> <span class='ocrx_word' id='word_1_74' title='bbox 2525 1314 2608 1363; x_wconf 84' lang='lat' dir='ltr'>est</span> 
     </span>
     <span class='ocr_line' id='line_1_10' title="bbox 430 1382 2036 1448; baseline 0.002 -17"><span class='ocrx_word' id='word_1_75' title='bbox 430 1395 516 1432; x_wconf 91' lang='lat' dir='ltr'>no.</span> <span class='ocrx_word' id='word_1_76' title='bbox 554 1382 660 1432; x_wconf 91' lang='lat' dir='ltr'>Sed</span> <span class='ocrx_word' id='word_1_77' title='bbox 682 1384 827 1433; x_wconf 88' lang='lat' dir='ltr'>omni</span> <span class='ocrx_word' id='word_1_78' title='bbox 851 1382 1085 1446; x_wconf 86' lang='lat' dir='ltr'>epitheto</span> <span class='ocrx_word' id='word_1_79' title='bbox 1116 1394 1301 1432; x_wconf 87' lang='lat' dir='ltr'>carere</span> <span class='ocrx_word' id='word_1_80' title='bbox 1324 1382 1483 1433; x_wconf 87' lang='lat' dir='ltr'>Liber</span> <span class='ocrx_word' id='word_1_81' title='bbox 1554 1385 1890 1448; x_wconf 79' lang='lat' dir='ltr'>Lycophroni</span> <span class='ocrx_word' id='word_1_82' title='bbox 1923 1385 2036 1436; x_wconf 78' lang='lat'><strong>206.</strong></span> 
     </span>
    </p>

    <p class='ocr_par' dir='ltr' id='par_1_5' title="bbox 433 1454 1477 1522">
     <span class='ocr_line' id='line_1_11' title="bbox 433 1454 1477 1522; baseline 0.003 -18"><span class='ocrx_word' id='word_1_83' title='bbox 433 1455 486 1504; x_wconf 90' lang='lat' dir='ltr'>h.</span> <span class='ocrx_word' id='word_1_84' title='bbox 526 1454 559 1505; x_wconf 94' lang='lat' dir='ltr'>l.</span> <span class='ocrx_word' id='word_1_85' title='bbox 599 1456 683 1506; x_wconf 88' lang='lat' dir='ltr'>vix</span> <span class='ocrx_word' id='word_1_86' title='bbox 726 1459 917 1521; x_wconf 84' lang='lat' dir='ltr'>potest.</span> <span class='ocrx_word' id='word_1_87' title='bbox 977 1482 1030 1493; x_wconf 89' lang='lat'><em>-</em></span> <span class='ocrx_word' id='word_1_88' title='bbox 1104 1455 1275 1520; x_wconf 74' lang='lat' dir='ltr'>Liber]</span> <span class='ocrx_word' id='word_1_89' title='bbox 1333 1457 1477 1522; x_wconf 75' lang='lat' dir='ltr'>«ipse</span> 
     </span>
    </p>
   </div>
   <div class='ocr_carea' id='block_1_5' title="bbox 1148 1829 1879 2013">
    <p class='ocr_par' dir='ltr' id='par_1_6' title="bbox 1148 1829 1879 2013">
     <span class='ocr_line' id='line_1_12' title="bbox 1148 1829 1879 1889; baseline 0.001 -2"><span class='ocrx_word' id='word_1_90' title='bbox 1148 1829 1879 1889; x_wconf 76' lang='lat' dir='ltr'>Excunsus</span> 
     </span>
     <span class='ocr_line' id='line_1_13' title="bbox 1373 1963 1658 2013; baseline -0.004 0"><span class='ocrx_word' id='word_1_91' title='bbox 1373 1963 1658 2013; x_wconf 53' lang='lat' dir='ltr'>Anzan.</span> 
     </span>
    </p>
   </div>
   <div class='ocr_carea' id='block_1_6' title="bbox 421 2080 2636 3975">
    <p class='ocr_par' dir='ltr' id='par_1_7' title="bbox 421 2080 2636 3975">
     <span class='ocr_line' id='line_1_14' title="bbox 561 2080 2606 2149; baseline 0.001 -18"><span class='ocrx_word' id='word_1_92' title='bbox 561 2083 675 2132; x_wconf 80' lang='lat' dir='ltr'>Non</span> <span class='ocrx_word' id='word_1_93' title='bbox 708 2082 965 2144; x_wconf 73' lang='lat' dir='ltr'>incendia]</span> <span class='ocrx_word' id='word_1_94' title='bbox 1020 2080 1225 2147; x_wconf 87' lang='lat' dir='ltr'>Duplici</span> <span class='ocrx_word' id='word_1_95' title='bbox 1259 2085 1602 2135; x_wconf 85' lang='lat' dir='ltr'>excusatione</span> <span class='ocrx_word' id='word_1_96' title='bbox 1640 2086 1762 2146; x_wconf 80' lang='lat' dir='ltr'>eget</span> <span class='ocrx_word' id='word_1_97' title='bbox 1802 2084 1890 2134; x_wconf 88' lang='lat' dir='ltr'>hic</span> <span class='ocrx_word' id='word_1_98' title='bbox 1922 2083 2252 2145; x_wconf 79' lang='lat' dir='ltr'>versiculus,</span> <span class='ocrx_word' id='word_1_99' title='bbox 2306 2085 2540 2149; x_wconf 88' lang='lat' dir='ltr'>primum</span> <span class='ocrx_word' id='word_1_100' title='bbox 2574 2099 2606 2134; x_wconf 88' lang='lat' dir='ltr'>a</span> 
     </span>
     <span class='ocr_line' id='line_1_15' title="bbox 435 2164 2606 2233; baseline 0.001 -17"><span class='ocrx_word' id='word_1_101' title='bbox 435 2179 686 2227; x_wconf 86' lang='lat' dir='ltr'>caesura,</span> <span class='ocrx_word' id='word_1_102' title='bbox 726 2178 887 2230; x_wconf 88' lang='lat' dir='ltr'>quam</span> <span class='ocrx_word' id='word_1_103' title='bbox 919 2164 1325 2229; x_wconf 79' lang='lat' dir='ltr'>pessumdatam</span> <span class='ocrx_word' id='word_1_104' title='bbox 1361 2167 1546 2218; x_wconf 88' lang='lat' dir='ltr'>dicunt</span> <span class='ocrx_word' id='word_1_105' title='bbox 1578 2168 1900 2218; x_wconf 86' lang='lat' dir='ltr'>necessitate</span> <span class='ocrx_word' id='word_1_106' title='bbox 1936 2168 2162 2219; x_wconf 85' lang='lat' dir='ltr'>nominis</span> <span class='ocrx_word' id='word_1_107' title='bbox 2197 2170 2422 2232; x_wconf 83' lang='lat' dir='ltr'>proprii,</span> <span class='ocrx_word' id='word_1_108' title='bbox 2461 2169 2606 2233; x_wconf 84' lang='lat' dir='ltr'>quod</span> 
     </span>
     <span class='ocr_line' id='line_1_16' title="bbox 436 2248 2607 2314; baseline 0.001 -15"><span class='ocrx_word' id='word_1_109' title='bbox 436 2248 589 2299; x_wconf 87' lang='lat' dir='ltr'>aliter</span> <span class='ocrx_word' id='word_1_110' title='bbox 637 2263 825 2301; x_wconf 89' lang='lat' dir='ltr'>versus</span> <span class='ocrx_word' id='word_1_111' title='bbox 875 2262 982 2300; x_wconf 91' lang='lat' dir='ltr'>non</span> <span class='ocrx_word' id='word_1_112' title='bbox 1033 2251 1358 2314; x_wconf 86' lang='lat' dir='ltr'>recepisset;</span> <span class='ocrx_word' id='word_1_113' title='bbox 1427 2248 1623 2300; x_wconf 89' lang='lat' dir='ltr'>deinde</span> <span class='ocrx_word' id='word_1_114' title='bbox 1673 2252 1734 2299; x_wconf 88' lang='lat' dir='ltr'>ut</span> <span class='ocrx_word' id='word_1_115' title='bbox 1783 2251 2015 2301; x_wconf 75' lang='lat' dir='ltr'>incendia</span> <span class='ocrx_word' id='word_1_116' title='bbox 2079 2249 2453 2314; x_wconf 73' lang='lat' dir='ltr'>«generaliter»</span> <span class='ocrx_word' id='word_1_117' title='bbox 2474 2291 2486 2314; x_wconf 89' lang='lat'>‚</span> <span class='ocrx_word' id='word_1_118' title='bbox 2547 2254 2607 2302; x_wconf 92' lang='lat' dir='ltr'>ut</span> 
     </span>
     <span class='ocr_line' id='line_1_17' title="bbox 434 2330 2605 2397; baseline 0.001 -16"><span class='ocrx_word' id='word_1_119' title='bbox 434 2333 612 2391; x_wconf 88' lang='lat' dir='ltr'>aiunt,</span> <span class='ocrx_word' id='word_1_120' title='bbox 673 2334 756 2382; x_wconf 77' lang='lat' dir='ltr'>«et</span> <span class='ocrx_word' id='word_1_121' title='bbox 797 2333 1036 2396; x_wconf 72' lang='lat' dir='ltr'>poetice»</span> <span class='ocrx_word' id='word_1_122' title='bbox 1090 2333 1420 2396; x_wconf 89' lang='lat' dir='ltr'>accipiantur</span> <span class='ocrx_word' id='word_1_123' title='bbox 1467 2346 1564 2397; x_wconf 88' lang='lat' dir='ltr'>pro</span> <span class='ocrx_word' id='word_1_124' title='bbox 1600 2330 1841 2384; x_wconf 80' lang='lat' dir='ltr'>cladibus</span> <span class='ocrx_word' id='word_1_125' title='bbox 1893 2335 1971 2397; x_wconf 86' lang='lat' dir='ltr'>(ut</span> <span class='ocrx_word' id='word_1_126' title='bbox 2001 2336 2132 2385; x_wconf 81' lang='lat' dir='ltr'>Aen.</span> <span class='ocrx_word' id='word_1_127' title='bbox 2191 2334 2246 2395; x_wconf 79' lang='grc'>4,</span> <span class='ocrx_word' id='word_1_128' title='bbox 2284 2335 2417 2385; x_wconf 77' lang='lat'><strong>566:</strong></span> <span class='ocrx_word' id='word_1_129' title='bbox 2475 2335 2605 2384; x_wconf 72' lang='lat' dir='ltr'>tanti</span> 
     </span>
     <span class='ocr_line' id='line_1_18' title="bbox 430 2415 2603 2480; baseline 0.002 -17"><span class='ocrx_word' id='word_1_130' title='bbox 430 2415 661 2464; x_wconf 69' lang='lat' dir='ltr'>inamata</span> <span class='ocrx_word' id='word_1_131' title='bbox 710 2415 853 2476; x_wconf 75' lang='lat' dir='ltr'>belli,</span> <span class='ocrx_word' id='word_1_132' title='bbox 912 2418 1073 2480; x_wconf 88' lang='lat' dir='ltr'>atque</span> <span class='ocrx_word' id='word_1_133' title='bbox 1125 2417 1371 2480; x_wconf 81' lang='lat' dir='ltr'>opinatus</span> <span class='ocrx_word' id='word_1_134' title='bbox 1417 2417 1500 2467; x_wconf 88' lang='lat' dir='ltr'>est</span> <span class='ocrx_word' id='word_1_135' title='bbox 1547 2416 1811 2479; x_wconf 67' lang='lat' dir='ltr'>mittigat,</span> <span class='ocrx_word' id='word_1_136' title='bbox 1870 2416 2099 2467; x_wconf 86' lang='lat' dir='ltr'>Ennium</span> <span class='ocrx_word' id='word_1_137' title='bbox 2135 2415 2359 2467; x_wconf 84' lang='lat' dir='ltr'>sortasse</span> <span class='ocrx_word' id='word_1_138' title='bbox 2407 2415 2603 2467; x_wconf 90' lang='lat' dir='ltr'>alicubi</span> 
     </span>
     <span class='ocr_line' id='line_1_19' title="bbox 429 2497 2600 2565; baseline 0.002 -17"><span class='ocrx_word' id='word_1_139' title='bbox 429 2499 755 2562; x_wconf 71' lang='lat' dir='ltr'>Karthaginis</span> <span class='ocrx_word' id='word_1_140' title='bbox 790 2497 971 2550; x_wconf 85' lang='lat' dir='ltr'>clades</span> <span class='ocrx_word' id='word_1_141' title='bbox 1007 2498 1444 2564; x_wconf 73' lang='lat' dir='ltr'>calamitatesque</span> <span class='ocrx_word' id='word_1_142' title='bbox 1476 2513 1700 2552; x_wconf 84' lang='lat' dir='ltr'>vocasse</span> <span class='ocrx_word' id='word_1_143' title='bbox 1736 2501 1851 2552; x_wconf 89' lang='lat' dir='ltr'>eius</span> <span class='ocrx_word' id='word_1_144' title='bbox 1884 2500 2156 2565; x_wconf 72' lang='lat' dir='ltr'>incendia.)</span> <span class='ocrx_word' id='word_1_145' title='bbox 2212 2500 2298 2552; x_wconf 86' lang='lat' dir='ltr'>vel</span> <span class='ocrx_word' id='word_1_146' title='bbox 2335 2502 2497 2552; x_wconf 89' lang='lat' dir='ltr'>etiam</span> <span class='ocrx_word' id='word_1_147' title='bbox 2531 2502 2600 2552; x_wconf 93' lang='lat' dir='ltr'>de</span> 
     </span>
     <span class='ocr_line' id='line_1_20' title="bbox 427 2580 2598 2649; baseline 0.001 -17"><span class='ocrx_word' id='word_1_148' title='bbox 427 2580 565 2633; x_wconf 87' lang='lat' dir='ltr'>binis</span> <span class='ocrx_word' id='word_1_149' title='bbox 612 2583 802 2633; x_wconf 89' lang='lat' dir='ltr'>castris</span> <span class='ocrx_word' id='word_1_150' title='bbox 836 2583 1094 2647; x_wconf 83' lang='lat' dir='ltr'>Syphacis</span> <span class='ocrx_word' id='word_1_151' title='bbox 1141 2585 1194 2633; x_wconf 88' lang='lat' dir='ltr'>et</span> <span class='ocrx_word' id='word_1_152' title='bbox 1229 2582 1574 2635; x_wconf 81' lang='lat' dir='ltr'>Hasdrubalis</span> <span class='ocrx_word' id='word_1_153' title='bbox 1617 2597 1649 2633; x_wconf 91' lang='lat' dir='ltr'>a</span> <span class='ocrx_word' id='word_1_154' title='bbox 1683 2584 1926 2649; x_wconf 87' lang='lat' dir='ltr'>Scipione</span> <span class='ocrx_word' id='word_1_155' title='bbox 1959 2585 2192 2635; x_wconf 86' lang='lat' dir='ltr'>incensis</span> <span class='ocrx_word' id='word_1_156' title='bbox 2229 2584 2357 2649; x_wconf 85' lang='lat' dir='ltr'>(Liv.</span> <span class='ocrx_word' id='word_1_157' title='bbox 2399 2585 2491 2645; x_wconf 88' lang='lat'>30,</span> <span class='ocrx_word' id='word_1_158' title='bbox 2529 2585 2598 2647; x_wconf 82' lang='lat'>5.)</span> 
     </span>
     <span class='ocr_line' id='line_1_21' title="bbox 428 2666 2597 2731; baseline 0.001 -16"><span class='ocrx_word' id='word_1_159' title='bbox 428 2667 786 2730; x_wconf 87' lang='lat' dir='ltr'>crematisque</span> <span class='ocrx_word' id='word_1_160' title='bbox 822 2666 1337 2730; x_wconf 78' lang='lat' dir='ltr'>Karthaginiensium</span> <span class='ocrx_word' id='word_1_161' title='bbox 1371 2668 1432 2716; x_wconf 90' lang='lat' dir='ltr'>D.</span> <span class='ocrx_word' id='word_1_162' title='bbox 1469 2666 1697 2718; x_wconf 83' lang='lat' dir='ltr'>navibus</span> <span class='ocrx_word' id='word_1_163' title='bbox 1734 2668 1858 2730; x_wconf 86' lang='lat' dir='ltr'>(Liv.</span> <span class='ocrx_word' id='word_1_164' title='bbox 1896 2666 1988 2729; x_wconf 86' lang='lat'>30,</span> <span class='ocrx_word' id='word_1_165' title='bbox 2025 2666 2126 2731; x_wconf 71' lang='lat'>43.)</span> <span class='ocrx_word' id='word_1_166' title='bbox 2151 2705 2163 2728; x_wconf 89' lang='lat'>‚</span> <span class='ocrx_word' id='word_1_167' title='bbox 2212 2668 2431 2718; x_wconf 87' lang='lat' dir='ltr'>minime</span> <span class='ocrx_word' id='word_1_168' title='bbox 2466 2679 2597 2717; x_wconf 89' lang='lat' dir='ltr'>vero</span> 
     </span>
     <span class='ocr_line' id='line_1_22' title="bbox 429 2748 2597 2815; baseline 0.001 -17"><span class='ocrx_word' id='word_1_169' title='bbox 429 2749 538 2813; x_wconf 84' lang='lat' dir='ltr'>(qui</span> <span class='ocrx_word' id='word_1_170' title='bbox 572 2748 822 2800; x_wconf 88' lang='lat' dir='ltr'>ridiculus</span> <span class='ocrx_word' id='word_1_171' title='bbox 857 2749 994 2801; x_wconf 83' lang='lat' dir='ltr'>soret</span> <span class='ocrx_word' id='word_1_172' title='bbox 1028 2763 1210 2810; x_wconf 88' lang='lat' dir='ltr'>error,</span> <span class='ocrx_word' id='word_1_173' title='bbox 1249 2753 1439 2815; x_wconf 76' lang='lat' dir='ltr'>poetae</span> <span class='ocrx_word' id='word_1_174' title='bbox 1471 2763 1746 2814; x_wconf 87' lang='lat' dir='ltr'>nunquam</span> <span class='ocrx_word' id='word_1_175' title='bbox 1779 2750 2136 2813; x_wconf 88' lang='lat' dir='ltr'>imputandus)</span> <span class='ocrx_word' id='word_1_176' title='bbox 2174 2750 2243 2801; x_wconf 90' lang='lat' dir='ltr'>de</span> <span class='ocrx_word' id='word_1_177' title='bbox 2278 2751 2597 2814; x_wconf 79' lang='lat' dir='ltr'>Karthagine</span> 
     </span>
     <span class='ocr_line' id='line_1_23' title="bbox 426 2832 2596 2897; baseline 0.001 -16"><span class='ocrx_word' id='word_1_178' title='bbox 426 2845 456 2882; x_wconf 90' lang='lat' dir='ltr'>a</span> <span class='ocrx_word' id='word_1_179' title='bbox 492 2832 733 2895; x_wconf 88' lang='lat' dir='ltr'>Scipione</span> <span class='ocrx_word' id='word_1_180' title='bbox 764 2832 1008 2884; x_wconf 77' lang='lat' dir='ltr'>Africano</span> <span class='ocrx_word' id='word_1_181' title='bbox 1056 2834 1263 2884; x_wconf 88' lang='lat' dir='ltr'>minore</span> <span class='ocrx_word' id='word_1_182' title='bbox 1307 2833 1524 2884; x_wconf 88' lang='lat' dir='ltr'>incensa</span> <span class='ocrx_word' id='word_1_183' title='bbox 1568 2836 1730 2897; x_wconf 84' lang='lat' dir='ltr'>atque</span> <span class='ocrx_word' id='word_1_184' title='bbox 1773 2833 1967 2883; x_wconf 82' lang='lat' dir='ltr'>excisa.</span> <span class='ocrx_word' id='word_1_185' title='bbox 2037 2835 2222 2896; x_wconf 83' lang='lat' dir='ltr'>Neque</span> <span class='ocrx_word' id='word_1_186' title='bbox 2267 2846 2399 2883; x_wconf 85' lang='lat' dir='ltr'>vero</span> <span class='ocrx_word' id='word_1_187' title='bbox 2448 2832 2596 2883; x_wconf 91' lang='lat' dir='ltr'>clan-</span> 
     </span>
     <span class='ocr_line' id='line_1_24' title="bbox 426 2912 2599 2981; baseline 0.002 -17"><span class='ocrx_word' id='word_1_188' title='bbox 426 2912 606 2965; x_wconf 89' lang='lat' dir='ltr'>culum</span> <span class='ocrx_word' id='word_1_189' title='bbox 623 2954 635 2978; x_wconf 81' lang='lat'><em>,</em></span> <span class='ocrx_word' id='word_1_190' title='bbox 672 2918 732 2965; x_wconf 89' lang='lat' dir='ltr'>ut</span> <span class='ocrx_word' id='word_1_191' title='bbox 761 2916 833 2966; x_wconf 88' lang='lat' dir='ltr'>ita</span> <span class='ocrx_word' id='word_1_192' title='bbox 868 2916 1045 2967; x_wconf 88' lang='lat' dir='ltr'>dicam</span> <span class='ocrx_word' id='word_1_193' title='bbox 1066 2955 1078 2978; x_wconf 88' lang='lat'>‚</span> <span class='ocrx_word' id='word_1_194' title='bbox 1116 2917 1315 2967; x_wconf 86' lang='lat' dir='ltr'>intrudi</span> <span class='ocrx_word' id='word_1_195' title='bbox 1337 2918 1516 2980; x_wconf 88' lang='lat' dir='ltr'>potest</span> <span class='ocrx_word' id='word_1_196' title='bbox 1537 2917 1711 2981; x_wconf 89' lang='lat' dir='ltr'>Scipio</span> <span class='ocrx_word' id='word_1_197' title='bbox 1736 2917 1936 2977; x_wconf 89' lang='lat' dir='ltr'>minor,</span> <span class='ocrx_word' id='word_1_198' title='bbox 1974 2918 2033 2967; x_wconf 89' lang='lat' dir='ltr'>ut</span> <span class='ocrx_word' id='word_1_199' title='bbox 2058 2918 2182 2980; x_wconf 88' lang='lat' dir='ltr'>post</span> <span class='ocrx_word' id='word_1_200' title='bbox 2203 2915 2520 2967; x_wconf 88' lang='lat' dir='ltr'>Glareanum</span> <span class='ocrx_word' id='word_1_201' title='bbox 2544 2920 2599 2968; x_wconf 90' lang='lat' dir='ltr'>et</span> 
     </span>
     <span class='ocr_line' id='line_1_25' title="bbox 426 2999 2595 3065; baseline 0.002 -18"><span class='ocrx_word' id='word_1_202' title='bbox 426 2999 721 3050; x_wconf 87' lang='lat' dir='ltr'>Gesnerum</span> <span class='ocrx_word' id='word_1_203' title='bbox 754 2999 953 3051; x_wconf 83' lang='lat' dir='ltr'>sactum</span> <span class='ocrx_word' id='word_1_204' title='bbox 985 3000 1143 3051; x_wconf 81' lang='lat' dir='ltr'>video</span> <span class='ocrx_word' id='word_1_205' title='bbox 1180 3001 1342 3051; x_wconf 89' lang='lat' dir='ltr'>etiam</span> <span class='ocrx_word' id='word_1_206' title='bbox 1376 3014 1407 3050; x_wconf 89' lang='lat' dir='ltr'>a</span> <span class='ocrx_word' id='word_1_207' title='bbox 1441 3012 1649 3064; x_wconf 87' lang='lat' dir='ltr'>nupero</span> <span class='ocrx_word' id='word_1_208' title='bbox 1684 3000 2005 3064; x_wconf 86' lang='lat' dir='ltr'>interprete:</span> <span class='ocrx_word' id='word_1_209' title='bbox 2050 3003 2330 3051; x_wconf 73' lang='lat' dir='ltr'>«Poterat»</span> <span class='ocrx_word' id='word_1_210' title='bbox 2355 3039 2368 3064; x_wconf 87' lang='lat'><strong>,</strong></span> <span class='ocrx_word' id='word_1_211' title='bbox 2407 3001 2595 3065; x_wconf 84' lang='lat' dir='ltr'>inquit,</span> 
     </span>
     <span class='ocr_line' id='line_1_26' title="bbox 427 3081 2601 3148; baseline 0.001 -16"><span class='ocrx_word' id='word_1_212' title='bbox 427 3084 616 3146; x_wconf 74' lang='lat' dir='ltr'>«poeta</span> <span class='ocrx_word' id='word_1_213' title='bbox 638 3084 693 3134; x_wconf 90' lang='lat' dir='ltr'>in</span> <span class='ocrx_word' id='word_1_214' title='bbox 714 3084 798 3135; x_wconf 87' lang='lat' dir='ltr'>his</span> <span class='ocrx_word' id='word_1_215' title='bbox 820 3097 1020 3135; x_wconf 90' lang='lat' dir='ltr'>nomen</span> <span class='ocrx_word' id='word_1_216' title='bbox 1042 3085 1301 3148; x_wconf 88' lang='lat' dir='ltr'>Scipionis</span> <span class='ocrx_word' id='word_1_217' title='bbox 1324 3097 1518 3147; x_wconf 84' lang='lat' dir='ltr'>urgere</span> <span class='ocrx_word' id='word_1_218' title='bbox 1555 3084 1609 3133; x_wconf 89' lang='lat' dir='ltr'>et</span> <span class='ocrx_word' id='word_1_219' title='bbox 1642 3081 1851 3134; x_wconf 89' lang='lat' dir='ltr'>silentio</span> <span class='ocrx_word' id='word_1_220' title='bbox 1886 3084 2177 3146; x_wconf 86' lang='lat' dir='ltr'>praeterire</span> <span class='ocrx_word' id='word_1_221' title='bbox 2199 3122 2211 3146; x_wconf 89' lang='lat'>,</span> <span class='ocrx_word' id='word_1_222' title='bbox 2249 3085 2392 3148; x_wconf 85' lang='lat' dir='ltr'>quod</span> <span class='ocrx_word' id='word_1_223' title='bbox 2428 3085 2601 3135; x_wconf 90' lang='lat' dir='ltr'>iunior</span> 
     </span>
     <span class='ocr_line' id='line_1_27' title="bbox 424 3164 2598 3233; baseline 0.002 -18"><span class='ocrx_word' id='word_1_224' title='bbox 424 3164 644 3217; x_wconf 89' lang='lat' dir='ltr'>demum</span> <span class='ocrx_word' id='word_1_225' title='bbox 677 3168 849 3231; x_wconf 90' lang='lat' dir='ltr'>Scipio</span> <span class='ocrx_word' id='word_1_226' title='bbox 872 3168 1248 3232; x_wconf 81' lang='lat' dir='ltr'>Karthaginem</span> <span class='ocrx_word' id='word_1_227' title='bbox 1292 3167 1539 3218; x_wconf 84' lang='lat' dir='ltr'>incendio</span> <span class='ocrx_word' id='word_1_228' title='bbox 1561 3165 1872 3217; x_wconf 73' lang='lat' dir='ltr'>deleverit.»</span> <span class='ocrx_word' id='word_1_229' title='bbox 1941 3167 2095 3218; x_wconf 86' lang='lat' dir='ltr'>Haud</span> <span class='ocrx_word' id='word_1_230' title='bbox 2118 3168 2314 3232; x_wconf 81' lang='lat' dir='ltr'>magis,</span> <span class='ocrx_word' id='word_1_231' title='bbox 2353 3182 2491 3233; x_wconf 87' lang='lat' dir='ltr'>quae</span> <span class='ocrx_word' id='word_1_232' title='bbox 2514 3171 2598 3220; x_wconf 89' lang='lat' dir='ltr'>est</span> 
     </span>
     <span class='ocr_line' id='line_1_28' title="bbox 423 3249 2598 3317; baseline 0.002 -18"><span class='ocrx_word' id='word_1_233' title='bbox 423 3249 643 3299; x_wconf 85' lang='lat' dir='ltr'>Gerberi</span> <span class='ocrx_word' id='word_1_234' title='bbox 684 3252 947 3301; x_wconf 85' lang='lat' dir='ltr'>sententia</span> <span class='ocrx_word' id='word_1_235' title='bbox 982 3250 1051 3301; x_wconf 89' lang='lat' dir='ltr'>ab</span> <span class='ocrx_word' id='word_1_236' title='bbox 1087 3265 1154 3301; x_wconf 90' lang='lat' dir='ltr'>eo</span> <span class='ocrx_word' id='word_1_237' title='bbox 1190 3255 1272 3303; x_wconf 89' lang='lat' dir='ltr'>ter</span> <span class='ocrx_word' id='word_1_238' title='bbox 1303 3250 1606 3316; x_wconf 75' lang='lat' dir='ltr'>prolata*)‚</span> <span class='ocrx_word' id='word_1_239' title='bbox 1650 3252 1804 3313; x_wconf 76' lang='lat' dir='ltr'>Eius,</span> <span class='ocrx_word' id='word_1_240' title='bbox 1840 3251 2029 3314; x_wconf 61' lang='grc' dir='ltr'><strong><em>φεῖ--</em></strong></span> <span class='ocrx_word' id='word_1_241' title='bbox 2059 3253 2209 3303; x_wconf 72' lang='lat' dir='ltr'>rediit</span> <span class='ocrx_word' id='word_1_242' title='bbox 2244 3266 2343 3317; x_wconf 89' lang='lat' dir='ltr'>pro</span> <span class='ocrx_word' id='word_1_243' title='bbox 2377 3251 2598 3303; x_wconf 87' lang='lat' dir='ltr'>alicuius</span> 
     </span>
     <span class='ocr_line' id='line_1_29' title="bbox 424 3331 2598 3399; baseline 0.002 -19"><span class='ocrx_word' id='word_1_244' title='bbox 424 3331 698 3383; x_wconf 87' lang='lat' dir='ltr'>domitoris</span> <span class='ocrx_word' id='word_1_245' title='bbox 745 3333 951 3383; x_wconf 75' lang='lat' dir='ltr'>Africae</span> <span class='ocrx_word' id='word_1_246' title='bbox 1003 3335 1125 3384; x_wconf 84' lang='lat' dir='ltr'>ficta</span> <span class='ocrx_word' id='word_1_247' title='bbox 1176 3335 1358 3386; x_wconf 87' lang='lat' dir='ltr'>nescio</span> <span class='ocrx_word' id='word_1_248' title='bbox 1409 3348 1515 3398; x_wconf 87' lang='lat' dir='ltr'>qua</span> <span class='ocrx_word' id='word_1_249' title='bbox 1565 3347 1798 3398; x_wconf 88' lang='lat' dir='ltr'>persona</span> <span class='ocrx_word' id='word_1_250' title='bbox 1841 3334 2027 3385; x_wconf 88' lang='lat' dir='ltr'>haberi</span> <span class='ocrx_word' id='word_1_251' title='bbox 2068 3337 2272 3399; x_wconf 88' lang='lat' dir='ltr'>potest,</span> <span class='ocrx_word' id='word_1_252' title='bbox 2334 3348 2460 3386; x_wconf 89' lang='lat' dir='ltr'>cum</span> <span class='ocrx_word' id='word_1_253' title='bbox 2495 3337 2598 3385; x_wconf 91' lang='lat' dir='ltr'>hoc</span> 
     </span>
     <span class='ocr_line' id='line_1_30' title="bbox 424 3414 2594 3484; baseline 0.002 -22"><span class='ocrx_word' id='word_1_254' title='bbox 424 3416 569 3462; x_wconf 85' lang='lat' dir='ltr'>vetet</span> <span class='ocrx_word' id='word_1_255' title='bbox 603 3415 657 3462; x_wconf 91' lang='lat' dir='ltr'>et</span> <span class='ocrx_word' id='word_1_256' title='bbox 704 3414 1014 3466; x_wconf 88' lang='lat' dir='ltr'>indicativus</span> <span class='ocrx_word' id='word_1_257' title='bbox 1056 3417 1208 3468; x_wconf 77' lang='lat' dir='ltr'>rediit</span> <span class='ocrx_word' id='word_1_258' title='bbox 1239 3422 1293 3468; x_wconf 92' lang='lat' dir='ltr'>et</span> <span class='ocrx_word' id='word_1_259' title='bbox 1329 3420 1444 3484; x_wconf 87' lang='lat' dir='ltr'>ipsa</span> <span class='ocrx_word' id='word_1_260' title='bbox 1493 3419 1645 3470; x_wconf 89' lang='lat' dir='ltr'>Ennii</span> <span class='ocrx_word' id='word_1_261' title='bbox 1678 3419 1912 3479; x_wconf 90' lang='lat' dir='ltr'>mentio,</span> <span class='ocrx_word' id='word_1_262' title='bbox 1967 3431 2145 3481; x_wconf 87' lang='lat' dir='ltr'>neque</span> <span class='ocrx_word' id='word_1_263' title='bbox 2167 3456 2179 3478; x_wconf 89' lang='lat'>,</span> <span class='ocrx_word' id='word_1_264' title='bbox 2216 3419 2277 3467; x_wconf 86' lang='lat' dir='ltr'>ut</span> <span class='ocrx_word' id='word_1_265' title='bbox 2306 3416 2472 3468; x_wconf 85' lang='lat' dir='ltr'>voluit</span> <span class='ocrx_word' id='word_1_266' title='bbox 2521 3419 2594 3468; x_wconf 86' lang='lat'>10.</span> 
     </span>
     <span class='ocr_line' id='line_1_31' title="bbox 424 3495 2601 3564; baseline 0.001 -18"><span class='ocrx_word' id='word_1_267' title='bbox 424 3495 694 3546; x_wconf 88' lang='lat' dir='ltr'>Deodatus</span> <span class='ocrx_word' id='word_1_268' title='bbox 720 3496 963 3547; x_wconf 76' lang='lat' dir='ltr'>Frohlich</span> <span class='ocrx_word' id='word_1_269' title='bbox 981 3499 1083 3563; x_wconf 57' lang='lat' dir='ltr'>ss),</span> <span class='ocrx_word' id='word_1_270' title='bbox 1127 3501 1372 3551; x_wconf 81' lang='lat' dir='ltr'>Calabrae</span> <span class='ocrx_word' id='word_1_271' title='bbox 1392 3502 1610 3552; x_wconf 72' lang='lat' dir='ltr'>Pierides</span> <span class='ocrx_word' id='word_1_272' title='bbox 1642 3503 1890 3552; x_wconf 83' lang='lat' dir='ltr'>universe</span> <span class='ocrx_word' id='word_1_273' title='bbox 1926 3500 2220 3564; x_wconf 83' lang='lat' dir='ltr'>significare</span> <span class='ocrx_word' id='word_1_274' title='bbox 2255 3502 2480 3563; x_wconf 82' lang='lat' dir='ltr'>possunt</span> <span class='ocrx_word' id='word_1_275' title='bbox 2501 3512 2601 3549; x_wconf 73' lang='lat' dir='ltr'>ne·-</span> 
     </span>
     <span class='ocr_line' id='line_1_32' title="bbox 424 3580 2636 3648; baseline 0.002 -20"><span class='ocrx_word' id='word_1_276' title='bbox 424 3580 535 3629; x_wconf 90' lang='lat' dir='ltr'>scio</span> <span class='ocrx_word' id='word_1_277' title='bbox 592 3593 730 3643; x_wconf 88' lang='lat' dir='ltr'>quae</span> <span class='ocrx_word' id='word_1_278' title='bbox 793 3582 1029 3631; x_wconf 87' lang='lat' dir='ltr'>carmina</span> <span class='ocrx_word' id='word_1_279' title='bbox 1083 3584 1404 3646; x_wconf 80' lang='lat' dir='ltr'>panegyrica</span> <span class='ocrx_word' id='word_1_280' title='bbox 1460 3597 1491 3633; x_wconf 87' lang='lat' dir='ltr'>a</span> <span class='ocrx_word' id='word_1_281' title='bbox 1545 3586 1728 3635; x_wconf 87' lang='lat' dir='ltr'>nescio</span> <span class='ocrx_word' id='word_1_282' title='bbox 1784 3596 1891 3648; x_wconf 86' lang='lat' dir='ltr'>quo</span> <span class='ocrx_word' id='word_1_283' title='bbox 1948 3584 2002 3633; x_wconf 91' lang='lat' dir='ltr'>in</span> <span class='ocrx_word' id='word_1_284' title='bbox 2060 3582 2315 3645; x_wconf 88' lang='lat' dir='ltr'>Scipionis</span> <span class='ocrx_word' id='word_1_285' title='bbox 2377 3582 2597 3632; x_wconf 88' lang='lat' dir='ltr'>minoris</span> <span class='ocrx_word' id='word_1_286' title='bbox 2631 3633 2636 3637; x_wconf 80' lang='grc'><strong>,</strong></span> 
     </span>
     <span class='ocr_line' id='line_1_33' title="bbox 421 3660 2600 3737; baseline 0.001 -25"><span class='ocrx_word' id='word_1_287' title='bbox 421 3661 638 3713; x_wconf 87' lang='lat' dir='ltr'>laudem</span> <span class='ocrx_word' id='word_1_288' title='bbox 671 3663 983 3727; x_wconf 90' lang='lat' dir='ltr'>composita.</span> <span class='ocrx_word' id='word_1_289' title='bbox 1056 3666 1189 3715; x_wconf 84' lang='lat' dir='ltr'>Nam</span> <span class='ocrx_word' id='word_1_290' title='bbox 1236 3664 1362 3715; x_wconf 89' lang='lat' dir='ltr'>nihil</span> <span class='ocrx_word' id='word_1_291' title='bbox 1409 3667 1576 3730; x_wconf 81' lang='lat' dir='ltr'>magis</span> <span class='ocrx_word' id='word_1_292' title='bbox 1628 3660 1853 3737; x_wconf 75' lang='grc' dir='ltr'><strong><em>ἄκυρον</em></strong></span> <span class='ocrx_word' id='word_1_293' title='bbox 1894 3666 2377 3727; x_wconf 88' lang='lat' dir='ltr'>inconcinnumque</span> <span class='ocrx_word' id='word_1_294' title='bbox 2413 3665 2600 3715; x_wconf 80' lang='lat' dir='ltr'>fuisset</span> 
     </span>
     <span class='ocr_line' id='line_1_34' title="bbox 423 3745 2594 3815; baseline 0.002 -21"><span class='ocrx_word' id='word_1_295' title='bbox 423 3747 582 3808; x_wconf 87' lang='lat' dir='ltr'>atque</span> <span class='ocrx_word' id='word_1_296' title='bbox 633 3745 973 3810; x_wconf 83' lang='lat' dir='ltr'>ambiguum,</span> <span class='ocrx_word' id='word_1_297' title='bbox 1026 3760 1189 3812; x_wconf 84' lang='lat' dir='ltr'>quam</span> <span class='ocrx_word' id='word_1_298' title='bbox 1239 3749 1283 3798; x_wconf 83' lang='lat' dir='ltr'>si</span> <span class='ocrx_word' id='word_1_299' title='bbox 1332 3747 1569 3801; x_wconf 86' lang='lat' dir='ltr'>Calabris</span> <span class='ocrx_word' id='word_1_300' title='bbox 1602 3749 1901 3801; x_wconf 88' lang='lat' dir='ltr'>Pieridibus</span> <span class='ocrx_word' id='word_1_301' title='bbox 1923 3788 1935 3812; x_wconf 81' lang='lat'><em>,</em></span> <span class='ocrx_word' id='word_1_302' title='bbox 1989 3762 2127 3815; x_wconf 85' lang='lat' dir='ltr'>quae</span> <span class='ocrx_word' id='word_1_303' title='bbox 2173 3747 2331 3797; x_wconf 84' lang='lat' dir='ltr'>unice</span> <span class='ocrx_word' id='word_1_304' title='bbox 2366 3747 2594 3799; x_wconf 91' lang='lat' dir='ltr'>Ennium</span> 
     </span>
     <span class='ocr_line' id='line_1_35' title="bbox 422 3828 2594 3897; baseline 0.001 -18"><span class='ocrx_word' id='word_1_305' title='bbox 422 3828 717 3890; x_wconf 84' lang='lat' dir='ltr'>significare</span> <span class='ocrx_word' id='word_1_306' title='bbox 755 3831 1008 3893; x_wconf 81' lang='lat' dir='ltr'>possunt,</span> <span class='ocrx_word' id='word_1_307' title='bbox 1057 3832 1228 3881; x_wconf 88' lang='lat' dir='ltr'>totum</span> <span class='ocrx_word' id='word_1_308' title='bbox 1263 3844 1432 3894; x_wconf 83' lang='lat' dir='ltr'>genus</span> <span class='ocrx_word' id='word_1_309' title='bbox 1465 3835 1852 3897; x_wconf 80' lang='lat' dir='ltr'>panegyricum</span> <span class='ocrx_word' id='word_1_310' title='bbox 1886 3833 2142 3885; x_wconf 85' lang='lat' dir='ltr'>denotare</span> <span class='ocrx_word' id='word_1_311' title='bbox 2176 3829 2446 3882; x_wconf 85' lang='lat' dir='ltr'>voluisset.</span> <span class='ocrx_word' id='word_1_312' title='bbox 2517 3832 2594 3882; x_wconf 91' lang='lat' dir='ltr'>lta</span> 
     </span>
     <span class='ocr_line' id='line_1_36' title="bbox 423 3913 2593 3975; baseline 0.002 -14"><span class='ocrx_word' id='word_1_313' title='bbox 423 3924 528 3961; x_wconf 93' lang='lat' dir='ltr'>non</span> <span class='ocrx_word' id='word_1_314' title='bbox 570 3913 813 3975; x_wconf 83' lang='lat' dir='ltr'>peccavit</span> <span class='ocrx_word' id='word_1_315' title='bbox 845 3913 1108 3965; x_wconf 85' lang='lat' dir='ltr'>Horatius.</span> <span class='ocrx_word' id='word_1_316' title='bbox 1180 3915 1289 3964; x_wconf 86' lang='lat' dir='ltr'>Nec</span> <span class='ocrx_word' id='word_1_317' title='bbox 1332 3916 1550 3967; x_wconf 91' lang='lat' dir='ltr'>tandem</span> <span class='ocrx_word' id='word_1_318' title='bbox 1592 3915 1899 3968; x_wconf 86' lang='lat' dir='ltr'>tolerabiles</span> <span class='ocrx_word' id='word_1_319' title='bbox 1941 3918 2064 3967; x_wconf 85' lang='lat' dir='ltr'>sunt</span> <span class='ocrx_word' id='word_1_320' title='bbox 2110 3915 2447 3965; x_wconf 87' lang='lat' dir='ltr'>coniecturae</span> <span class='ocrx_word' id='word_1_321' title='bbox 2484 3916 2593 3966; x_wconf 90' lang='lat' dir='ltr'>Cu-</span> 
     </span>
    </p>
   </div>
   <div class='ocr_carea' id='block_1_7' title="bbox 540 4180 2412 4313">
    <p class='ocr_par' dir='ltr' id='par_1_8' title="bbox 540 4180 2412 4313">
     <span class='ocr_line' id='line_1_37' title="bbox 542 4180 2412 4237; baseline 0.003 -13"><span class='ocrx_word' id='word_1_322' title='bbox 542 4183 575 4236; x_wconf 76' lang='lat'>¹)</span> <span class='ocrx_word' id='word_1_323' title='bbox 608 4180 838 4226; x_wconf 82' lang='lat' dir='ltr'>zeitschr.</span> <span class='ocrx_word' id='word_1_324' title='bbox 871 4185 900 4226; x_wconf 81' lang='lat' dir='ltr'>f.</span> <span class='ocrx_word' id='word_1_325' title='bbox 936 4182 1182 4227; x_wconf 75' lang='lat' dir='ltr'>AlterthW.</span> <span class='ocrx_word' id='word_1_326' title='bbox 1217 4182 1341 4227; x_wconf 69' lang='lat'>⁴839.</span> <span class='ocrx_word' id='word_1_327' title='bbox 1376 4193 1421 4237; x_wconf 89' lang='lat' dir='ltr'>p.</span> <span class='ocrx_word' id='word_1_328' title='bbox 1455 4180 1525 4226; x_wconf 69' lang='lat'>47.</span> <span class='ocrx_word' id='word_1_329' title='bbox 1558 4181 1722 4237; x_wconf 78' lang='lat' dir='ltr'>Progr.</span> <span class='ocrx_word' id='word_1_330' title='bbox 1757 4182 2019 4234; x_wconf 87' lang='lat' dir='ltr'>Sondersh.</span> <span class='ocrx_word' id='word_1_331' title='bbox 2056 4181 2165 4230; x_wconf 65' lang='lat'>⁴843</span> <span class='ocrx_word' id='word_1_332' title='bbox 2207 4189 2256 4230; x_wconf 89' lang='lat' dir='ltr'>et</span> <span class='ocrx_word' id='word_1_333' title='bbox 2286 4181 2412 4229; x_wconf 65' lang='lat'><strong>⁴846.</strong></span> 
     </span>
     <span class='ocr_line' id='line_1_38' title="bbox 540 4255 1836 4313; baseline 0.002 -13"><span class='ocrx_word' id='word_1_334' title='bbox 540 4259 595 4312; x_wconf 72' lang='lat'>”)</span> <span class='ocrx_word' id='word_1_335' title='bbox 628 4256 791 4312; x_wconf 73' lang='lat' dir='ltr'>progr.</span> <span class='ocrx_word' id='word_1_336' title='bbox 825 4256 995 4312; x_wconf 78' lang='lat' dir='ltr'>Gymn.</span> <span class='ocrx_word' id='word_1_337' title='bbox 1030 4258 1178 4313; x_wconf 84' lang='lat' dir='ltr'>antiq.</span> <span class='ocrx_word' id='word_1_338' title='bbox 1211 4257 1396 4303; x_wconf 75' lang='lat' dir='ltr'>Monac.</span> <span class='ocrx_word' id='word_1_339' title='bbox 1431 4255 1555 4302; x_wconf 70' lang='lat'><strong>⁴837.</strong></span> <span class='ocrx_word' id='word_1_340' title='bbox 1591 4269 1637 4313; x_wconf 84' lang='lat' dir='ltr'>p.</span> <span class='ocrx_word' id='word_1_341' title='bbox 1670 4257 1699 4302; x_wconf 89' lang='lat'><strong>9</strong></span> <span class='ocrx_word' id='word_1_342' title='bbox 1728 4268 1836 4313; x_wconf 82' lang='lat' dir='ltr'>sqq.</span> 
     </span>
    </p>
   </div>
  </div>
 </body>
</html>
