3234 4975
1150 397 1265 447 [AB.
1304 396 1342 445 1.
1417 397 1474 444 C.
1513 395 1686 445 xxlx.

831 555 1047 620 Nectis
1090 553 1397 619 catenas?
1441 553 1626 631 Quae
1670 549 1782 616 tibi
1827 550 2141 637 virginum

2447 388 2569 456 ⁴65

827 676 1081 762 Sponso
1125 685 1352 740 necato
1395 672 1675 739 barbara
1718 671 2002 738 serviet?

910 798 1081 862 Puer
1123 796 1270 882 quis
1315 816 1395 861 ex
1438 794 1585 860 aula
1631 792 1877 880 capillis

998 915 1093 981 Ad
1139 914 1442 1005 cyathum
1486 925 1800 981 statuetur
1841 914 2074 989 unctiS,

822 1077 1065 1141 Doctus
1114 1076 1376 1162 sagittas
1420 1073 1688 1140 tendere
1734 1073 1990 1140 Sericas

538 1340 585 1392 4.
623 1340 967 1401 horribilisque
987 1336 1152 1388 Bentl.
1176 1338 1312 1387 coni.
1340 1364 1391 1372 -
1421 1337 1469 1386 6.
1498 1335 1717 1387 Ultimus
1741 1337 1795 1386 in
1818 1337 1873 1386 B.
1895 1336 2051 1386 huius
2074 1350 2240 1387 carm.
2263 1351 2466 1388 versus.

408 1575 634 1624 ditissimi
649 1575 891 1623 silvai-um
905 1572 1161 1635 fertilitate
1176 1572 1446 1633 odorifera,
1521 1582 1636 1619 cwn
1669 1570 1857 1633 ingenti
1891 1570 2089 1631 quidem
2119 1571 2363 1621 victoriae
2388 1584 2474 1633 spe
2492 1578 2571 1622 at-

408 1650 527 1699 auri
564 1648 776 1698 metallis
786 1662 804 1706 ;
856 1647 1015 1710 idque
1061 1648 1167 1697 iam
1214 1660 1280 1695 ex
1313 1645 1450 1695 anti-

409 1724 662 1787 quissima
697 1724 863 1773 fama·
908 1720 1108 1771 Βασιλ.
1144 1718 1222 1787 γ’,
1259 1721 1347 1777 40,
1388 1720 1445 1769 4ῖ

407 1797 727 1859 βασίλισσα
774 1792 939 1857 Σαβὰ
991 1788 1166 1861 ἢλθεν
1221 1796 1301 1857 εἰς
1350 1789 1450 1843 Ἱε-

408 1869 712 1944 ρουσαλῆμ
736 1872 798 1923 ἐν
817 1868 1054 1937 δυνάμει
1077 1870 1283 1940 βαρείᾳ
1304 1865 1453 1930 σφό-

408 1948 532 2018 δρα·
568 1949 666 1997 καὶ
709 1943 964 2012 κάμηλοι
1000 1944 1273 2034 αἴρουσαι
1312 1940 1450 2009 ἡδύ·

410 2037 607 2087 σματα
638 2022 738 2072 καὶ
771 2017 991 2093 χρυσὸν
1015 2017 1196 2072 πολὺν
1218 2015 1452 2089 σφόδρα

413 2099 515 2148 καὶ
545 2096 711 2149 λίθον
743 2099 953 2162 τίμιον.

473 2208 521 2260 4.
569 2209 791 2274 Regibus]
828 2213 869 2260 A
904 2208 1163 2259 Strabone
1199 2209 1251 2257 et
1284 2206 1449 2256 Dione

412 2298 503 2335 rex
538 2297 724 2334 eorum
748 2286 1048 2335 nominatur
1069 2277 1292 2343 Σαβώς.
1329 2282 1453 2330 Pro-

410 2361 528 2423 pter
571 2371 715 2409 num.
752 2357 889 2422 plur.
931 2359 1160 2420 cogitare
1211 2356 1333 2406 licet
1382 2354 1449 2403 de

407 2432 757 2499 principibuS‚
794 2434 1014 2482 Emirs.
1052 2458 1106 2468 —
1132 2431 1452 2493 hom-ibitique

408 2510 568 2573 Medo]
607 2509 870 2568 «Parthis,
908 2509 999 2572 qui
1031 2506 1183 2557 nobis
1206 2510 1329 2557 sunt
1352 2505 1454 2555 for-

410 2583 704 2634 midolosi.»
740 2581 924 2633 Catull.
952 2583 1006 2632 44
1033 2621 1044 2643 ,
1071 2582 1160 2631 44ῑ
1196 2581 1455 2630 horribiles

408 2660 693 2722 Britannos.
748 2657 844 2707 Od.
899 2658 953 2717 4,
1011 2658 1068 2716 2,
1122 2657 1214 2705 22:
1274 2668 1454 2718 graves

407 2735 599 2783 Persae.
637 2733 764 2781 Stat.
802 2730 922 2780 silv.
962 2733 1017 2790 4,
1054 2730 1116 2790 4,
1162 2730 1248 2779 78:
1299 2742 1453 2778 arca-

410 2822 503 2871 que
524 2806 775 2856 timenda
792 2806 964 2869 fiuyaci
983 2804 1237 2855 Armenia.
1280 2805 1451 2866 Atque

410 2883 518 2932 iam
567 2881 793 2931 Pindaro
844 2879 985 2943 apud
1036 2877 1209 2928 Schol.
1265 2877 1448 2926 venet

411 2956 480 3007 ad
513 2956 776 3019 Aristoph.
813 2956 974 3018 Vesp.
1012 2953 1124 3003 302.
1158 2952 1296 3004 Medi
1331 2952 1455 3002 sunt

411 3027 835 3095 πανδείμαντοι.
890 3028 1143 3091 Loquitur
1188 3027 1337 3090 quasi
1369 3038 1456 3075 ea-

411 3107 538 3156 dem
594 3104 923 3168 expeditione
978 3103 1183 3152 Parthis
1240 3113 1452 3164 quoque

412 3179 610 3229 bellum
644 3179 837 3229 inferre
883 3179 1059 3227 iussus
1098 3178 1242 3226 esset
1278 3173 1454 3225 Aelius

412 3253 620 3313 Gallus;
688 3266 825 3316 quae
882 3252 1104 3302 fortasse
1161 3252 1286 3299 tunc
1342 3251 1457 3298 erat

412 3329 736 3393 exspectatio
781 3329 1163 3387 Romanorum,
1217 3326 1341 3384 nisi,
1399 3326 1458 3373 ut

412 3404 540 3454 mihi
574 3402 809 3462 videtur,
848 3403 930 3451 est
963 3401 1137 3464 potius
1162 3393 1453 3470 ὑπερβολὴ

412 3479 647 3542 poetica;
685 3478 738 3527 in
772 3489 905 3526 unos
940 3475 1174 3525 Sabaeos
1210 3488 1332 3524 cum
1358 3489 1456 3538 pa-

412 3555 622 3601 raretur
639 3550 921 3615 expeditio,
948 3562 1135 3600 omnes
1152 3551 1258 3600 iam
1278 3551 1457 3599 Orien-

413 3627 477 3676 tis
510 3624 734 3691 populos
770 3625 1037 3674 devictum
1078 3625 1138 3673 iri
1172 3627 1458 3686 auguratur

412 3703 587 3764 poeta,
626 3703 683 3749 ut
717 3699 812 3749 Od.
853 3699 906 3758 4,
946 3700 1036 3758 42,
1075 3700 1154 3747 56.
1194 3702 1248 3747 et
1280 3698 1373 3748 Od.
1406 3700 1452 3759 4,

479 3890 528 3936 5.
587 3888 753 3937 Nectis
805 3886 1023 3949 catenas]
1083 3884 1232 3944 Quod
1285 3884 1453 3935 Bentl.

415 3962 579 4012 voluit
608 3961 1118 4022 hom-ibitis-catenas,
1173 3961 1275 4010 hoc
1310 3963 1455 4010 certe

412 4049 531 4086 voc.
582 4034 782 4086 facilius
826 4037 972 4085 caret
1012 4034 1255 4101 ἐπιθέτῳ
1294 4047 1457 4098 quam

412 4112 602 4171 Medus,
642 4123 765 4160 cum
799 4113 1019 4160 catenae
1053 4122 1154 4173 per
1189 4123 1248 4160 se
1287 4109 1458 4160 mole-

1521 1657 1617 1705 que
1646 1645 1860 1707 fiducia,
1907 1645 2032 1693 adeo
2071 1650 2129 1693 ut
2162 1646 2338 1706 plures
2367 1650 2571 1696 catenas

1521 1720 1573 1768 in
1606 1719 1817 1769 navibus
1850 1733 2004 1781 quam
2041 1733 2194 1769 arma
2219 1725 2465 1782 portaret.

1586 1823 1636 1871 6.
1676 1823 1731 1872 ln
1767 1834 1910 1885 pros.
1950 1835 2027 1871 or.
2063 1820 2147 1871 vel
2178 1824 2324 1885 virqo
2347 1823 2570 1873 barbara

1523 1895 1605 1945 vel
1623 1897 1876 1960 virqinum
1889 1896 2243 1947 barbararum.
2270 1898 2353 1947 Sic
2364 1895 2573 1961 'Apollo-

1524 1970 1674 2021 nides
1711 1972 1761 2020 in
1789 1971 1943 2022 Anth.
1971 1970 2079 2021 Pal.
2106 1972 2167 2021 11.
2194 1984 2248 2034 p.
2276 1971 2400 2022 698:
2439 1971 2568 2021 Χα-

1523 2047 1691 2115 ρίτων
1713 2043 1776 2096 δέ
1802 2060 1906 2110 μοι
1928 2038 2143 2112 ἀγχόθι
2177 2042 2359 2111 καλὴν
2380 2043 2569 2117 ἀθρή-

1523 2135 1650 2183 σας,
1687 2134 1785 2185 pro
1819 2117 2010 2190 Χάριν
2043 2117 2245 2185 καλήν.
2284 2122 2443 2171 Recte
2484 2123 2568 2172 in-

1522 2197 1883 2259 terpretantur
1916 2194 1983 2243 de
2019 2196 2158 2257 regis
2193 2195 2324 2257 fllia,
2373 2198 2433 2245 ut
2469 2196 2563 2245 Od.

1523 2270 1577 2329 3,
1615 2271 1674 2328 2,
1712 2270 1775 2318 7:
1814 2269 2566 2330 bellantistyranni--adulta

1520 2345 1682 2407 virqo.

1588 2436 1637 2486 7.
1673 2436 1722 2487 8.
1758 2436 1905 2502 Puer]
1943 2437 2055 2484 Non
2091 2436 2229 2500 regis
2262 2433 2432 2496 filine,
2470 2435 2568 2487 sed

1522 2525 1658 2575 puer
1709 2513 1910 2574 regine,
1967 2512 2143 2575 Paae.
2208 2511 2312 2560 Liv.
2356 2510 2445 2572 45,
2505 2511 2562 2559 6:

1517 2587 1668 2647 pueri
1715 2586 1842 2649 reqii
1891 2586 2027 2646 apud
2074 2586 2375 2634 Macedonas
2414 2599 2569 2635 voca-

1525 2660 1710 2709 bantur
1742 2659 2032 2721 principum
2073 2659 2213 2708 liberi
2246 2660 2314 2707 ad
2344 2659 2568 2708 ministe-

1524 2736 1661 2783 rium
1699 2734 1832 2797 reqis
1872 2734 2023 2783 electi.
2106 2733 2190 2782 Sic
2234 2733 2392 2782 etiam
2427 2733 2570 2796 apud

1526 2806 1834 2868 orientales,
1856 2807 1923 2856 de
1938 2805 2145 2892 quibus
2150 2805 2380 2869 loquitur
2389 2810 2567 2870 poeta

1525 2881 1708 2934 Daniel
1746 2883 1793 2942 4,
1830 2881 1886 2932 3;
1926 2879 2079 2931 εἶπεν
2112 2874 2147 2930 ὁ
2180 2877 2455 2943 βασιλεὺς
2487 2879 2566 2949 τῷ

1524 2950 1921 3030 ἆρχιευνούχῳ
1988 2959 2312 3023 εισαγαγεῐν
2376 2959 2566 3009 νεανί-

1525 3049 1735 3096 σκους,
1788 3027 1878 3095 οἷς
1921 3026 2029 3083 οὐκ
2072 3025 2231 3082 ἔστιν
2276 3031 2337 3082 ἐν
2371 3027 2570 3096 αὐτοῖς

1524 3106 1759 3174 μῶμος,
1812 3107 1911 3157 καὶ
1947 3102 2162 3170 καλοὺς
2193 3104 2262 3178 τῇ
2301 3101 2443 3172 ὄψει
2475 3138 2505 3148 -
2539 3137 2568 3147 -

1525 3186 1628 3235 καὶ
1676 3179 1764 3246 οἷς
1820 3183 1976 3234 ἐστιν
2033 3179 2201 3246 ἰσχὺς
2254 3182 2316 3234 ἐν
2370 3177 2571 3246 αὐτοῖς

1526 3255 1764 3311 ἑστάναι
1797 3258 1858 3309 ἐν
1890 3256 1968 3327 τῷ
2004 3256 2144 3326 οἴκῳ
2179 3260 2247 3322 (in
2270 3257 2404 3322 aula)
2430 3254 2572 3309 ἐνώ-

1528 3350 1660 3385 πιον
1693 3331 1796 3385 τοῦ
1830 3333 2132 3397 βασιλέως.
2191 3332 2343 3384 Tales
2387 3336 2569 3384 autem

1527 3409 1861 3475 pocillatores
1879 3421 1922 3460 s.
1939 3410 2224 3474 pincernae
2243 3410 2295 3458 in
2308 3409 2569 3471 Inscriptt.

1519 3486 1670 3547 paeri
1701 3485 1764 3534 ab
1786 3485 1982 3546 cyatho,
2018 3499 2053 3534 a
2076 3485 2296 3546 potione,
2333 3497 2369 3532 a
2390 3483 2574 3546 lagena

1528 3562 1802 3609 vocantur.
1846 3587 1900 3594 —
1935 3560 2013 3607 Aa
2045 3558 2278 3619 mamam
2310 3557 2569 3619 statuetur]

1530 3649 1723 3698 «quem
1760 3635 2075 3684 exhaustum
2100 3631 2303 3697 repleat
2324 3645 2387 3682 ac
2408 3632 2576 3695 porri-

1528 3713 1617 3773 gat
1661 3708 1936 3758 domino.»
1994 3709 2136 3758 Suet.
2181 3708 2334 3757 Caes.
2372 3704 2461 3756 49:
2515 3706 2567 3756 C.

1528 3785 1791 3834 Memmius
1824 3784 2028 3833 Caesari
2050 3784 2118 3832 ad
2138 3782 2371 3843 cyathum
2391 3782 2575 3832 stetisse

1528 3860 1785 3910 Nicomedi
1807 3859 1994 3908 obiecit.
2036 3858 2233 3920 (Iuven.
2262 3857 2310 3914 9,
2337 3856 2427 3907 46:
2447 3870 2576 3918 puo-

1527 3948 1646 3983 rum
1667 3961 1695 3971 -
1717 3961 1745 3971 -
1766 3935 1973 3997 diqnum
2004 3933 2196 3992 cyatho.
2236 3931 2417 3992 limi.)

1594 4036 1644 4085 9.
1668 4037 1746 4085 40.
1784 4036 1972 4084 Doctus
1990 4033 2215 4097 saqittas]
2240 4033 2422 4093 Serae,
2451 4030 2574 4080 ulti-

1532 4122 1653 4160 mus
1686 4109 1911 4160 Orientis
1944 4106 2170 4172 populus
2205 4107 2450 4158 Romanis
2475 4118 2575 4156 no-

414 4187 545 4236 stiae
568 4186 841 4235 notionem
863 4185 1103 4234 afferant.
1142 4182 1274 4234 Flor.
1303 4184 1360 4244 3,
1396 4184 1454 4233 7:
1533 4186 1644 4244 tus,
1681 4186 1740 4232 ut
1773 4196 1962 4234 omues
1996 4183 2105 4233 fere
2130 4181 2437 4240 Orientales‚
2476 4193 2574 4229 no-

414 4261 607 4311 Primus
645 4261 829 4311 invasit
866 4259 1171 4310 insulamfl.
1199 4258 1457 4320 Antonius,
1531 4257 1668 4308 biles
1693 4259 1844 4308 erant
1866 4259 2132 4321 sagittarii.

2185 4259 2396 4318 (Tamen
2432 4254 2574 4305 haud
