<?xml version="1.0" encoding="UTF-8"?>
<!DOCTYPE html PUBLIC "-//W3C//DTD XHTML 1.0 Transitional//EN"
    "http://www.w3.org/TR/xhtml1/DTD/xhtml1-transitional.dtd">
<html xmlns="http://www.w3.org/1999/xhtml" xml:lang="en" lang="en">
 <head>
  <title>
</title>
<meta http-equiv="Content-Type" content="text/html;charset=utf-8" />
  <meta name='ocr-system' content='tesseract 3.04.00' />
  <meta name='ocr-capabilities' content='ocr_page ocr_carea ocr_par ocr_line ocrx_word'/>
</head>
<body>
  <div class='ocr_page' id='page_1' title='image "./qhoratiusflaccu05baitgoog_0051.png"; bbox 0 0 3234 4975; ppageno 0'>
   <div class='ocr_carea' id='block_1_1' title="bbox 1191 431 2535 494">
    <p class='ocr_par' dir='ltr' id='par_1_1' title="bbox 1191 431 2535 494">
     <span class='ocr_line' id='line_1_1' title="bbox 1191 431 2535 494; baseline -0.007 -12"><span class='ocrx_word' id='word_1_1' title='bbox 1191 433 1309 482; x_wconf 76' lang='lat' dir='ltr'><strong>un.</strong></span> <span class='ocrx_word' id='word_1_2' title='bbox 1346 433 1383 481; x_wconf 84' lang='grc' dir='ltr'><strong>ι.</strong></span> <span class='ocrx_word' id='word_1_3' title='bbox 1455 433 1512 481; x_wconf 86' lang='lat' dir='ltr'><strong>c.</strong></span> <span class='ocrx_word' id='word_1_4' title='bbox 1551 432 1634 481; x_wconf 85' lang='lat' dir='ltr'><strong>m.</strong></span> <span class='ocrx_word' id='word_1_5' title='bbox 2453 431 2535 494; x_wconf 89' lang='lat'><strong>33</strong></span> 
     </span>
    </p>
   </div>
   <div class='ocr_carea' id='block_1_2' title="bbox 386 587 2542 2163">
    <p class='ocr_par' dir='ltr' id='par_1_2' title="bbox 386 587 2542 2163">
     <span class='ocr_line' id='line_1_2' title="bbox 388 587 2538 654; baseline 0 -14"><span class='ocrx_word' id='word_1_6' title='bbox 388 603 526 641; x_wconf 87' lang='lat' dir='ltr'><strong>nem.</strong></span> <span class='ocrx_word' id='word_1_7' title='bbox 586 592 699 641; x_wconf 81' lang='lat' dir='ltr'><strong>Non</strong></span> <span class='ocrx_word' id='word_1_8' title='bbox 731 592 901 654; x_wconf 90' lang='lat' dir='ltr'><strong>potuit</strong></span> <span class='ocrx_word' id='word_1_9' title='bbox 930 587 1173 653; x_wconf 76' lang='lat' dir='ltr'><strong>Virgilius</strong></span> <span class='ocrx_word' id='word_1_10' title='bbox 1196 591 1248 639; x_wconf 90' lang='lat' dir='ltr'><strong>in</strong></span> <span class='ocrx_word' id='word_1_11' title='bbox 1271 588 1527 641; x_wconf 87' lang='lat' dir='ltr'><strong>Bucolicis</strong></span> <span class='ocrx_word' id='word_1_12' title='bbox 1550 589 1850 652; x_wconf 88' lang='lat' dir='ltr'><strong>nominare,</strong></span> <span class='ocrx_word' id='word_1_13' title='bbox 1887 592 1946 639; x_wconf 86' lang='lat' dir='ltr'><strong>nt</strong></span> <span class='ocrx_word' id='word_1_14' title='bbox 1973 589 2259 642; x_wconf 87' lang='lat' dir='ltr'><strong>Pollionem</strong></span> <span class='ocrx_word' id='word_1_15' title='bbox 2275 628 2287 651; x_wconf 86' lang='lat'><strong>,</strong></span> <span class='ocrx_word' id='word_1_16' title='bbox 2324 595 2383 641; x_wconf 88' lang='lat' dir='ltr'><strong>ut</strong></span> <span class='ocrx_word' id='word_1_17' title='bbox 2404 592 2538 642; x_wconf 90' lang='lat' dir='ltr'><strong>Cor-</strong></span> 
     </span>
     <span class='ocr_line' id='line_1_3' title="bbox 386 671 2539 738; baseline 0.001 -15"><span class='ocrx_word' id='word_1_18' title='bbox 386 673 581 724; x_wconf 87' lang='lat' dir='ltr'><strong>nelium</strong></span> <span class='ocrx_word' id='word_1_19' title='bbox 624 671 850 735; x_wconf 90' lang='lat' dir='ltr'><strong>Gallum,</strong></span> <span class='ocrx_word' id='word_1_20' title='bbox 905 674 1176 724; x_wconf 79' lang='lat' dir='ltr'><strong>Horatium</strong></span> <span class='ocrx_word' id='word_1_21' title='bbox 1217 675 1505 724; x_wconf 76' lang='lat' dir='ltr'><strong>etiamtunc</strong></span> <span class='ocrx_word' id='word_1_22' title='bbox 1546 674 1795 724; x_wconf 87' lang='lat' dir='ltr'><strong>Romanis</strong></span> <span class='ocrx_word' id='word_1_23' title='bbox 1835 687 2002 738; x_wconf 87' lang='lat' dir='ltr'><strong>prope</strong></span> <span class='ocrx_word' id='word_1_24' title='bbox 2046 674 2281 737; x_wconf 78' lang='lat' dir='ltr'><strong>ignotum</strong></span> <span class='ocrx_word' id='word_1_25' title='bbox 2298 713 2310 736; x_wconf 87' lang='lat'>‚</span> <span class='ocrx_word' id='word_1_26' title='bbox 2364 676 2539 725; x_wconf 90' lang='lat' dir='ltr'><strong>minus</strong></span> 
     </span>
     <span class='ocr_line' id='line_1_4' title="bbox 386 757 2535 821; baseline 0.001 -15"><span class='ocrx_word' id='word_1_27' title='bbox 386 759 546 807; x_wconf 77' lang='lat' dir='ltr'><strong>etiam</strong></span> <span class='ocrx_word' id='word_1_28' title='bbox 580 759 631 807; x_wconf 89' lang='lat' dir='ltr'><strong>in</strong></span> <span class='ocrx_word' id='word_1_29' title='bbox 666 758 931 820; x_wconf 83' lang='lat' dir='ltr'><strong>Georgicis</strong></span> <span class='ocrx_word' id='word_1_30' title='bbox 965 760 1019 806; x_wconf 91' lang='lat' dir='ltr'><strong>et</strong></span> <span class='ocrx_word' id='word_1_31' title='bbox 1052 758 1104 807; x_wconf 91' lang='lat' dir='ltr'><strong>iu</strong></span> <span class='ocrx_word' id='word_1_32' title='bbox 1130 757 1391 816; x_wconf 79' lang='lat' dir='ltr'><strong>Aeneide3</strong></span> <span class='ocrx_word' id='word_1_33' title='bbox 1426 758 1596 821; x_wconf 87' lang='lat' dir='ltr'><strong>potuit</strong></span> <span class='ocrx_word' id='word_1_34' title='bbox 1631 757 1874 808; x_wconf 79' lang='lat' dir='ltr'><strong>Horatius</strong></span> <span class='ocrx_word' id='word_1_35' title='bbox 1907 759 2088 820; x_wconf 84' lang='lat' dir='ltr'><strong>arguta</strong></span> <span class='ocrx_word' id='word_1_36' title='bbox 2124 758 2358 821; x_wconf 87' lang='lat' dir='ltr'><strong>quadam</strong></span> <span class='ocrx_word' id='word_1_37' title='bbox 2379 757 2535 808; x_wconf 91' lang='lat' dir='ltr'><strong>blan-</strong></span> 
     </span>
     <span class='ocr_line' id='line_1_5' title="bbox 387 840 2535 904; baseline 0.001 -13"><span class='ocrx_word' id='word_1_38' title='bbox 387 841 511 891; x_wconf 84' lang='lat' dir='ltr'><strong>ditia</strong></span> <span class='ocrx_word' id='word_1_39' title='bbox 533 879 545 900; x_wconf 92' lang='lat'>‚</span> <span class='ocrx_word' id='word_1_40' title='bbox 583 854 688 891; x_wconf 89' lang='lat' dir='ltr'><strong>non</strong></span> <span class='ocrx_word' id='word_1_41' title='bbox 721 840 905 892; x_wconf 90' lang='lat' dir='ltr'><strong>humili</strong></span> <span class='ocrx_word' id='word_1_42' title='bbox 938 840 1235 891; x_wconf 78' lang='lat' dir='ltr'>adulatione</span> <span class='ocrx_word' id='word_1_43' title='bbox 1268 854 1426 902; x_wconf 87' lang='lat' dir='ltr'><strong>usus,</strong></span> <span class='ocrx_word' id='word_1_44' title='bbox 1464 842 1740 904; x_wconf 86' lang='lat' dir='ltr'><strong>tamquam</strong></span> <span class='ocrx_word' id='word_1_45' title='bbox 1772 843 1958 904; x_wconf 76' lang='lat' dir='ltr'><strong>poetas</strong></span> <span class='ocrx_word' id='word_1_46' title='bbox 1990 840 2206 891; x_wconf 86' lang='lat' dir='ltr'><strong>laudare</strong></span> <span class='ocrx_word' id='word_1_47' title='bbox 2229 841 2535 901; x_wconf 88' lang='lat' dir='ltr'><strong>Pollionem,</strong></span> 
     </span>
     <span class='ocr_line' id='line_1_6' title="bbox 391 924 2541 990; baseline 0 -16"><span class='ocrx_word' id='word_1_48' title='bbox 391 924 555 974; x_wconf 82' lang='lat' dir='ltr'><strong>iulum</strong></span> <span class='ocrx_word' id='word_1_49' title='bbox 598 926 904 986; x_wconf 78' lang='lat' dir='ltr'><strong>Antonium,</strong></span> <span class='ocrx_word' id='word_1_50' title='bbox 949 926 1110 974; x_wconf 85' lang='lat' dir='ltr'><strong>etiam</strong></span> <span class='ocrx_word' id='word_1_51' title='bbox 1152 925 1369 974; x_wconf 88' lang='lat' dir='ltr'><strong>Varium</strong></span> <span class='ocrx_word' id='word_1_52' title='bbox 1411 937 1569 974; x_wconf 90' lang='lat' dir='ltr'><strong>suum</strong></span> <span class='ocrx_word' id='word_1_53' title='bbox 1613 925 1682 974; x_wconf 91' lang='lat' dir='ltr'><strong>ad</strong></span> <span class='ocrx_word' id='word_1_54' title='bbox 1723 925 2009 989; x_wconf 78' lang='lat' dir='ltr'><strong>Agrippam</strong></span> <span class='ocrx_word' id='word_1_55' title='bbox 2051 924 2319 985; x_wconf 81' lang='lat' dir='ltr'><strong>scribens3</strong></span> <span class='ocrx_word' id='word_1_56' title='bbox 2371 926 2541 990; x_wconf 90' lang='lat' dir='ltr'><strong>potuit</strong></span> 
     </span>
     <span class='ocr_line' id='line_1_7' title="bbox 396 1006 2538 1073; baseline 0 -15"><span class='ocrx_word' id='word_1_57' title='bbox 396 1006 647 1058; x_wconf 69' lang='lat' dir='ltr'><strong>tibullum</strong></span> <span class='ocrx_word' id='word_1_58' title='bbox 696 1009 749 1058; x_wconf 90' lang='lat' dir='ltr'><strong>in</strong></span> <span class='ocrx_word' id='word_1_59' title='bbox 800 1007 1028 1073; x_wconf 79' lang='lat' dir='ltr'><strong>Epistola</strong></span> <span class='ocrx_word' id='word_1_60' title='bbox 1077 1009 1259 1059; x_wconf 88' lang='lat' dir='ltr'><strong>Cassio</strong></span> <span class='ocrx_word' id='word_1_61' title='bbox 1302 1009 1572 1059; x_wconf 80' lang='lat' dir='ltr'><strong>Parmensi</strong></span> <span class='ocrx_word' id='word_1_62' title='bbox 1614 1010 1972 1073; x_wconf 82' lang='lat' dir='ltr'><strong>anteponere,</strong></span> <span class='ocrx_word' id='word_1_63' title='bbox 2020 1010 2073 1059; x_wconf 91' lang='lat' dir='ltr'><strong>in</strong></span> <span class='ocrx_word' id='word_1_64' title='bbox 2116 1010 2281 1060; x_wconf 87' lang='lat' dir='ltr'><strong>Satira</strong></span> <span class='ocrx_word' id='word_1_65' title='bbox 2326 1008 2538 1072; x_wconf 82' lang='lat' dir='ltr'><strong>Virgilio</strong></span> 
     </span>
     <span class='ocr_line' id='line_1_8' title="bbox 388 1092 2535 1156; baseline 0.001 -16"><span class='ocrx_word' id='word_1_66' title='bbox 388 1093 486 1155; x_wconf 84' lang='lat' dir='ltr'><strong>ipsi</strong></span> <span class='ocrx_word' id='word_1_67' title='bbox 521 1106 587 1141; x_wconf 83' lang='lat' dir='ltr'><strong>ex</strong></span> <span class='ocrx_word' id='word_1_68' title='bbox 627 1093 787 1142; x_wconf 90' lang='lat' dir='ltr'><strong>animi</strong></span> <span class='ocrx_word' id='word_1_69' title='bbox 830 1094 1087 1144; x_wconf 88' lang='lat' dir='ltr'><strong>sententia</strong></span> <span class='ocrx_word' id='word_1_70' title='bbox 1126 1092 1362 1142; x_wconf 88' lang='lat' dir='ltr'><strong>tribuere</strong></span> <span class='ocrx_word' id='word_1_71' title='bbox 1405 1093 1551 1142; x_wconf 76' lang='lat' dir='ltr'><strong>mollo</strong></span> <span class='ocrx_word' id='word_1_72' title='bbox 1590 1098 1741 1155; x_wconf 77' lang='lat' dir='ltr'><strong>atque</strong></span> <span class='ocrx_word' id='word_1_73' title='bbox 1777 1093 1997 1156; x_wconf 74' lang='lat' dir='ltr'><strong>facetum</strong></span> <span class='ocrx_word' id='word_1_74' title='bbox 2034 1106 2200 1155; x_wconf 84' lang='lat' dir='ltr'><strong>genus</strong></span> <span class='ocrx_word' id='word_1_75' title='bbox 2234 1092 2535 1152; x_wconf 87' lang='lat' dir='ltr'><strong>scribendi;</strong></span> 
     </span>
     <span class='ocr_line' id='line_1_9' title="bbox 389 1175 2540 1241; baseline 0 -15"><span class='ocrx_word' id='word_1_76' title='bbox 389 1175 484 1226; x_wconf 89' lang='lat' dir='ltr'><strong>sed</strong></span> <span class='ocrx_word' id='word_1_77' title='bbox 520 1176 630 1239; x_wconf 89' lang='lat' dir='ltr'><strong>ipse</strong></span> <span class='ocrx_word' id='word_1_78' title='bbox 666 1177 880 1226; x_wconf 87' lang='lat' dir='ltr'><strong>intimae</strong></span> <span class='ocrx_word' id='word_1_79' title='bbox 915 1176 1171 1227; x_wconf 83' lang='lat' dir='ltr'><strong>amicitiae</strong></span> <span class='ocrx_word' id='word_1_80' title='bbox 1206 1176 1378 1240; x_wconf 89' lang='lat' dir='ltr'><strong>pudor</strong></span> <span class='ocrx_word' id='word_1_81' title='bbox 1412 1178 1467 1226; x_wconf 84' lang='lat' dir='ltr'><strong>et</strong></span> <span class='ocrx_word' id='word_1_82' title='bbox 1499 1177 1652 1227; x_wconf 90' lang='lat' dir='ltr'><strong>insita</strong></span> <span class='ocrx_word' id='word_1_83' title='bbox 1686 1177 1894 1239; x_wconf 87' lang='lat' dir='ltr'><strong>utrique</strong></span> <span class='ocrx_word' id='word_1_84' title='bbox 1929 1176 2202 1226; x_wconf 87' lang='lat' dir='ltr'><strong>urbanitas</strong></span> <span class='ocrx_word' id='word_1_85' title='bbox 2237 1179 2396 1241; x_wconf 89' lang='lat' dir='ltr'><strong>atque</strong></span> <span class='ocrx_word' id='word_1_86' title='bbox 2420 1190 2540 1227; x_wconf 93' lang='lat' dir='ltr'><strong>mo—</strong></span> 
     </span>
     <span class='ocr_line' id='line_1_10' title="bbox 389 1259 2542 1324; baseline 0.001 -16"><span class='ocrx_word' id='word_1_87' title='bbox 389 1259 559 1310; x_wconf 88' lang='lat' dir='ltr'><strong>destia</strong></span> <span class='ocrx_word' id='word_1_88' title='bbox 589 1261 823 1310; x_wconf 80' lang='lat' dir='ltr'><strong>Athenas</strong></span> <span class='ocrx_word' id='word_1_89' title='bbox 855 1260 1207 1324; x_wconf 82' lang='lat' dir='ltr'><strong>proficiscenti</strong></span> <span class='ocrx_word' id='word_1_90' title='bbox 1243 1262 1413 1310; x_wconf 91' lang='lat' dir='ltr'><strong>amico</strong></span> <span class='ocrx_word' id='word_1_91' title='bbox 1436 1259 1562 1311; x_wconf 91' lang='lat' dir='ltr'><strong>illud</strong></span> <span class='ocrx_word' id='word_1_92' title='bbox 1585 1261 1740 1311; x_wconf 90' lang='lat' dir='ltr'><strong>nimis</strong></span> <span class='ocrx_word' id='word_1_93' title='bbox 1763 1262 1945 1324; x_wconf 90' lang='lat' dir='ltr'><strong>utique</strong></span> <span class='ocrx_word' id='word_1_94' title='bbox 1970 1263 2343 1323; x_wconf 82' lang='lat' dir='ltr'><strong>exaggeratum</strong></span> <span class='ocrx_word' id='word_1_95' title='bbox 2365 1262 2542 1311; x_wconf 77' lang='lat' dir='ltr'><strong>Nescio</strong></span> 
     </span>
     <span class='ocr_line' id='line_1_11' title="bbox 389 1344 2539 1409; baseline 0 -17"><span class='ocrx_word' id='word_1_96' title='bbox 389 1344 509 1405; x_wconf 73' lang='lat' dir='ltr'><strong>quid</strong></span> <span class='ocrx_word' id='word_1_97' title='bbox 538 1344 702 1393; x_wconf 67' lang='lat' dir='ltr'><strong>maim</strong></span> <span class='ocrx_word' id='word_1_98' title='bbox 732 1346 957 1394; x_wconf 74' lang='lat' dir='ltr'><strong>nascitur</strong></span> <span class='ocrx_word' id='word_1_99' title='bbox 986 1345 1169 1394; x_wconf 79' lang='lat' dir='ltr'><strong>Iliade!</strong></span> <span class='ocrx_word' id='word_1_100' title='bbox 1213 1344 1507 1395; x_wconf 87' lang='lat' dir='ltr'><strong>acclamare</strong></span> <span class='ocrx_word' id='word_1_101' title='bbox 1541 1358 1761 1409; x_wconf 87' lang='lat' dir='ltr'><strong>prorsus</strong></span> <span class='ocrx_word' id='word_1_102' title='bbox 1798 1344 2030 1395; x_wconf 85' lang='lat' dir='ltr'><strong>vetabat.</strong></span> <span class='ocrx_word' id='word_1_103' title='bbox 2102 1345 2237 1404; x_wconf 90' lang='lat' dir='ltr'><strong>Quid</strong></span> <span class='ocrx_word' id='word_1_104' title='bbox 2272 1346 2427 1408; x_wconf 83' lang='lat' dir='ltr'><strong>igitur</strong></span> <span class='ocrx_word' id='word_1_105' title='bbox 2460 1346 2539 1395; x_wconf 82' lang='lat' dir='ltr'><strong>fe-</strong></span> 
     </span>
     <span class='ocr_line' id='line_1_12' title="bbox 389 1426 2540 1493; baseline 0.001 -17"><span class='ocrx_word' id='word_1_106' title='bbox 389 1428 493 1476; x_wconf 81' lang='lat' dir='ltr'><strong>cit‘?</strong></span> <span class='ocrx_word' id='word_1_107' title='bbox 559 1428 927 1477; x_wconf 78' lang='lat' dir='ltr'><strong>Amantissimo</strong></span> <span class='ocrx_word' id='word_1_108' title='bbox 971 1441 1094 1478; x_wconf 89' lang='lat' dir='ltr'><strong>cum</strong></span> <span class='ocrx_word' id='word_1_109' title='bbox 1144 1427 1353 1491; x_wconf 83' lang='lat' dir='ltr'><strong>Virgilio</strong></span> <span class='ocrx_word' id='word_1_110' title='bbox 1404 1442 1502 1479; x_wconf 87' lang='lat' dir='ltr'><strong>suo</strong></span> <span class='ocrx_word' id='word_1_111' title='bbox 1544 1426 1878 1490; x_wconf 84' lang='lat' dir='ltr'><strong>tranquillam</strong></span> <span class='ocrx_word' id='word_1_112' title='bbox 1922 1441 1986 1478; x_wconf 92' lang='lat' dir='ltr'><strong>ac</strong></span> <span class='ocrx_word' id='word_1_113' title='bbox 2026 1428 2272 1493; x_wconf 87' lang='lat' dir='ltr'><strong>periculis</strong></span> <span class='ocrx_word' id='word_1_114' title='bbox 2314 1427 2540 1479; x_wconf 87' lang='lat' dir='ltr'><strong>liberam</strong></span> 
     </span>
     <span class='ocr_line' id='line_1_13' title="bbox 387 1511 2535 1575; baseline 0.001 -15"><span class='ocrx_word' id='word_1_115' title='bbox 387 1514 622 1575; x_wconf 85' lang='lat' dir='ltr'><strong>optasset</strong></span> <span class='ocrx_word' id='word_1_116' title='bbox 654 1512 1041 1574; x_wconf 83' lang='lat' dir='ltr'><strong>navigationem</strong></span> <span class='ocrx_word' id='word_1_117' title='bbox 1068 1539 1122 1548; x_wconf 89' lang='lat'><em>-</em></span> <span class='ocrx_word' id='word_1_118' title='bbox 1148 1525 1254 1574; x_wconf 90' lang='lat' dir='ltr'><strong>qua</strong></span> <span class='ocrx_word' id='word_1_119' title='bbox 1277 1513 1329 1561; x_wconf 88' lang='lat' dir='ltr'><strong>in</strong></span> <span class='ocrx_word' id='word_1_120' title='bbox 1355 1525 1411 1562; x_wconf 84' lang='lat' dir='ltr'><strong>re</strong></span> <span class='ocrx_word' id='word_1_121' title='bbox 1435 1511 1547 1563; x_wconf 88' lang='lat' dir='ltr'><strong>sola</strong></span> <span class='ocrx_word' id='word_1_122' title='bbox 1570 1514 1727 1563; x_wconf 85' lang='lat' dir='ltr'><strong>totius</strong></span> <span class='ocrx_word' id='word_1_123' title='bbox 1751 1513 2002 1563; x_wconf 85' lang='lat' dir='ltr'><strong>carminis</strong></span> <span class='ocrx_word' id='word_1_124' title='bbox 2023 1513 2246 1562; x_wconf 85' lang='lat' dir='ltr'><strong>vertitur</strong></span> <span class='ocrx_word' id='word_1_125' title='bbox 2267 1511 2430 1562; x_wconf 88' lang='lat' dir='ltr'><strong>cardo</strong></span> <span class='ocrx_word' id='word_1_126' title='bbox 2459 1539 2535 1573; x_wconf 90' lang='lat'><strong>·-,</strong></span> 
     </span>
     <span class='ocr_line' id='line_1_14' title="bbox 387 1595 2542 1660; baseline 0.001 -16"><span class='ocrx_word' id='word_1_127' title='bbox 387 1598 600 1645; x_wconf 84' lang='lat' dir='ltr'><strong>secutus</strong></span> <span class='ocrx_word' id='word_1_128' title='bbox 634 1597 895 1645; x_wconf 87' lang='lat' dir='ltr'><strong>Graecum</strong></span> <span class='ocrx_word' id='word_1_129' title='bbox 929 1595 1166 1659; x_wconf 85' lang='lat' dir='ltr'><strong>aliquod,</strong></span> <span class='ocrx_word' id='word_1_130' title='bbox 1204 1597 1257 1646; x_wconf 92' lang='lat' dir='ltr'><strong>ni</strong></span> <span class='ocrx_word' id='word_1_131' title='bbox 1280 1595 1452 1657; x_wconf 83' lang='lat' dir='ltr'><strong>fallor,</strong></span> <span class='ocrx_word' id='word_1_132' title='bbox 1491 1595 1764 1659; x_wconf 80' lang='lat' dir='ltr'><strong>exemplar</strong></span> <span class='ocrx_word' id='word_1_133' title='bbox 1785 1596 2018 1646; x_wconf 89' lang='lat' dir='ltr'><strong>nondum</strong></span> <span class='ocrx_word' id='word_1_134' title='bbox 2050 1596 2260 1646; x_wconf 87' lang='lat' dir='ltr'><strong>Latinae</strong></span> <span class='ocrx_word' id='word_1_135' title='bbox 2283 1598 2431 1660; x_wconf 77' lang='lat' dir='ltr'><strong>po‘csi</strong></span> <span class='ocrx_word' id='word_1_136' title='bbox 2455 1609 2542 1646; x_wconf 88' lang='lat' dir='ltr'><strong>ac-</strong></span> 
     </span>
     <span class='ocr_line' id='line_1_15' title="bbox 390 1678 2540 1743; baseline 0.001 -15"><span class='ocrx_word' id='word_1_137' title='bbox 390 1679 810 1740; x_wconf 87' lang='lat' dir='ltr'><strong>commodatum,</strong></span> <span class='ocrx_word' id='word_1_138' title='bbox 863 1681 914 1728; x_wconf 91' lang='lat' dir='ltr'><strong>in</strong></span> <span class='ocrx_word' id='word_1_139' title='bbox 966 1678 1079 1729; x_wconf 87' lang='lat' dir='ltr'><strong>illas</strong></span> <span class='ocrx_word' id='word_1_140' title='bbox 1129 1680 1285 1743; x_wconf 87' lang='lat' dir='ltr'><strong>primi</strong></span> <span class='ocrx_word' id='word_1_141' title='bbox 1337 1682 1528 1730; x_wconf 87' lang='lat' dir='ltr'><strong>nautae</strong></span> <span class='ocrx_word' id='word_1_142' title='bbox 1563 1680 1843 1743; x_wconf 89' lang='lat' dir='ltr'><strong>omnisque</strong></span> <span class='ocrx_word' id='word_1_143' title='bbox 1884 1678 2186 1730; x_wconf 88' lang='lat' dir='ltr'><strong>mortalium</strong></span> <span class='ocrx_word' id='word_1_144' title='bbox 2227 1679 2540 1730; x_wconf 84' lang='lat' dir='ltr'><strong>temeritatis</strong></span> 
     </span>
     <span class='ocr_line' id='line_1_16' title="bbox 389 1762 2542 1828; baseline 0 -17"><span class='ocrx_word' id='word_1_145' title='bbox 389 1764 801 1822; x_wconf 77' lang='lat' dir='ltr'><strong>exsecrationes,</strong></span> <span class='ocrx_word' id='word_1_146' title='bbox 848 1762 1013 1825; x_wconf 85' lang='lat' dir='ltr'><strong>lyrico</strong></span> <span class='ocrx_word' id='word_1_147' title='bbox 1056 1765 1257 1827; x_wconf 86' lang='lat' dir='ltr'><strong>impetu</strong></span> <span class='ocrx_word' id='word_1_148' title='bbox 1298 1762 1577 1828; x_wconf 89' lang='lat' dir='ltr'><strong>abreptus,</strong></span> <span class='ocrx_word' id='word_1_149' title='bbox 1623 1763 1780 1813; x_wconf 91' lang='lat' dir='ltr'><strong>huius</strong></span> <span class='ocrx_word' id='word_1_150' title='bbox 1826 1766 2006 1813; x_wconf 90' lang='lat' dir='ltr'><strong>tamen</strong></span> <span class='ocrx_word' id='word_1_151' title='bbox 2057 1762 2278 1814; x_wconf 77' lang='lat' dir='ltr'><strong>affectus</strong></span> <span class='ocrx_word' id='word_1_152' title='bbox 2324 1776 2542 1828; x_wconf 87' lang='lat' dir='ltr'><strong>semper</strong></span> 
     </span>
     <span class='ocr_line' id='line_1_17' title="bbox 387 1847 2542 1912; baseline 0 -17"><span class='ocrx_word' id='word_1_153' title='bbox 387 1849 441 1894; x_wconf 88' lang='lat' dir='ltr'><strong>et</strong></span> <span class='ocrx_word' id='word_1_154' title='bbox 480 1859 721 1896; x_wconf 87' lang='lat' dir='ltr'><strong>summus</strong></span> <span class='ocrx_word' id='word_1_155' title='bbox 763 1847 947 1897; x_wconf 84' lang='lat' dir='ltr'><strong>artifex</strong></span> <span class='ocrx_word' id='word_1_156' title='bbox 989 1850 1043 1896; x_wconf 89' lang='lat' dir='ltr'><strong>et</strong></span> <span class='ocrx_word' id='word_1_157' title='bbox 1076 1847 1175 1898; x_wconf 89' lang='lat' dir='ltr'><strong>sibi</strong></span> <span class='ocrx_word' id='word_1_158' title='bbox 1219 1850 1466 1898; x_wconf 88' lang='lat' dir='ltr'><strong>constans</strong></span> <span class='ocrx_word' id='word_1_159' title='bbox 1499 1849 1695 1908; x_wconf 88' lang='lat' dir='ltr'><strong>rector,</strong></span> <span class='ocrx_word' id='word_1_160' title='bbox 1741 1847 2004 1912; x_wconf 76' lang='lat' dir='ltr'><strong>prorupit3</strong></span> <span class='ocrx_word' id='word_1_161' title='bbox 2060 1860 2231 1911; x_wconf 86' lang='lat' dir='ltr'><strong>eoque</strong></span> <span class='ocrx_word' id='word_1_162' title='bbox 2277 1847 2445 1911; x_wconf 83' lang='lat' dir='ltr'><strong>magis</strong></span> <span class='ocrx_word' id='word_1_163' title='bbox 2486 1848 2542 1897; x_wconf 91' lang='lat' dir='ltr'><strong>in</strong></span> 
     </span>
     <span class='ocr_line' id='line_1_18' title="bbox 386 1929 2539 1995; baseline 0.001 -17"><span class='ocrx_word' id='word_1_164' title='bbox 386 1931 548 1980; x_wconf 89' lang='lat' dir='ltr'><strong>maris</strong></span> <span class='ocrx_word' id='word_1_165' title='bbox 579 1929 827 1993; x_wconf 87' lang='lat' dir='ltr'><strong>periculis</strong></span> <span class='ocrx_word' id='word_1_166' title='bbox 861 1932 915 1981; x_wconf 90' lang='lat' dir='ltr'><strong>et</strong></span> <span class='ocrx_word' id='word_1_167' title='bbox 947 1930 1312 1981; x_wconf 86' lang='lat' dir='ltr'><strong>describendis</strong></span> <span class='ocrx_word' id='word_1_168' title='bbox 1346 1935 1401 1981; x_wconf 90' lang='lat' dir='ltr'><strong>et</strong></span> <span class='ocrx_word' id='word_1_169' title='bbox 1433 1930 1759 1982; x_wconf 85' lang='lat' dir='ltr'><strong>detestandis</strong></span> <span class='ocrx_word' id='word_1_170' title='bbox 1793 1931 2103 1981; x_wconf 87' lang='lat' dir='ltr'><strong>immoratus</strong></span> <span class='ocrx_word' id='word_1_171' title='bbox 2139 1933 2248 1992; x_wconf 89' lang='lat' dir='ltr'><strong>est,</strong></span> <span class='ocrx_word' id='word_1_172' title='bbox 2285 1931 2430 1995; x_wconf 92' lang='lat' dir='ltr'><strong>quod</strong></span> <span class='ocrx_word' id='word_1_173' title='bbox 2471 1930 2539 1981; x_wconf 91' lang='lat' dir='ltr'><strong>de</strong></span> 
     </span>
     <span class='ocr_line' id='line_1_19' title="bbox 387 2014 2538 2079; baseline 0.002 -17"><span class='ocrx_word' id='word_1_174' title='bbox 387 2014 584 2074; x_wconf 87' lang='lat' dir='ltr'><strong>amico,</strong></span> <span class='ocrx_word' id='word_1_175' title='bbox 620 2027 784 2077; x_wconf 88' lang='lat' dir='ltr'><strong>quem</strong></span> <span class='ocrx_word' id='word_1_176' title='bbox 815 2027 1087 2077; x_wconf 88' lang='lat' dir='ltr'><strong>nunquam</strong></span> <span class='ocrx_word' id='word_1_177' title='bbox 1121 2018 1305 2079; x_wconf 87' lang='lat' dir='ltr'><strong>postea</strong></span> <span class='ocrx_word' id='word_1_178' title='bbox 1339 2014 1492 2075; x_wconf 82' lang='lat' dir='ltr'><strong>vidit,</strong></span> <span class='ocrx_word' id='word_1_179' title='bbox 1531 2015 1575 2064; x_wconf 90' lang='lat' dir='ltr'><strong>si</strong></span> <span class='ocrx_word' id='word_1_180' title='bbox 1611 2028 1715 2065; x_wconf 90' lang='lat' dir='ltr'><strong>non</strong></span> <span class='ocrx_word' id='word_1_181' title='bbox 1749 2016 2064 2077; x_wconf 82' lang='lat' dir='ltr'><strong>aegrotanti,</strong></span> <span class='ocrx_word' id='word_1_182' title='bbox 2102 2018 2156 2065; x_wconf 91' lang='lat' dir='ltr'><strong>at</strong></span> <span class='ocrx_word' id='word_1_183' title='bbox 2188 2014 2377 2066; x_wconf 90' lang='lat' dir='ltr'><strong>saltem</strong></span> <span class='ocrx_word' id='word_1_184' title='bbox 2411 2015 2538 2066; x_wconf 82' lang='lat' dir='ltr'><strong>viri-</strong></span> 
     </span>
     <span class='ocr_line' id='line_1_20' title="bbox 386 2096 2403 2163; baseline 0.002 -17"><span class='ocrx_word' id='word_1_185' title='bbox 386 2097 488 2148; x_wconf 88' lang='lat' dir='ltr'><strong>bus</strong></span> <span class='ocrx_word' id='word_1_186' title='bbox 522 2099 626 2147; x_wconf 88' lang='lat' dir='ltr'><strong>iam</strong></span> <span class='ocrx_word' id='word_1_187' title='bbox 660 2098 949 2148; x_wconf 89' lang='lat' dir='ltr'><strong>imminutis</strong></span> <span class='ocrx_word' id='word_1_188' title='bbox 980 2096 1263 2160; x_wconf 84' lang='lat' dir='ltr'><strong>languenti,</strong></span> <span class='ocrx_word' id='word_1_189' title='bbox 1303 2098 1539 2148; x_wconf 88' lang='lat' dir='ltr'><strong>timebat.</strong></span> <span class='ocrx_word' id='word_1_190' title='bbox 1613 2098 1734 2162; x_wconf 78' lang='lat' dir='ltr'><strong>(Cir.</strong></span> <span class='ocrx_word' id='word_1_191' title='bbox 1772 2100 1959 2150; x_wconf 89' lang='lat' dir='ltr'><strong>Donati</strong></span> <span class='ocrx_word' id='word_1_192' title='bbox 1992 2099 2054 2149; x_wconf 86' lang='lat' dir='ltr'><strong>V.</strong></span> <span class='ocrx_word' id='word_1_193' title='bbox 2091 2098 2263 2163; x_wconf 80' lang='lat' dir='ltr'><strong>virgil.</strong></span> <span class='ocrx_word' id='word_1_194' title='bbox 2303 2099 2403 2162; x_wconf 90' lang='grc'><strong>43.)</strong></span> 
     </span>
    </p>
   </div>
   <div class='ocr_carea' id='block_1_3' title="bbox 1319 2317 1610 2326">
    <p class='ocr_par' dir='ltr' id='par_1_3' title="bbox 1319 2317 1610 2326">
     <span class='ocr_line' id='line_1_21' title="bbox 1319 2317 1610 2326; baseline 0.003 -1"><span class='ocrx_word' id='word_1_195' title='bbox 1319 2317 1610 2326; x_wconf 75' lang='grc'><strong>---.</strong></span> 
     </span>
    </p>
   </div>
   <div class='ocr_carea' id='block_1_4' title="bbox 990 2502 1919 2703">
    <p class='ocr_par' dir='ltr' id='par_1_4' title="bbox 990 2502 1919 2703">
     <span class='ocr_line' id='line_1_22' title="bbox 990 2502 1919 2563; baseline -0.002 -2"><span class='ocrx_word' id='word_1_196' title='bbox 990 2502 1720 2563; x_wconf 72' lang='lat' dir='ltr'><strong>Excnnsus</strong></span> <span class='ocrx_word' id='word_1_197' title='bbox 1796 2503 1919 2559; x_wconf 84' lang='lat'>111.</span> 
     </span>
     <span class='ocr_line' id='line_1_23' title="bbox 1185 2652 1720 2703; baseline -0.004 0"><span class='ocrx_word' id='word_1_198' title='bbox 1185 2652 1720 2703; x_wconf 76' lang='lat' dir='ltr'><strong>An0d.111.v.⁴8.</strong></span> 
     </span>
    </p>
   </div>
   <div class='ocr_carea' id='block_1_5' title="bbox 379 2798 2544 4040">
    <p class='ocr_par' dir='ltr' id='par_1_5' title="bbox 379 2798 2544 4040">
     <span class='ocr_line' id='line_1_24' title="bbox 482 2798 2541 2867; baseline -0.001 -14"><span class='ocrx_word' id='word_1_199' title='bbox 482 2804 578 2865; x_wconf 71' lang='lat' dir='ltr'><strong>Qui</strong></span> <span class='ocrx_word' id='word_1_200' title='bbox 611 2804 752 2853; x_wconf 76' lang='lat' dir='ltr'><strong>siccis</strong></span> <span class='ocrx_word' id='word_1_201' title='bbox 781 2803 950 2867; x_wconf 71' lang='lat' dir='ltr'><strong>oculis]</strong></span> <span class='ocrx_word' id='word_1_202' title='bbox 988 2803 1123 2855; x_wconf 90' lang='lat' dir='ltr'><strong>Cum</strong></span> <span class='ocrx_word' id='word_1_203' title='bbox 1156 2815 1372 2867; x_wconf 87' lang='lat' dir='ltr'><strong>semper</strong></span> <span class='ocrx_word' id='word_1_204' title='bbox 1406 2802 1738 2866; x_wconf 87' lang='lat' dir='ltr'><strong>reperiantur</strong></span> <span class='ocrx_word' id='word_1_205' title='bbox 1755 2839 1767 2863; x_wconf 92' lang='lat'><strong>,</strong></span> <span class='ocrx_word' id='word_1_206' title='bbox 1805 2802 1896 2863; x_wconf 90' lang='lat' dir='ltr'><strong>qui</strong></span> <span class='ocrx_word' id='word_1_207' title='bbox 1928 2800 1982 2850; x_wconf 89' lang='lat' dir='ltr'><strong>in</strong></span> <span class='ocrx_word' id='word_1_208' title='bbox 2016 2798 2404 2864; x_wconf 88' lang='lat' dir='ltr'><strong>simplicissimo</strong></span> <span class='ocrx_word' id='word_1_209' title='bbox 2437 2800 2541 2850; x_wconf 90' lang='lat' dir='ltr'><strong>hoc</strong></span> 
     </span>
     <span class='ocr_line' id='line_1_25' title="bbox 384 2884 2539 2953; baseline -0.002 -16"><span class='ocrx_word' id='word_1_210' title='bbox 384 2884 624 2953; x_wconf 61' lang='grc' dir='ltr'><em>ἐπώέτῳ</em></span> <span class='ocrx_word' id='word_1_211' title='bbox 663 2888 945 2949; x_wconf 85' lang='lat' dir='ltr'><strong>haereant,</strong></span> <span class='ocrx_word' id='word_1_212' title='bbox 1000 2886 1457 2950; x_wconf 88' lang='lat' dir='ltr'><strong>quemadmodum</strong></span> <span class='ocrx_word' id='word_1_213' title='bbox 1506 2884 1789 2936; x_wconf 88' lang='lat' dir='ltr'><strong>Paldamus</strong></span> <span class='ocrx_word' id='word_1_214' title='bbox 1843 2897 2014 2949; x_wconf 88' lang='lat' dir='ltr'><strong>nuper</strong></span> <span class='ocrx_word' id='word_1_215' title='bbox 2053 2884 2248 2933; x_wconf 78' lang='lat' dir='ltr'><strong>invictis</strong></span> <span class='ocrx_word' id='word_1_216' title='bbox 2297 2885 2539 2945; x_wconf 88' lang='lat' dir='ltr'><strong>coniecit,</strong></span> 
     </span>
     <span class='ocr_line' id='line_1_26' title="bbox 385 2968 2544 3033; baseline -0.001 -13"><span class='ocrx_word' id='word_1_217' title='bbox 385 2970 613 3033; x_wconf 84' lang='lat' dir='ltr'><strong>agedum</strong></span> <span class='ocrx_word' id='word_1_218' title='bbox 649 2971 907 3022; x_wconf 88' lang='lat' dir='ltr'><strong>addamus</strong></span> <span class='ocrx_word' id='word_1_219' title='bbox 940 2974 1050 3021; x_wconf 88' lang='lat' dir='ltr'><strong>tres</strong></span> <span class='ocrx_word' id='word_1_220' title='bbox 1084 2970 1229 3021; x_wconf 89' lang='lat' dir='ltr'><strong>locos</strong></span> <span class='ocrx_word' id='word_1_221' title='bbox 1265 2969 1331 3021; x_wconf 90' lang='lat' dir='ltr'><strong>de</strong></span> <span class='ocrx_word' id='word_1_222' title='bbox 1368 2970 1596 3020; x_wconf 85' lang='lat' dir='ltr'><strong>lacrimis</strong></span> <span class='ocrx_word' id='word_1_223' title='bbox 1632 2968 1700 3019; x_wconf 89' lang='lat' dir='ltr'><strong>ab</strong></span> <span class='ocrx_word' id='word_1_224' title='bbox 1737 2969 1963 3032; x_wconf 90' lang='lat' dir='ltr'><strong>antiquis</strong></span> <span class='ocrx_word' id='word_1_225' title='bbox 1988 2969 2268 3032; x_wconf 80' lang='lat' dir='ltr'><strong>copiosiuS,</strong></span> <span class='ocrx_word' id='word_1_226' title='bbox 2306 2969 2365 3018; x_wconf 89' lang='lat' dir='ltr'><strong>ut</strong></span> <span class='ocrx_word' id='word_1_227' title='bbox 2395 2968 2544 3018; x_wconf 85' lang='lat' dir='ltr'><strong>vide-</strong></span> 
     </span>
     <span class='ocr_line' id='line_1_27' title="bbox 385 3050 2543 3119; baseline -0.001 -15"><span class='ocrx_word' id='word_1_228' title='bbox 385 3057 495 3115; x_wconf 85' lang='lat' dir='ltr'><strong>tur,</strong></span> <span class='ocrx_word' id='word_1_229' title='bbox 534 3068 697 3117; x_wconf 90' lang='lat' dir='ltr'><strong>quam</strong></span> <span class='ocrx_word' id='word_1_230' title='bbox 732 3069 761 3104; x_wconf 94' lang='lat' dir='ltr'><strong>a</strong></span> <span class='ocrx_word' id='word_1_231' title='bbox 797 3055 950 3106; x_wconf 89' lang='lat' dir='ltr'><strong>nobis</strong></span> <span class='ocrx_word' id='word_1_232' title='bbox 984 3054 1183 3105; x_wconf 84' lang='lat' dir='ltr'><strong>effundi</strong></span> <span class='ocrx_word' id='word_1_233' title='bbox 1217 3055 1397 3106; x_wconf 88' lang='lat' dir='ltr'><strong>solitis.</strong></span> <span class='ocrx_word' id='word_1_234' title='bbox 1443 3055 1622 3118; x_wconf 89' lang='lat' dir='ltr'><strong>Eurip.</strong></span> <span class='ocrx_word' id='word_1_235' title='bbox 1661 3053 1842 3105; x_wconf 84' lang='lat' dir='ltr'><strong>Helen.</strong></span> <span class='ocrx_word' id='word_1_236' title='bbox 1881 3053 2004 3103; x_wconf 78' lang='lat'>950:</span> <span class='ocrx_word' id='word_1_237' title='bbox 2042 3052 2246 3103; x_wconf 77' lang='grc' dir='ltr'><strong><em>Καίτοι</em></strong></span> <span class='ocrx_word' id='word_1_238' title='bbox 2277 3050 2543 3119; x_wconf 79' lang='grc' dir='ltr'><strong><em>λέγουσιν</em></strong></span> 
     </span>
     <span class='ocr_line' id='line_1_28' title="bbox 385 3130 2544 3209; baseline 0 -24"><span class='ocrx_word' id='word_1_239' title='bbox 385 3131 465 3199; x_wconf 81' lang='grc' dir='ltr'><strong>ὠς</strong></span> <span class='ocrx_word' id='word_1_240' title='bbox 497 3135 639 3209; x_wconf 77' lang='grc' dir='ltr'><strong><em>πρὸς</em></strong></span> <span class='ocrx_word' id='word_1_241' title='bbox 671 3132 881 3209; x_wconf 76' lang='grc' dir='ltr'><em>ἀνδρὸς</em></span> <span class='ocrx_word' id='word_1_242' title='bbox 914 3132 1183 3206; x_wconf 74' lang='grc' dir='ltr'><em>εὐγενοῦς</em></span> <span class='ocrx_word' id='word_1_243' title='bbox 1211 3132 1312 3188; x_wconf 80' lang='grc' dir='ltr'><strong>Ἔν</strong></span> <span class='ocrx_word' id='word_1_244' title='bbox 1344 3133 1702 3209; x_wconf 76' lang='grc' dir='ltr'><strong><em>ξυμφοραῖσι</em></strong></span> <span class='ocrx_word' id='word_1_245' title='bbox 1734 3133 1927 3207; x_wconf 79' lang='grc' dir='ltr'><em>δάκρυ’</em></span> <span class='ocrx_word' id='word_1_246' title='bbox 1960 3130 2058 3187; x_wconf 71' lang='grc' dir='ltr'><strong>ἀπ’</strong></span> <span class='ocrx_word' id='word_1_247' title='bbox 2095 3131 2418 3201; x_wconf 76' lang='grc' dir='ltr'><em>ὀφθαλμῶν</em></span> <span class='ocrx_word' id='word_1_248' title='bbox 2438 3135 2544 3197; x_wconf 52' lang='grc' dir='ltr'><strong>βα*</strong></span> 
     </span>
     <span class='ocr_line' id='line_1_29' title="bbox 386 3218 2541 3285; baseline 0.001 -17"><span class='ocrx_word' id='word_1_249' title='bbox 386 3218 518 3271; x_wconf 80' lang='grc' dir='ltr'><strong><em>λεῖν.</em></strong></span> <span class='ocrx_word' id='word_1_250' title='bbox 590 3222 789 3273; x_wconf 85' lang='lat' dir='ltr'><strong>Caesar</strong></span> <span class='ocrx_word' id='word_1_251' title='bbox 821 3224 877 3272; x_wconf 91' lang='lat' dir='ltr'><strong>B</strong></span> <span class='ocrx_word' id='word_1_252' title='bbox 915 3225 973 3272; x_wconf 86' lang='lat' dir='ltr'><strong>G.</strong></span> <span class='ocrx_word' id='word_1_253' title='bbox 1010 3224 1059 3284; x_wconf 86' lang='grc'><strong>4,</strong></span> <span class='ocrx_word' id='word_1_254' title='bbox 1097 3223 1178 3273; x_wconf 87' lang='grc'><strong>39.</strong></span> <span class='ocrx_word' id='word_1_255' title='bbox 1218 3223 1285 3273; x_wconf 90' lang='lat' dir='ltr'><strong>de</strong></span> <span class='ocrx_word' id='word_1_256' title='bbox 1321 3224 1431 3273; x_wconf 88' lang='lat' dir='ltr'><strong>suis</strong></span> <span class='ocrx_word' id='word_1_257' title='bbox 1465 3221 1717 3272; x_wconf 89' lang='lat' dir='ltr'><strong>militibus</strong></span> <span class='ocrx_word' id='word_1_258' title='bbox 1749 3234 2001 3283; x_wconf 87' lang='lat' dir='ltr'><strong>rumore,</strong></span> <span class='ocrx_word' id='word_1_259' title='bbox 2047 3235 2211 3285; x_wconf 88' lang='lat' dir='ltr'><strong>quem</strong></span> <span class='ocrx_word' id='word_1_260' title='bbox 2254 3219 2321 3270; x_wconf 90' lang='lat' dir='ltr'><strong>de</strong></span> <span class='ocrx_word' id='word_1_261' title='bbox 2363 3221 2541 3270; x_wconf 87' lang='lat' dir='ltr'><strong>incre-</strong></span> 
     </span>
     <span class='ocr_line' id='line_1_30' title="bbox 386 3304 2541 3372; baseline -0 -18"><span class='ocrx_word' id='word_1_262' title='bbox 386 3304 528 3355; x_wconf 89' lang='lat' dir='ltr'><strong>dibili</strong></span> <span class='ocrx_word' id='word_1_263' title='bbox 563 3309 948 3357; x_wconf 86' lang='lat' dir='ltr'><strong>Germanorum</strong></span> <span class='ocrx_word' id='word_1_264' title='bbox 979 3308 1171 3358; x_wconf 86' lang='lat' dir='ltr'><strong>virtute</strong></span> <span class='ocrx_word' id='word_1_265' title='bbox 1207 3309 1552 3372; x_wconf 86' lang='lat' dir='ltr'><strong>acceperant,</strong></span> <span class='ocrx_word' id='word_1_266' title='bbox 1597 3306 1808 3371; x_wconf 86' lang='lat' dir='ltr'><strong>penitus</strong></span> <span class='ocrx_word' id='word_1_267' title='bbox 1849 3304 2266 3370; x_wconf 82' lang='lat' dir='ltr'><strong>perterrefactis:</strong></span> <span class='ocrx_word' id='word_1_268' title='bbox 2313 3304 2541 3354; x_wconf 74' lang='lat' dir='ltr'><strong>nonnulli</strong></span> 
     </span>
     <span class='ocr_line' id='line_1_31' title="bbox 379 3388 2542 3454; baseline -0 -14"><span class='ocrx_word' id='word_1_269' title='bbox 379 3391 573 3451; x_wconf 75' lang='lat' dir='ltr'><strong>pudore</strong></span> <span class='ocrx_word' id='word_1_270' title='bbox 621 3392 848 3452; x_wconf 77' lang='lat' dir='ltr'><strong>adducti,</strong></span> <span class='ocrx_word' id='word_1_271' title='bbox 899 3391 1857 3454; x_wconf 63' lang='lat' dir='ltr'><strong>uctimommaspicionomvitarm,</strong></span> <span class='ocrx_word' id='word_1_272' title='bbox 1901 3389 2248 3449; x_wconf 70' lang='lat' dir='ltr'><strong>remanebant;</strong></span> <span class='ocrx_word' id='word_1_273' title='bbox 2291 3388 2542 3450; x_wconf 70' lang='lat' dir='ltr'><strong>hincque</strong></span> 
     </span>
     <span class='ocr_line' id='line_1_32' title="bbox 381 3471 2536 3538; baseline 0 -17"><span class='ocrx_word' id='word_1_274' title='bbox 381 3474 569 3522; x_wconf 76' lang='lat' dir='ltr'><strong>voltum</strong></span> <span class='ocrx_word' id='word_1_275' title='bbox 608 3475 796 3538; x_wconf 64' lang='lat' dir='ltr'><strong>tingere</strong></span> <span class='ocrx_word' id='word_1_276' title='bbox 832 3486 990 3537; x_wconf 71' lang='lat' dir='ltr'><strong>neque</strong></span> <span class='ocrx_word' id='word_1_277' title='bbox 1028 3476 1277 3524; x_wconf 73' lang='lat' dir='ltr'><strong>interdum</strong></span> <span class='ocrx_word' id='word_1_278' title='bbox 1321 3475 1560 3524; x_wconf 75' lang='lat' dir='ltr'><strong>lacrimas</strong></span> <span class='ocrx_word' id='word_1_279' title='bbox 1599 3478 1764 3524; x_wconf 78' lang='lat' dir='ltr'><strong>tenere</strong></span> <span class='ocrx_word' id='word_1_280' title='bbox 1799 3479 2048 3536; x_wconf 76' lang='lat' dir='ltr'><strong>poterant.</strong></span> <span class='ocrx_word' id='word_1_281' title='bbox 2117 3471 2264 3522; x_wconf 85' lang='lat' dir='ltr'><strong>ovid.</strong></span> <span class='ocrx_word' id='word_1_282' title='bbox 2313 3473 2449 3522; x_wconf 89' lang='lat' dir='ltr'><strong>Fast.</strong></span> <span class='ocrx_word' id='word_1_283' title='bbox 2486 3471 2536 3533; x_wconf 87' lang='lat'><strong>3,</strong></span> 
     </span>
     <span class='ocr_line' id='line_1_33' title="bbox 384 3555 2540 3620; baseline -0.001 -14"><span class='ocrx_word' id='word_1_284' title='bbox 384 3556 508 3606; x_wconf 76' lang='lat'>595:</span> <span class='ocrx_word' id='word_1_285' title='bbox 562 3557 788 3607; x_wconf 74' lang='lat' dir='ltr'><strong>Iactatur</strong></span> <span class='ocrx_word' id='word_1_286' title='bbox 836 3559 1051 3608; x_wconf 75' lang='lat' dir='ltr'><strong>ewnidas</strong></span> <span class='ocrx_word' id='word_1_287' title='bbox 1098 3559 1245 3608; x_wconf 69' lang='lat' dir='ltr'><strong>exsta</strong></span> <span class='ocrx_word' id='word_1_288' title='bbox 1290 3559 1551 3609; x_wconf 76' lang='lat' dir='ltr'><strong>Phoenissa</strong></span> <span class='ocrx_word' id='word_1_289' title='bbox 1583 3571 1681 3620; x_wconf 78' lang='lat' dir='ltr'><strong>per</strong></span> <span class='ocrx_word' id='word_1_290' title='bbox 1719 3560 1907 3620; x_wconf 66' lang='lat' dir='ltr'><strong>audax,</strong></span> <span class='ocrx_word' id='word_1_291' title='bbox 1960 3558 2272 3619; x_wconf 77' lang='lat' dir='ltr'><strong>Humidaque</strong></span> <span class='ocrx_word' id='word_1_292' title='bbox 2313 3555 2540 3618; x_wconf 78' lang='lat' dir='ltr'><strong>opposita</strong></span> 
     </span>
     <span class='ocr_line' id='line_1_34' title="bbox 384 3638 2540 3705; baseline -0 -16"><span class='ocrx_word' id='word_1_293' title='bbox 384 3641 575 3690; x_wconf 73' lang='lat' dir='ltr'><strong>lumina</strong></span> <span class='ocrx_word' id='word_1_294' title='bbox 604 3646 736 3691; x_wconf 79' lang='lat' dir='ltr'><strong>veste</strong></span> <span class='ocrx_word' id='word_1_295' title='bbox 766 3643 900 3705; x_wconf 64' lang='lat' dir='ltr'><strong>tepit.</strong></span> <span class='ocrx_word' id='word_1_296' title='bbox 941 3670 996 3678; x_wconf 95' lang='lat'>—</span> <span class='ocrx_word' id='word_1_297' title='bbox 1036 3641 1133 3704; x_wconf 83' lang='lat' dir='ltr'><strong>(Ad</strong></span> <span class='ocrx_word' id='word_1_298' title='bbox 1164 3655 1216 3692; x_wconf 89' lang='lat' dir='ltr'><strong>v.</strong></span> <span class='ocrx_word' id='word_1_299' title='bbox 1252 3643 1393 3692; x_wconf 79' lang='lat' dir='ltr'><strong>siccis</strong></span> <span class='ocrx_word' id='word_1_300' title='bbox 1424 3644 1598 3705; x_wconf 82' lang='lat' dir='ltr'><strong>Unger</strong></span> <span class='ocrx_word' id='word_1_301' title='bbox 1630 3643 1684 3692; x_wconf 89' lang='lat' dir='ltr'><strong>in</strong></span> <span class='ocrx_word' id='word_1_302' title='bbox 1716 3640 1881 3692; x_wconf 88' lang='lat' dir='ltr'><strong>Theb.</strong></span> <span class='ocrx_word' id='word_1_303' title='bbox 1918 3640 2104 3691; x_wconf 87' lang='lat' dir='ltr'><strong>Parad.</strong></span> <span class='ocrx_word' id='word_1_304' title='bbox 2141 3653 2194 3704; x_wconf 91' lang='lat' dir='ltr'><strong>p.</strong></span> <span class='ocrx_word' id='word_1_305' title='bbox 2220 3638 2341 3689; x_wconf 83' lang='lat'><strong>370:</strong></span> <span class='ocrx_word' id='word_1_306' title='bbox 2380 3638 2540 3702; x_wconf 83' lang='lat' dir='ltr'><strong>aptis-</strong></span> 
     </span>
     <span class='ocr_line' id='line_1_35' title="bbox 385 3722 2539 3777; baseline -0.002 -2"><span class='ocrx_word' id='word_1_307' title='bbox 385 3726 517 3775; x_wconf 89' lang='lat' dir='ltr'><strong>sime</strong></span> <span class='ocrx_word' id='word_1_308' title='bbox 553 3725 706 3776; x_wconf 80' lang='lat' dir='ltr'><strong>affert</strong></span> <span class='ocrx_word' id='word_1_309' title='bbox 735 3728 878 3776; x_wconf 90' lang='lat' dir='ltr'><strong>hunc</strong></span> <span class='ocrx_word' id='word_1_310' title='bbox 910 3725 1088 3777; x_wconf 87' lang='lat' dir='ltr'><strong>locum</strong></span> <span class='ocrx_word' id='word_1_311' title='bbox 1122 3727 1355 3777; x_wconf 85' lang='lat' dir='ltr'><strong>Senecae</strong></span> <span class='ocrx_word' id='word_1_312' title='bbox 1390 3727 1544 3777; x_wconf 85' lang='lat' dir='ltr'><strong>Herc.</strong></span> <span class='ocrx_word' id='word_1_313' title='bbox 1590 3727 1704 3777; x_wconf 88' lang='lat' dir='ltr'><strong>Oet.</strong></span> <span class='ocrx_word' id='word_1_314' title='bbox 1743 3725 1897 3776; x_wconf 74' lang='lat'>⁴266:</span> <span class='ocrx_word' id='word_1_315' title='bbox 1967 3725 2183 3774; x_wconf 80' lang='lat' dir='ltr'><strong>Invictus</strong></span> <span class='ocrx_word' id='word_1_316' title='bbox 2223 3723 2340 3772; x_wconf 83' lang='lat' dir='ltr'><strong>olim</strong></span> <span class='ocrx_word' id='word_1_317' title='bbox 2376 3722 2539 3772; x_wconf 76' lang='lat' dir='ltr'><strong>voltus</strong></span> 
     </span>
     <span class='ocr_line' id='line_1_36' title="bbox 386 3806 2537 3873; baseline -0.002 -14"><span class='ocrx_word' id='word_1_318' title='bbox 386 3814 433 3859; x_wconf 78' lang='lat' dir='ltr'><strong>et</strong></span> <span class='ocrx_word' id='word_1_319' title='bbox 462 3824 721 3872; x_wconf 73' lang='lat' dir='ltr'><strong>nunquam</strong></span> <span class='ocrx_word' id='word_1_320' title='bbox 749 3811 898 3861; x_wconf 66' lang='lat' dir='ltr'><strong>malis</strong></span> <span class='ocrx_word' id='word_1_321' title='bbox 928 3811 1190 3861; x_wconf 76' lang='lat' dir='ltr'><strong>Lacrimas</strong></span> <span class='ocrx_word' id='word_1_322' title='bbox 1220 3811 1322 3860; x_wconf 76' lang='lat' dir='ltr'><strong>suis</strong></span> <span class='ocrx_word' id='word_1_323' title='bbox 1347 3810 1589 3873; x_wconf 79' lang='lat' dir='ltr'><strong>praebere</strong></span> <span class='ocrx_word' id='word_1_324' title='bbox 1623 3813 1879 3860; x_wconf 75' lang='lat' dir='ltr'><strong>consuetus</strong></span> <span class='ocrx_word' id='word_1_325' title='bbox 1905 3835 1958 3843; x_wconf 92' lang='lat'><strong>—</strong></span> <span class='ocrx_word' id='word_1_326' title='bbox 1977 3808 2159 3870; x_wconf 80' lang='lat' dir='ltr'><strong>pudet!</strong></span> <span class='ocrx_word' id='word_1_327' title='bbox 2196 3833 2251 3843; x_wconf 93' lang='lat'>—</span> <span class='ocrx_word' id='word_1_328' title='bbox 2286 3806 2396 3856; x_wconf 86' lang='lat' dir='ltr'><strong>Iam</strong></span> <span class='ocrx_word' id='word_1_329' title='bbox 2414 3808 2537 3872; x_wconf 76' lang='lat' dir='ltr'><strong>flere</strong></span> 
     </span>
     <span class='ocr_line' id='line_1_37' title="bbox 389 3888 2535 3959; baseline 0 -17"><span class='ocrx_word' id='word_1_330' title='bbox 389 3894 572 3943; x_wconf 75' lang='lat' dir='ltr'><strong>didicit.</strong></span> <span class='ocrx_word' id='word_1_331' title='bbox 643 3895 763 3957; x_wconf 77' lang='lat' dir='ltr'><strong>Quis</strong></span> <span class='ocrx_word' id='word_1_332' title='bbox 794 3895 897 3944; x_wconf 74' lang='lat' dir='ltr'><strong>dies</strong></span> <span class='ocrx_word' id='word_1_333' title='bbox 924 3896 1097 3959; x_wconf 67' lang='grc' dir='ltr'><strong>μεεωηι</strong></span> <span class='ocrx_word' id='word_1_334' title='bbox 1127 3895 1375 3955; x_wconf 80' lang='lat' dir='ltr'><strong>Herculis,</strong></span> <span class='ocrx_word' id='word_1_335' title='bbox 1424 3888 1743 3956; x_wconf 67' lang='lat' dir='ltr'><strong>Quao‘ma</strong></span> <span class='ocrx_word' id='word_1_336' title='bbox 1781 3890 1941 3942; x_wconf 75' lang='lat' dir='ltr'><strong>vidit?</strong></span> <span class='ocrx_word' id='word_1_337' title='bbox 2005 3891 2215 3941; x_wconf 75' lang='lat' dir='ltr'><strong>Siccus</strong></span> <span class='ocrx_word' id='word_1_338' title='bbox 2265 3903 2535 3942; x_wconf 65' lang='lat' dir='ltr'><strong>conannas</strong></span> 
     </span>
     <span class='ocr_line' id='line_1_38' title="bbox 386 3977 744 4040; baseline 0.003 -16"><span class='ocrx_word' id='word_1_339' title='bbox 386 3977 492 4025; x_wconf 74' lang='lat' dir='ltr'><strong>tali.</strong></span> <span class='ocrx_word' id='word_1_340' title='bbox 565 3978 744 4040; x_wconf 59' lang='lat' dir='ltr'><strong>Hau.)</strong></span> 
     </span>
    </p>
   </div>
   <div class='ocr_carea' id='block_1_6' title="bbox 1270 4207 1634 4232">
    <p class='ocr_par' dir='ltr' id='par_1_6' title="bbox 1270 4207 1634 4232">
     <span class='ocr_line' id='line_1_39' title="bbox 1270 4207 1634 4216; baseline 0 0"><span class='ocrx_word' id='word_1_341' title='bbox 1270 4207 1634 4216; x_wconf 79' lang='lat'>——-———</span> 
     </span>
     <span class='ocr_line' id='line_1_40' title="bbox 1270 4222 1632 4232; baseline -0.003 -2"><span class='ocrx_word' id='word_1_342' title='bbox 1270 4222 1632 4232; x_wconf 72' lang='lat'>—————————</span> 
     </span>
    </p>
   </div>
   <div class='ocr_carea' id='block_1_7' title="bbox 558 4424 2191 4471">
    <p class='ocr_par' dir='ltr' id='par_1_7' title="bbox 558 4424 2191 4471">
     <span class='ocr_line' id='line_1_41' title="bbox 558 4424 2191 4471; baseline 0.005 -4"><span class='ocrx_word' id='word_1_343' title='bbox 558 4424 734 4471; x_wconf 70' lang='lat' dir='ltr'><strong>Hoan.</strong></span> <span class='ocrx_word' id='word_1_344' title='bbox 770 4437 879 4471; x_wconf 76' lang='lat' dir='ltr'><strong>vot..</strong></span> <span class='ocrx_word' id='word_1_345' title='bbox 912 4425 941 4470; x_wconf 92' lang='lat' dir='ltr'><strong>l.</strong></span> <span class='ocrx_word' id='word_1_346' title='bbox 1003 4436 1078 4470; x_wconf 73' lang='lat' dir='ltr'><strong>tu.</strong></span> <span class='ocrx_word' id='word_1_347' title='bbox 1111 4435 1209 4471; x_wconf 75' lang='grc' dir='ltr'><strong>ιω.</strong></span> <span class='ocrx_word' id='word_1_348' title='bbox 1244 4424 1313 4471; x_wconf 87' lang='lat'>111.</span> <span class='ocrx_word' id='word_1_349' title='bbox 2165 4424 2191 4465; x_wconf 84' lang='grc'><strong>3</strong></span> 
     </span>
    </p>
   </div>
  </div>
 </body>
</html>
