3234 4975
1222 415 1339 463 Lm.
1380 416 1438 463 ll.
1511 418 1567 463 C.
1608 417 1690 464 Vl.

2485 417 2605 482 243

778 568 958 637 Unde
1006 570 1058 634 si
1106 571 1345 636 Parcae
1390 569 1733 657 prohibent
1777 571 2069 658 iniquae,

776 690 978 757 Dulce
1022 690 1254 778 pellitis
1298 690 1531 757 ovibus
1575 690 1832 758 Galaesi

2529 696 2609 760 40

778 810 1041 877 Flumen
1086 823 1149 878 et
1194 822 1457 899 regnata
1503 821 1718 900 petam
1763 815 1999 880 Laconi

1028 936 1200 1000 Rura
1246 932 1615 999 Phalantho,

776 1090 885 1157 llle
928 1102 1246 1157 terrarum
1294 1091 1445 1156 mihi
1489 1104 1749 1177 praeter
1791 1114 2017 1159 omnes

572 1282 649 1330 40.
689 1281 955 1330 Galaesum
988 1281 1171 1331 nescio
1206 1281 1325 1344 quis
1359 1279 1502 1343 apud
1538 1280 1696 1331 Henr.
1737 1282 2082 1346 Stephanum.
2126 1312 2178 1320 —
2229 1285 2306 1336 ⁴2.
2332 1287 2547 1337 Phalan-

505 1356 586 1405 tlto
618 1356 657 1405 T
692 1369 816 1405 cum
858 1355 1117 1405 Strabone
1163 1358 1217 1405 et
1260 1354 1549 1405 Pausania:
1601 1358 1844 1407 Phalanto
1890 1360 2054 1408 ceteri
2101 1359 2268 1409 Codd.
2308 1364 2362 1411 et
2411 1362 2538 1411 Edd.

504 1442 708 1480 omnes.
751 1458 805 1466 —
846 1430 924 1481 43.
969 1432 1129 1480 omnis
1158 1431 1214 1480 Τ.

504 1589 551 1637 7.
586 1588 815 1652 viarum]
853 1588 1139 1639 «ltinerum
1178 1588 1482 1639 militarium

439 1660 565 1712 olim
620 1665 687 1713 Μ.
744 1665 907 1713 Bruto
965 1663 1102 1713 duee
1159 1664 1480 1714 factorum.»

440 1738 568 1800 Epp.
599 1738 650 1797 4,
684 1738 1483 1799 tt‚6:odiomarisacquevia—

435 1825 569 1860 nnn.
622 1813 781 1861 Tacit.
820 1814 953 1861 Anu.
992 1813 1053 1873 2,
1102 1812 1189 1862 ⁴4:
1242 1814 1285 1861 si
1320 1815 1484 1861 taedio

434 1886 637 1934 υἱον-ιω»
663 1898 727 1935 ac
752 1887 913 1936 moris
939 1888 1089 1950 finem
1110 1886 1332 1948 cupiant.
1372 1888 1481 1936 lam

437 1959 631 2023 duplex
667 1973 786 2009 sese
830 1960 987 2010 offert
1027 1962 1378 2011 constructio:
1436 1962 1481 2023 4)

435 2036 566 2083 lasso
596 2036 782 2095 mark,
819 2037 879 2083 ut
912 2034 1050 2097 Virg.
1088 2039 1219 2085 Aen.
1260 2038 1314 2095 4,
1356 2036 1477 2085 ⁴78:

433 2109 549 2171 sessi
586 2122 775 2158 renam.
847 2110 974 2158 Stat.
1023 2109 1189 2159 Theb.
1238 2110 1297 2169 3,
1353 2110 1479 2159 395:

433 2184 616 2245 [eastun
648 2182 854 2243 bellique
886 2185 1112 2244 viaeque.
1155 2185 1201 2246 2)
1229 2183 1334 2232 Sed
1357 2196 1481 2234 cum

434 2257 501 2305 sit
544 2259 720 2306 modom
769 2258 846 2307 sic
896 2256 1139 2307 absolute
1190 2257 1291 2306 dici
1340 2258 1481 2308 haud

434 2331 590 2380 nimis
623 2330 860 2394 placeat,
914 2330 1161 2395 praefero
1196 2332 1479 2395 equidem:

432 2406 498 2453 sie
528 2406 883 2454 modusmaris
909 2407 1179 2454 etviarum
1209 2406 1358 2465 lasso,
1384 2407 1485 2457 sci-

434 2478 559 2530 licet
600 2481 791 2530 harum
838 2479 1204 2531 molestiarum
1244 2483 1406 2531 maris
1437 2487 1485 2532 et

430 2556 662 2614 vmm3
716 2555 897 2618 itaque
942 2555 1029 2604 hic
1071 2567 1286 2618 quoque
1333 2555 1482 2606 locus

434 2642 501 2679 ex
551 2629 612 2680 iis
663 2631 771 2688 est,
824 2628 915 2678 ubl
966 2642 1064 2692 per
1113 2631 1481 2679 attractionem

433 2702 628 2767 duplex
682 2702 861 2753 locum
917 2703 1081 2753 habet
1136 2706 1476 2754 constructio.

433 2779 511 2828 Sit
558 2779 733 2826 domm
782 2779 843 2827 Η.
897 2777 1211 2841 Perlkampll
1269 2777 1483 2842 languet

434 2854 557 2917 post
576 2865 661 2902 vv.
688 2855 766 2902 Sil
787 2854 936 2902 sodes.
987 2851 1165 2902 Simile
1190 2856 1273 2902 est
1293 2856 1480 2903 votum

434 2926 543 2977 Iulii
591 2925 844 2990 Polyaeni
894 2926 1103 2976 Anthol.
1154 2927 1258 2976 Pal.
1308 2928 1368 2977 11.
1420 2928 1477 2977 7:

434 2999 510 3050 Et
538 3003 639 3051 και
679 3015 783 3050 σευ
825 2996 1178 3064 πολύφωνος
1213 2996 1306 3051 ἀεὶ
1340 3003 1481 3066 πίμ-

436 3073 645 3141 πλησιν
690 3067 917 3137 α’κουὰς
949 3068 1029 3124 Ἢ
1067 3071 1262 3138 φόβος
1306 3071 1481 3135 εὐχο-

430 3151 619 3215 μένων
660 3144 702 3215 ἢ
743 3149 912 3220 χάρις
960 3144 1318 3214 εὐξαμένων,
1370 3147 1479 3201 Ζεῦ

432 3226 675 3295 Σχεριης
691 3224 922 3285 ἐφέπων
941 3220 1094 3293 ἱερὸν
1111 3222 1284 3276 πέδον
1298 3263 1311 3285 ,
1331 3218 1481 3274 ἀλλὰ

431 3301 532 3349 καὶ
554 3293 752 3365 ἡμέων
769 3297 953 3348 Κλῦθι
974 3299 1074 3348 καὶ
1096 3293 1350 3362 ἀψευδεῖ
1360 3296 1482 3351 νεῦ-

432 3389 542 3426 σον
576 3370 933 3445 ὑποσχεσίῃ,
964 3368 1113 3439 Ἤδη
1145 3389 1251 3439 μοι
1289 3371 1480 3440 ξεινίης

431 3444 579 3499 εἶναι
645 3450 854 3533 πέρας,
921 3448 985 3498 ἐν
1043 3446 1106 3499 δέ
1158 3463 1234 3513 με
1290 3446 1478 3519 πάτρῃ

431 3521 612 3573 Ζώειν
654 3537 768 3572 των
812 3520 1060 3582 δολιχῶν
1103 3519 1480 3588 παυσάμενον

430 3594 725 3662 καμάτων.

495 3672 544 3722 9.
602 3673 758 3735 Unde]
814 3673 905 3720 «Si
955 3670 1164 3721 Tiburis
1216 3671 1479 3736 refugium

432 3747 561 3798 mihi
596 3761 624 3796 a
662 3747 768 3797 sato
802 3746 1029 3796 adverso
1072 3749 1325 3809 negatum
1361 3748 1476 3806 erit,

432 3824 613 3885 petam
635 3821 973 3870 Tarentum.»
1036 3821 1168 3884 Epp.
1199 3822 1254 3881 4,
1291 3821 1347 3880 7,
1386 3821 1475 3872 44:

429 3895 553 3944 mihi
584 3895 689 3942 iam
722 3909 822 3943 non
853 3896 998 3958 reaia
1031 3896 1217 3955 Roma,
1254 3895 1353 3946 Sea
1381 3909 1479 3944 va-

427 3982 580 4018 cuum
629 3968 777 4016 Tibur
812 3969 979 4031 placet
1020 3973 1112 4018 mal
1153 3969 1344 4019 imbelle
1380 3970 1477 4019 Ta-

428 4047 642 4092 rentum.

497 4119 574 4166 40.
610 4117 819 4181 pellitis]
852 4119 1019 4168 Varro
1056 4119 1154 4168 RR.
1192 4117 1254 4178 2,
1292 4119 1350 4177 2,
1391 4118 1469 4168 48.

1558 1590 1647 1638 riri
1683 1586 1936 1652 pellibus,
1993 1602 2059 1641 ne
2103 1589 2250 1651 lana,
2305 1604 2443 1654 quae
2479 1607 2608 1657 pre-

1558 1664 1840 1713 tiosissima
1888 1667 2028 1725 erat,
2083 1666 2221 1715 aeris
2264 1666 2450 1717 iniuria
2486 1682 2608 1718 cor-

1557 1740 1897 1800 rumperetur
1963 1740 2054 1787 aut
2119 1738 2267 1789 rubis
2334 1742 2607 1805 spinisque

1556 1811 1786 1859 obnoxia
1821 1814 1980 1862 esset.
2021 1814 2214 1862 Contra
2247 1816 2437 1877 priscis
2469 1821 2609 1868 tem-

1556 1884 1804 1948 poribus:
1840 1886 1950 1935 Ibat
1983 1888 2088 1935 ovis
2119 1888 2244 1937 lana
2274 1904 2458 1951 corpus
2480 1894 2611 1941 ami-

1555 1964 1639 2007 cta
1687 1972 1797 2008 sua.
1870 1960 2017 2009 ovid.
2071 1962 2205 2011 Fast.
2265 1964 2322 2020 2,
2377 1966 2490 2014 298.
2551 1992 2606 2003 ——-

1556 2034 1782 2098 Galaesi]
1837 2035 1994 2083 hodie
2048 2037 2236 2086 Galaso
2285 2052 2457 2103 prope
2509 2043 2611 2090 Ta-

1556 2111 1789 2157 rentum.
1829 2110 1902 2157 Ex
1929 2109 2206 2172 frequente
2233 2111 2438 2162 Galaesi
2463 2128 2611 2165 com-

1555 2183 1941 2231 memoratione
1977 2184 2120 2247 apud
2149 2188 2338 2248 poetas
2362 2192 2604 2251 apparet,

1554 2258 1856 2318 regionem,
1913 2270 2076 2320 quam
2123 2260 2362 2322 perfluit,
2419 2275 2609 2311 amoe-

1556 2332 1833 2381 nissimam
1884 2331 2066 2381 misse.
2155 2334 2338 2395 «virg.
2395 2338 2488 2384 Ge.
2542 2335 2602 2395 4,

1558 2406 1678 2454 ⁴26:
1735 2407 1848 2465 Qua
1895 2405 2040 2468 πᾶσαν
2079 2406 2328 2455 huneelat
2365 2410 2606 2472 flaventia

1553 2479 1693 2528 culta
1742 2480 2010 2539 Galaesus;
2078 2482 2133 2530 et
2183 2481 2439 2532 Titurius:
2511 2484 2608 2532 Ta-

1552 2554 1868 2602 rentinorum
1899 2554 2160 2603 hortorum
2195 2557 2282 2617 qui
2312 2558 2447 2619 yet-is
2485 2560 2608 2606 odo-

1554 2641 1686 2676 res.»
1725 2629 1908 2676 Senot..
1950 2628 2107 2684 Cano.

1623 2702 1702 2750 44.
1739 2705 1959 2763 reynata
1979 2727 2008 2737 -
2029 2702 2243 2766 Laconi]
2280 2705 2501 2754 Prorsus
2530 2709 2608 2755 sic

1552 2776 1694 2836 Virg.
1747 2777 1878 2823 Aen.
1932 2775 1988 2836 6,
2059 2775 2180 2825 794:
2249 2783 2466 2840 reynata
2513 2793 2609 2840 per

1553 2862 1686 2897 arva
1719 2849 1957 2898 Saturna.
2033 2850 2182 2899 ovid.
2222 2852 2344 2901 Her.
2385 2853 2474 2912 40,
2512 2855 2600 2903 69:

1553 2924 1696 2972 tellus
1717 2923 1845 2972 iusto
1872 2929 2090 2986 requam
2114 2927 2345 2986 par-emh
2385 2924 2605 2977 ulterius

1554 3000 1718 3048 etiam
1775 3000 2077 3062 procedens
2137 3000 2299 3049 Tacit.
2356 3002 2486 3050 Hist.
2544 3003 2565 3050 4
2588 3042 2599 3060 ,

1556 3072 1645 3122 ⁴6:
1688 3073 1942 3136 gentibus,
1980 3087 2109 3134 quae
2141 3081 2437 3138 regnantur.

1622 3148 1701 3197 ⁴2.
1737 3149 2033 3212 Phalantho]
2062 3149 2413 3202 «Phalanthus
2439 3153 2604 3202 Lace-

1555 3220 1868 3272 daemonius
1916 3223 2010 3273 suit
2055 3225 2258 3275 eiectus
2290 3226 2458 3289 patria
2503 3227 2604 3276 hac

1554 3297 1623 3346 de
1659 3309 1849 3358 causa,
1902 3297 2047 3360 quod
2080 3298 2391 3349 absentibus
2435 3303 2604 3351 Lace-

1554 3370 1851 3421 daemoniis
1883 3371 2024 3421 bello
2057 3374 2387 3424 Messe-niaco
2416 3388 2602 3426 eorum

1555 3443 1692 3493 filiae
1744 3458 1809 3494 ex
1852 3446 2020 3495 servis
2072 3446 2320 3507 gravidae
2371 3461 2602 3510 pepere-

1554 3520 1697 3578 rant,
1748 3532 1884 3581 quos
1919 3518 2052 3568 filios
2087 3519 2174 3568 tali
2209 3519 2362 3583 culpa
2397 3521 2602 3582 genitos

1554 3594 1943 3665 (παρθενίους)
1977 3597 2182 3645 reversi
2215 3610 2243 3644 a
2269 3594 2410 3645 bello
2432 3598 2601 3646 Lace-

1553 3669 1819 3719 daemonii
1877 3671 2043 3733 patria
2104 3670 2401 3728 eiecerunt,
2463 3682 2600 3733 quo-

1552 3757 1673 3793 rum
1709 3743 1816 3792 dux
1851 3742 2169 3792 Phalanthus
2205 3743 2321 3802 fuit,
2372 3744 2462 3807 qui
2498 3745 2600 3793 Ta-

1552 3819 1816 3868 rentinam
1841 3817 2077 3867 condidit
2098 3818 2362 3867 civitatem
2378 3855 2390 3878 ‚
2416 3821 2476 3867 ut
2497 3817 2599 3867 fer-

1552 3895 1663 3952 tur,
1709 3895 1928 3942 octavus
1970 3890 2040 3939 ab
2075 3889 2354 3941 Hercule.»
2408 3893 2591 3941 Senot..

1552 3967 1711 4024 Cnuo.
1758 3964 1948 4015 Strabo
1989 3966 2039 4014 6.
2075 3979 2128 4030 p.
2168 3964 2281 4015 426.
2324 3967 2503 4017 lustin.
2541 3967 2592 4026 3,

1550 4039 1599 4091 4.
1638 4041 1856 4101 Dionys.
1895 4040 2098 4103 Perieg.
2134 4039 2255 4090 376:
2311 4037 2502 4112 Τάρας
2544 4039 2592 4090 δ’

1548 4109 1691 4176 ἁλὸς
1761 4109 1961 4179 ἐγγύθι
2027 4119 2242 4176 κεῖται,
2303 4109 2406 4165 ‘'Hv
2465 4118 2588 4165 ποτ’

431 4191 635 4242 Colum.
686 4193 746 4250 7,
797 4192 845 4243 4.
906 4191 1032 4243 Plin.
1083 4193 1144 4252 8,
1179 4193 1261 4242 27.
1323 4191 1473 4242 Sole-
1542 4183 1893 4253 Ἀμυκλαίων
1927 4187 2278 4240 ὀπολισσατο
2314 4187 2591 4259 καρτερὸς

430 4264 555 4314 bant
588 4279 718 4315 oves
754 4267 984 4316 maxime
1008 4267 1320 4315 Tarentinae
1345 4278 1473 4328 ope-
1531 4259 1718 4332 Ἄρης.
