3234 4975
631 387 755 451 426

1408 389 1666 441 HORATu
1701 388 2034 441 CARMlNiJM

1344 861 2078 924 cmm·

964 1029 1258 1099 Herculis
1302 1031 1427 1097 ritu
1472 1030 1668 1097 modo
1713 1029 1952 1108 dictae,
2002 1052 2042 1097 o
2086 1030 2302 1119 plebe,

758 1202 884 1252 xlv
924 1203 1089 1252 Inscr.
1126 1199 1265 1266 volg.
1302 1201 1378 1252 Aa
1402 1201 1646 1265 populum
1678 1202 1986 1264 Romanmn,
2024 1203 2077 1252 et
2110 1201 2189 1252 sic
2222 1202 2319 1253 BT.
2364 1229 2417 1239 -
2441 1201 2518 1252 Ad
2549 1203 2728 1253 Roma-

692 1289 815 1325 num
840 1276 1083 1338 populum
1115 1276 1166 1325 S.
1232 1303 1286 1312 -
1347 1275 1543 1326 Civibus
1572 1276 1628 1325 in
1659 1275 1937 1341 Auen-stum
1979 1276 2052 1327 bc
2095 1273 2144 1337 (c
2176 1276 2348 1327 addit:
2392 1276 2631 1328 victorem
2663 1292 2729 1329 ez:

690 1350 936 1413 Hispania
970 1350 1294 1415 redeuntem).

690 1500 818 1551 xlv,
879 1499 1373 1561 «Quemadmodum
1413 1498 1672 1552 Hercules

626 1586 837 1625 summa
898 1586 1023 1625 cum
1080 1573 1384 1625 fortitudine
1439 1576 1671 1625 mortem

625 1660 886 1713 spernens
929 1648 1149 1699 devictis
1183 1648 1435 1699 monstris
1468 1649 1671 1712 sempi-

624 1725 831 1773 ternam
852 1721 1070 1786 gloriam
1092 1722 1194 1774 sibi
1214 1724 1438 1787 peperit,
1475 1723 1669 1773 eodem

625 1797 801 1847 animo
850 1809 1010 1847 usum
1059 1800 1353 1860 Augustum
1403 1809 1509 1847 non
1551 1797 1669 1847 sine

625 1871 768 1933 gravi
792 1868 1028 1934 periculo
1046 1871 1440 1935 expeditionem
1462 1872 1515 1921 in
1536 1872 1672 1921 Can-

530 1950 537 1955 '
622 1944 805 1995 tabros
838 1945 1168 2008 suscepisse,
1204 1944 1458 2005 libenter,
1496 1958 1528 1995 o
1562 1947 1670 1995 Ro-

624 2018 797 2079 mani,
850 2030 1266 2081 agnoveramus3
1325 2031 1467 2069 nunc
1498 2019 1670 2069 victor

625 2092 783 2142 rediit
832 2094 897 2155 (a.
942 2106 995 2144 u.
1037 2106 1086 2144 c.
1130 2094 1244 2143 729.
1303 2096 1528 2144 exeunte
1578 2093 1664 2145 vel

625 2167 740 2217 730.
777 2168 1013 2218 ineunte.
1050 2167 1156 2219 Cfr.
1183 2168 1386 2219 Weber
1415 2170 1587 2219 Horas
1609 2183 1662 2235 p.

625 2242 814 2305 257.).»
866 2243 1037 2293 Animi
1078 2256 1237 2293 causa
1262 2243 1667 2307 significandum

621 2315 830 2367 videtur
860 2319 1029 2367 totum
1062 2317 1167 2367 hoc
1200 2331 1418 2369 carmen
1451 2319 1667 2370 Horatio

621 2390 981 2442 abiudicatum
1030 2405 1152 2443 esse
1194 2392 1263 2443 ab
1298 2393 1511 2444 Editore
1545 2394 1667 2444 Lei-

541 2477 549 2487 ·
622 2466 790 2518 densi.
852 2466 1131 2531 («Carmen
1176 2467 1233 2528 3,
1283 2466 1361 2519 44.
1416 2481 1447 2519 a
1482 2469 1664 2519 Servio

622 2542 967 2605 Charisioque
1007 2542 1225 2592 citatum
1264 2555 1371 2592 non
1422 2543 1665 2607 spurium

621 2618 873 2681 equidem
915 2615 1279 2681 Peerlkampio
1323 2621 1540 2669 auctore
1582 2619 1666 2669 di-

620 2706 744 2743 cere
766 2692 967 2753 ausim,
1004 2691 1101 2743 sed
1126 2693 1305 2742 tamen
1336 2705 1556 2756 prorsus
1581 2695 1666 2743 in-

621 2768 840 2832 dignum
861 2765 1037 2818 habeo
1060 2765 1147 2817 illo
1170 2771 1325 2831 poeta
1345 2806 1356 2828 ,
1395 2769 1486 2831 qui
1506 2768 1665 2819 simili

620 2854 750 2893 usus
792 2842 1105 2905 argumento
1156 2840 1490 2906 praeclarum
1536 2841 1662 2893 illud

619 2915 856 2966 condidit
897 2928 1115 2966 carmen
1160 2915 1221 2976 4,
1268 2917 1352 2966 ὅ.»
1411 2918 1662 2981 Srsmnn.)

618 2990 786 3040 Etiam
836 2989 1166 3040 Eichstadius
1225 2990 1625 3042 severissimum
1648 3030 1660 3052 ‚

619 3066 784 3115 immo
827 3061 1003 3127 paullo
1036 3063 1266 3127 iniquius
1300 3063 1369 3114 de
1405 3065 1507 3115 hoc
1541 3079 1663 3115 car-

618 3139 761 3188 mine
812 3137 1064 3187 iudicium
1125 3136 1248 3188 fecit
1295 3138 1347 3188 in
1402 3140 1658 3190 Paradox.

619 3213 795 3262 Horat.
842 3212 925 3262 xi.
995 3212 1103 3274 Ego
1145 3212 1272 3276 quid
1316 3213 1383 3264 de
1427 3227 1492 3264 eo
1534 3228 1662 3265 sen-

618 3288 744 3337 tiam
760 3324 772 3348 ,
798 3285 963 3336 libere
988 3285 1305 3350 profitebor:
1346 3287 1516 3338 Probe
1540 3303 1664 3354 per-

617 3360 880 3426 spiciebat
944 3361 1189 3412 Horatius
1239 3365 1550 3427 exspectare
1607 3366 1661 3414 et

616 3438 911 3500 Augustum
946 3436 1123 3501 ipsum
1147 3439 1203 3486 et
1224 3439 1435 3489 ceteros
1457 3440 1660 3490 amicos

617 3524 834 3562 carmen
870 3511 921 3561 in
954 3510 1226 3562 redeuntis
1259 3513 1474 3563 victoris
1498 3513 1662 3563 hono-

617 3599 767 3646 rem;
814 3586 991 3649 itaque
1027 3598 1094 3635 ne
1129 3584 1305 3637 dicam
1339 3587 1522 3646 invita,
1560 3588 1660 3638 sed

616 3663 795 3712 tamen
830 3659 970 3710 haud
1003 3661 1159 3711 nimis
1180 3661 1405 3725 propitia
1428 3662 1660 3713 Minerva

616 3733 777 3786 talem
810 3734 879 3784 ad
901 3732 1301 3798 gratulationem
1335 3748 1456 3785 sese
1480 3737 1659 3786 accin-

614 3810 722 3869 xit;
774 3810 830 3859 at
876 3806 1194 3871 simulatque
1240 3808 1413 3859 officio
1447 3809 1659 3861 functus

615 3885 724 3944 est,
778 3882 902 3935 inde
944 3896 975 3934 a
1019 3896 1071 3933 v.
1119 3884 1199 3933 ⁴5.
1246 3881 1429 3934 solitae
1475 3882 1658 3934 hilari-

615 3960 705 4011 tati
713 3923 875 4009 uitro
907 3971 967 4010 se
1002 3957 1175 4008 matt.

680 4035 726 4085 4.
779 4034 1004 4084 Herculis
1035 4032 1167 4097 τίω]
1217 4033 1358 4084 Haec
1391 4046 1474 4083 vv.
1515 4033 1655 4084 nullo

1746 1499 1991 1560 relativa,
2029 1513 2192 1565 quam
2226 1500 2434 1562 dicunt,
2471 1502 2674 1553 ratione
2698 1515 2791 1553 ac-

1745 1574 2050 1639 cipiendum
2107 1578 2218 1636 est,
2290 1590 2446 1627 «cum
2495 1578 2791 1643 susciperet

1744 1649 2133 1713 expeditionem
2169 1652 2224 1701 et
2255 1651 2386 1702 dum
2415 1664 2477 1701 ea
2501 1655 2791 1717 occupatus

1744 1726 1889 1785 erat,
1944 1724 2247 1788 usquedum
2289 1724 2358 1775 de
2392 1726 2635 1791 proximo
2670 1727 2786 1776 eins

1743 1797 1916 1847 reditu
1961 1798 2092 1848 certi
2135 1811 2430 1851 essemus.»
2500 1800 2669 1851 Breve
2705 1803 2791 1851 est

1742 1871 1796 1921 id
1837 1873 2076 1936 tempus,
2137 1874 2392 1937 quoniam
2432 1875 2646 1939 praeter
2693 1887 2790 1925 ex-

1741 1948 2129 2010 spectationem
2211 1961 2354 1998 nunc
2433 1949 2655 2000 musiit.
2730 1975 2785 1985 —

1741 2021 1915 2086 dictus]
1964 2023 2166 2083 «Quem
2212 2020 2388 2088 paullo
2431 2024 2553 2074 ante
2598 2034 2789 2075 omnes

1742 2095 1993 2148 dicebant
2052 2098 2105 2147 in
2157 2095 2519 2148 difficillimam
2573 2110 2637 2148 ac
2686 2109 2790 2161 pe-

1740 2170 2027 2222 riculorum
2069 2170 2285 2237 plenam
2322 2171 2621 2236 profectum
2665 2184 2788 2223 esse

1742 2246 2135 2311 expeditionem
2152 2283 2164 2307 ,
2230 2249 2288 2296 ut
2349 2246 2522 2296 facere
2579 2244 2788 2298 solebat

1741 2318 2050 2371 Hercules·
2081 2347 2136 2357 —
2162 2333 2192 2369 o
2209 2319 2361 2384 plebs]
2386 2319 2783 2383 significatione,

1741 2398 1798 2445 ut
1831 2395 1902 2445 ita
1936 2394 2114 2445 dicam
2135 2431 2147 2455 ,
2199 2393 2391 2455 nobili,
2450 2397 2510 2445 ut
2559 2396 2643 2446 est
2675 2395 2787 2446 lor-

1741 2467 1882 2520 mula
1928 2468 2071 2534 apud
2118 2468 2226 2520 Cic.
2264 2481 2362 2534 pro
2397 2470 2529 2521 Mur.
2568 2469 2589 2520 4
2619 2484 2631 2519 :
2684 2482 2786 2532 po-

1730 2546 1856 2607 pulo
1885 2543 2114 2607 pkbique
2150 2544 2419 2594 Romanae.
2473 2544 2783 2607 Eademque

1738 2617 1963 2669 formula
1987 2620 2072 2669 est
2089 2617 2242 2668 Verr.
2267 2620 2325 2680 5,
2360 2617 2440 2679 44,
2465 2618 2570 2679 36.,
2605 2619 2659 2669 in
2680 2621 2785 2668 Au-

1738 2694 1876 2757 gusti
1910 2695 2227 2745 testamento
2261 2693 2421 2743 Tacit.
2468 2695 2603 2743 Ann.
2631 2695 2680 2752 4,
2704 2693 2777 2752 8.,

1739 2767 1867 2819 Plin.
1905 2770 2097 2831 Paneg.
2134 2767 2215 2817 32.
2256 2767 2380 2830 (Cfr.
2413 2767 2617 2818 Becker
2637 2768 2776 2818 Rom.

1736 2843 1940 2892 Alterth.
1981 2843 2043 2891 11.
2082 2842 2128 2890 4.
2164 2855 2217 2905 p.
2254 2841 2386 2904 437.)
2426 2842 2559 2892 Hinc
2588 2844 2780 2907 poetae

1737 2915 1851 2967 solo
1882 2929 1933 2965 v.
1963 2915 2101 2979 plebs
2142 2928 2240 2979 pro
2277 2914 2473 2980 populo
2509 2916 2583 2965 uti
2625 2917 2781 2980 pote-

1736 2991 1877 3050 rant,
1924 2991 1982 3039 ut
2012 2989 2100 3039 hic
2142 2989 2385 3040 Horatius
2419 2991 2474 3040 et
2504 2990 2644 3053 Virg.
2682 2992 2775 3040 Ge.

1736 3067 1793 3126 2,
1823 3057 1956 3116 soe:
1991 3064 2087 3115 Per
2116 3064 2778 3127 cuneos--pwbisqoepa-

1735 3145 1978 3201 tmmque.
2039 3138 2103 3188 Et
2135 3136 2263 3188 salsa
2297 3138 2514 3189 omnino
2549 3141 2633 3189 est
2654 3140 2780 3189 Bos-

1734 3214 1897 3266 schae
1933 3213 2328 3276 interpretatio:
2384 3215 2456 3263 «Ο
2493 3211 2624 3263 levis
2661 3211 2778 3277 ple-

1732 3287 1948 3348 becula,
1987 3299 2149 3350 quem
2171 3286 2334 3338 modo
2358 3286 2619 3338 credebas
2641 3288 2778 3337 Her-

1735 3362 1865 3414 culis
1905 3361 2006 3411 ritu
2057 3359 2298 3412 venalem
2339 3364 2512 3412 morte
2567 3358 2776 3411 laurum

1731 3437 1982 3503 petivisse
2016 3437 2072 3485 et
2096 3436 2148 3486 in
2171 3436 2460 3500 perniciem
2482 3447 2775 3500 properare

1733 3525 1912 3573 suam,
1979 3523 2107 3562 ecce
2160 3509 2338 3561 salvus
2388 3513 2442 3561 et
2490 3510 2660 3560 victor
2710 3522 2774 3558 ex

1732 3586 1980 3650 Hispania
2014 3584 2184 3635 redit!
2205 3602 2229 3628 ιι

1796 3661 1846 3712 2.
1898 3660 2062 3710 Morte
2101 3658 2291 3709 venalis
2324 3659 2405 3708 est
2454 3658 2630 3708 law-m
2661 3658 2774 3708 sive

1730 3734 2060 3798 triumphuS,
2122 3735 2409 3796 quatenus,
2486 3733 2576 3796 qui
2631 3732 2774 3782 huuc

1732 3808 1932 3874 appetit
1947 3845 1959 3869 ,
1998 3807 2183 3858 mortis
2205 3805 2499 3870 periculum
2525 3806 2640 3856 forti
2665 3807 2776 3855 ani-

1731 3898 1820 3935 mo
1843 3883 2018 3935 facere
2052 3881 2231 3934 debet.
2292 3882 2567 3933 Contrario
2590 3881 2769 3942 modo,

1728 3958 2108 4021 significatione
2147 3954 2337 4006 eadem
2368 3956 2510 4019 Virg.
2551 3959 2681 4006 Aen.
2720 3955 2770 4015 9,

1728 4033 1852 4083 205:
1879 4032 2092 4092 Euhie,
2116 4035 2186 4082 est
2207 4030 2774 4080 anionusluciscontem-

612 4111 769 4174 pacto
797 4107 998 4172 virgula
1030 4109 1335 4173 interposita
1369 4109 1504 4160 trabi
1527 4122 1657 4173 pos·
1720 4112 1843 4170 ρων
1891 4112 1936 4158 et
1982 4108 2131 4156 istun
2177 4105 2273 4167 Oui
2313 4105 2422 4155 vita
2452 4104 2571 4155 bene
2601 4105 2775 4154 credat

614 4185 739 4235 sunt
787 4182 855 4233 ad
905 4195 988 4232 vv.
1043 4183 1234 4233 Caesar
1278 4185 1505 4247 Hispana
1549 4186 1651 4234 cet.
1729 4184 1856 4244 emi,

1895 4195 1992 4244 quo
2024 4181 2216 4242 tendis,
2251 4180 2502 4231 honorati.
2556 4176 2766 4240 Quintil.

615 4271 739 4310 cum
760 4257 903 4308 lanio
927 4259 981 4308 et
1001 4257 1277 4309 Monichio.
1318 4285 1372 4294 —-
1420 4259 1481 4308 V.
1508 4259 1656 4308 modo
1729 4257 1787 4320 9,
1823 4258 1880 4307 5:
1939 4256 2073 4306 Emit
2119 4260 2279 4306 morte
2325 4254 2765 4305 mortalitatem
