3234 4975
681 407 764 470 98

1105 563 1329 631 Crines
1372 560 1639 649 pulvere
1684 560 1969 628 collineS.

1445 406 1697 456 HORATII
1736 405 2071 456 CARMINUM

2756 562 2838 625 20

1015 686 1152 752 Non
1197 683 1608 759 Laertiaden,
1657 682 1918 748 exitium
1961 692 2108 748 tuae

1012 807 1231 883 Genti,
1278 828 1406 872 non
1450 803 1703 893 Pylium
1744 805 2014 870 Nestora
2057 803 2329 890 respicis
2343 804 2377 866 ⁸?

895 982 904 993 .
1012 929 1252 1016 Urgent
1295 928 1595 1015 impavidi
1642 939 1704 994 te
1749 927 2134 995 Salaminius

1095 1053 1342 1117 Teucer
1384 1059 1449 1116 et
1491 1048 1833 1116 Sthenelus
1877 1050 2089 1116 sciens

799 1224 880 1273 20.
919 1220 1104 1285 Crines]
1130 1220 1299 1271 thtus
1321 1234 1369 1279 c,
1408 1233 1511 1283 mg.
1540 1222 1590 1270 S.
1617 1220 1851 1270 Pottierii
1872 1220 1922 1281 2,
1950 1220 1998 1280 6,
2026 1221 2075 1281 7,
2101 1221 2150 1281 8,
2179 1220 2258 1282 43,
2286 1222 2415 1271 item
2438 1221 2518 1271 FJ.
2590 1222 2761 1272 Crines

734 1311 858 1348 cum
891 1296 1157 1361 plerisque
1191 1296 1368 1346 firmat
1399 1294 1579 1345 Bland.
1617 1296 1890 1357 antiquiss.
1964 1293 2298 1356 (Exciderunt
2336 1309 2367 1344 e
2403 1295 2534 1345 Cod.
2573 1296 2630 1345 B.
2668 1309 2753 1344 vv.

734 1371 967 1435 20-32.)
1007 1398 1061 1407 -
1097 1372 1178 1420 24.
1215 1371 1350 1419 Num
1381 1396 1411 1406 -
1442 1397 1473 1407 -
1503 1383 1625 1419 num
1665 1383 1694 1420 e
1737 1370 1988 1419 Vaticano
2034 1370 2260 1433 Reginae
2308 1371 2360 1420 F.
2415 1398 2469 1406 -
2519 1371 2769 1421 lartiaden

738 1448 846 1511 (sic)
882 1448 937 1497 T.
980 1475 1034 1482 —
1074 1447 1323 1497 ooecidimn
1354 1444 1447 1505 βκ.
1490 1472 1544 1481 —-
1581 1447 1663 1495 22.
1703 1445 1872 1494 Gentis
1913 1443 2077 1506 bSTc‚
2115 1447 2247 1495 Pott.
2275 1459 2397 1507 sex,
2436 1448 2558 1507 LCt,
2594 1446 2763 1497 Bentl.

735 1523 816 1573 FJ.
888 1520 1054 1585 (Genti
1101 1523 1210 1571 tres
1258 1518 1501 1581 Blandd.‚
1553 1517 1658 1581 βκ,
1713 1521 1877 1571 ceteri
1923 1521 2191 1584 Pottierii.)
2245 1548 2298 1557 —
2344 1522 2425 1572 23.
2469 1523 2572 1585 inp.
2612 1523 2667 1573 T.
2710 1550 2765 1559 -

732 1596 815 1648 24.
858 1598 1035 1647 Teucer
1067 1601 1114 1646 et
1145 1595 1287 1646 bST:
1331 1596 1509 1644 Teucer
1557 1600 1603 1644 te
1646 1596 1879 1655 c‚LCtM,
1926 1596 2201 1657 Teucer-que
2240 1602 2287 1645 et
2321 1610 2477 1647 «cum
2511 1596 2638 1649 Cld.
2679 1610 2769 1647 re-

733 1672 1069 1722 centissimo»
1119 1669 1303 1734 (Codd.
1341 1670 1597 1720 Torrentii
1609 1669 1651 1730 9)

1721 1668 1853 1719 Aldo
1895 1672 1949 1719 et
1982 1669 2236 1721 Glareano
2270 1670 2439 1722 Bentl.

666 1813 812 1873 Sera,
847 1811 1192 1872 tamenpietas
1216 1808 1432 1873 (rediit);
1470 1809 1715 1871 quamvis
1791 1808 2006 1872 (Paridis
2037 1812 2298 1861 venenata
2342 1812 2534 1873 sagitta
2577 1824 2608 1862 a
2657 1810 2832 1862 Philo-

666 1900 806 1938 sero.
876 1884 973 1935 Alii
1001 1884 1157 1935 aliam
1179 1885 1440 1934 rationem
1462 1884 1709 1945 inierunt,
1787 1886 1927 1933 cteta
1959 1886 2199 1948 percussi
2231 1883 2513 1948 lugubrem
2562 1887 2833 1937 interitum

666 1974 828 2025 quam
884 1961 1037 2024 sequi
1092 1973 1189 2009 nos
1244 1960 1390 2008 vetat
1444 1960 1602 2008 etiam
1655 1971 1709 2007 v.

665 2047 918 2095 caesura,
990 2034 1292 2096 iungentes:
1360 2037 1552 2092 tamen,
1619 2034 1714 2082 heu

664 2123 821 2170 serus,
878 2107 1201 2172 «aliquando
1241 2110 1419 2158 tamen
1459 2108 1708 2167 moriere,

665 2185 781 2245 sed,
833 2183 981 2248 quod
1027 2181 1316 2233 dolendum
1367 2185 1464 2243 est,
1512 2196 1709 2240 serm»

664 2273 802 2324 quae
836 2259 1055 2322 quidem
1087 2258 1248 2308 nimia
1272 2256 1534 2307 acerbitas
1550 2260 1710 2321 atque

665 2334 937 2384 iracundia
969 2333 1072 2383 deo
1106 2345 1369 2396 perquam
1392 2330 1602 2395 indigna
1637 2332 1714 2380 vi-

665 2410 826 2459 detur
842 2421 854 2467 3
875 2421 976 2457 nec
990 2419 1122 2457 vero
1140 2409 1223 2457 est
1236 2407 1525 2467 miseratio,
1547 2419 1709 2470 quam

667 2486 812 2534 Paris
855 2498 961 2534 non
1000 2481 1341 2542 merebatur,
1394 2481 1492 2532 sed
1536 2483 1711 2546 potius

665 2558 904 2609 luctuosa
939 2555 1251 2609 exclamatio
1270 2594 1282 2616 ‚
1316 2557 1586 2607 funestum
1617 2559 1714 2607 Pa-

665 2634 763 2683 ridi
799 2634 1068 2683 interitum
1115 2632 1397 2690 minitans;
1449 2632 1501 2682 in
1551 2644 1711 2697 prosa

663 2723 742 2760 or.
787 2721 925 2758 «vae
957 2707 1125 2757 tibii»

728 2785 810 2834 20.
849 2782 1033 2846 (lv-ines]
1068 2783 1214 2832 Hanc
1236 2780 1520 2832 lectionem
1551 2793 1713 2844 prae-

665 2858 777 2909 fero
811 2857 960 2907 alteri
991 2857 1167 2917 cultus,
1204 2858 1259 2907 et
1290 2859 1513 2920 propter
1533 2855 1711 2905 locum

663 2932 1006 2983 Homericum
1047 2929 1116 2979 ad
1150 2944 1199 2979 v.
1239 2931 1317 2980 43.
1356 2931 1708 2994 exscriptum,

666 3009 723 3057 et
753 3008 974 3070 propter
1008 3003 1175 3054 Codd.
1213 3006 1486 3068 antiquiss.
1525 3006 1714 3054 aucto-

665 3082 892 3130 ritatem.
947 3077 1193 3129 Similiter
1249 3079 1393 3129 Iliad.
1459 3094 1525 3141 π,
1582 3080 1708 3128 795:

663 3150 1000 3221 μιάνθησαν
1033 3150 1096 3203 δὲ
1127 3146 1346 3225 ἔθειραι
1378 3152 1579 3219 αἵματι
1612 3153 1713 3203 καὶ

665 3232 913 3301 κονίῃσι.
950 3228 1098 3279 Piud.
1135 3230 1286 3279 Nem.
1318 3244 1374 3287 α,
1412 3229 1533 3280 404ε
1570 3244 1713 3290 φαι-

667 3304 841 3371 δίμαν
891 3303 1029 3372 γαίᾳ
1061 3299 1464 3375 πεφύρσεσθαι
1499 3299 1709 3369 κόμαν.

668 3384 747 3433 De
810 3381 968 3431 Nireo
1033 3380 1255 3440 Quintus
1313 3380 1419 3429 Sm.
1479 3379 1527 3439 6,
1586 3378 1710 3428 376:

669 3451 879 3507 Δεύετο
918 3452 964 3503 δ’
1004 3448 1224 3520 ἀγλαὸν
1274 3449 1426 3517 εἶδος
1469 3446 1569 3519 ἅμ’
1616 3448 1714 3504 εὗ-

668 3531 944 3582 θαλέεσσι
985 3528 1223 3601 κόμῃσι.
1292 3529 1432 3592 Vir3.
1483 3532 1613 3580 Aen.
1662 3530 1713 3591 2,

670 3610 785 3660 277.
823 3606 891 3657 de
916 3607 1172 3656 Hectore:
1208 3610 1460 3655 concretos
1476 3606 1721 3671 sanquine

670 3684 847 3733 crines.
899 3682 979 3738 42,
1016 3681 1107 3731 99;
1150 3682 1237 3732 Da
1269 3685 1488 3730 sternere
1518 3694 1716 3743 corpus,

672 3757 905 3809 Semiviri
945 3756 1153 3820 Phrygis
1199 3761 1246 3806 et
1279 3755 1484 3818 foedare
1518 3755 1572 3805 in
1595 3756 1720 3817 pul-

671 3845 788 3881 vere
818 3832 994 3902 crines.
1043 3833 1327 3881 Praeterea
1359 3843 1621 3895 perquam
1645 3830 1723 3879 in-

674 3907 855 3970 gratus
886 3905 1223 3956 teretioribus
1270 3905 1487 3956 auribus
1530 3904 1722 3955 accidit

676 3979 867 4045 triplex
915 3978 1162 4031 ululantis
1210 3980 1413 4031 litterae
1460 3994 1497 4029 u
1534 3993 1714 4030 sonus.

678 4057 928 4106 Ceterum
947 4055 1116 4104 Cultus
1129 4055 1420 4106 referretur
1435 4054 1504 4105 ad
1522 4053 1603 4105 illa
1621 4056 1723 4106 Eu-

677 4129 965 4193 rip.1phig.
997 4129 1049 4178 in
1087 4128 1202 4179 Aul.
1241 4130 1331 4180 73:
1371 4127 1592 4200 (Πάρις)
1615 4124 1721 4180 ἀν-

1784 1957 1907 2007 vide
1958 1959 2101 2023 apud
2130 1961 2470 2011 Parthenium
2504 1962 2652 2010 Narr.
2692 1960 2739 2011 4.
2777 1964 2833 2011 et

1786 2034 2037 2094 Quintum
2111 2036 2465 2097 Smyrnaeum
2535 2037 2615 2093 40,
2694 2036 2830 2097 223.)

1849 2109 1931 2157 24.
1983 2110 2209 2174 avitum]
2259 2111 2345 2160 Sic
2383 2111 2489 2160 mei
2530 2110 2721 2172 Codd.,
2758 2110 2825 2161 al.

1785 2183 2061 2240 acidiam.
2099 2183 2242 2247 quod
2282 2187 2336 2234 et
2366 2186 2630 2236 minorem
2669 2185 2834 2236 habet

1786 2257 1949 2307 fidem
1979 2270 2010 2307 a
2040 2258 2186 2309 libris
2212 2262 2266 2309 et
2309 2262 2484 2310 minus
2529 2262 2712 2324 aptum
2750 2261 2832 2310 vi-

1786 2332 1959 2393 detur,
1997 2348 2119 2384 cum
2157 2334 2225 2384 de
2248 2333 2462 2384 urbium
2484 2336 2659 2398 potius
2683 2348 2835 2384 ever-

1785 2408 1933 2457 sione
1980 2421 2142 2471 quam
2193 2409 2262 2458 de
2301 2407 2621 2472 populorum
2665 2410 2833 2459 inter-

1784 2483 2008 2534 necione
2052 2486 2296 2548 usurpari
2340 2481 2522 2534 soleat.
2571 2512 2626 2521 -
2669 2483 2829 2547 Genu]

1787 2559 2093 2621 exquisitius
2117 2572 2279 2622 quam
2300 2559 2473 2622 gentis.
2534 2559 2617 2608 Sic
2650 2559 2827 2621 Eurip.

1785 2632 1973 2683 Troad.
1995 2635 2083 2684 844
2109 2649 2119 2682 :
2159 2633 2412 2685 Hercules
2434 2628 2604 2702 χερὸς
2627 2627 2831 2684 εὐστο-

1785 2710 1919 2768 χίαν
1982 2705 2158 2772 ἐξεῖλε
2221 2705 2375 2758 ναῶν
2394 2745 2408 2769 ,
2474 2706 2832 2773 Λαομέδοντι

1785 2781 1990 2845 φόνον.
2061 2786 2309 2848 Tragicus
2338 2784 2481 2847 apud
2510 2786 2615 2834 Cic.
2649 2785 2717 2835 de
2747 2785 2832 2834 Di-

1785 2861 1889 2908 vin.
1918 2861 1966 2919 4,
1992 2861 2083 2908 24;
2118 2861 2251 2909 Eum
2284 2860 2557 2923 (Paridem)
2595 2874 2695 2910 esse
2725 2859 2834 2909 exi-

1783 2934 1909 2982 tium
1944 2934 2135 2996 Troiae,
2158 2939 2347 2996 pestem
2366 2935 2624 2998 Pergamo.
2661 2933 2826 2985 Plaut.

1784 3008 1977 3057 Bacch.
2008 3007 2058 3068 4,
2095 3009 2145 3066 8.
2183 3009 2306 3058 ⁴3⁴:
2353 3009 2462 3072 fore
2499 3022 2578 3058 me
2622 3009 2833 3059 exitium

1782 3083 2024 3145 Pergamo
2060 3084 2153 3146 (sic
2184 3096 2375 3134 omnes
2406 3082 2561 3145 libri.)
2593 3083 2744 3133 Silius
2776 3085 2827 3144 5,

1785 3155 1910 3207 460:
1961 3158 2191 3208 Ecm'tium
2238 3159 2442 3220 trepidis
2477 3185 2507 3196 -
2527 3186 2558 3196 -
2596 3159 2834 3209 Siehaeus

1786 3236 1912 3280 erat.
1977 3232 2185 3282 Tacitus
2228 3236 2360 3283 Ann.
2412 3235 2458 3294 4,
2506 3233 2565 3283 3:
2613 3232 2833 3282 subsidia

1787 3307 2128 3356 minutioni.
2195 3308 2251 3368 4,
2304 3307 2397 3358 24:
2447 3313 2613 3358 rector
2643 3308 2827 3356 iuveni.

1786 3382 1844 3435 2,
1876 3381 1968 3431 6οε
2012 3383 2145 3430 dona
2177 3381 2384 3443 templis.
2426 3383 2485 3441 2,
2519 3381 2608 3433 64:
2652 3394 2834 3430 causas

1789 3455 1925 3505 bello.
1965 3455 2042 3506 Cf.
2070 3457 2204 3505 Roth
2238 3456 2306 3506 ad
2329 3458 2449 3506 Tac.
2489 3458 2608 3518 Agr.
2634 3469 2687 3520 p.
2716 3455 2829 3506 454.

1789 3529 2024 3580 Alteram
2055 3529 2340 3581 lectionem
2372 3529 2667 3580 defendunt
2700 3529 2831 3580 locis

1791 3605 1938 3654 Ovid.
1965 3606 2087 3656 Met.
2119 3606 2198 3666 43,
2234 3607 2357 3656 500:
2405 3606 2635 3656 Exitium
2660 3605 2834 3655 Troiae

1789 3681 2043 3743 nostrique
2088 3681 2292 3730 orbator
2337 3680 2558 3730 Achilles.
2641 3681 2828 3729 Senec.

1794 3757 1948 3807 Herc.
1985 3756 2084 3806 fur.
2129 3755 2240 3805 358.
2310 3756 2519 3818 Megara
2554 3754 2621 3804 de
2655 3755 2829 3816 Lyco:

1794 3832 2045 3894 Quidnam
2074 3832 2181 3892 iste,
2212 3830 2372 3879 nostri
2401 3830 2598 3893 generis
2625 3829 2836 3879 evitium

1793 3920 1854 3956 ac
1869 3907 1989 3967 lm,
2006 3906 2124 3956 novi
2141 3902 2333 3967 parat?
2365 3904 2469 3954 Sed
2494 3903 2661 3955 Codd.
2682 3902 2836 3953 Blan-

1794 3981 1919 4031 dinii
1954 3983 2008 4031 et
2033 3977 2127 4041 βκ,
2163 3980 2253 4043 qui
2283 3978 2544 4042 praebent
2576 3978 2830 4037 dativum,

1792 4054 2253 4121 praestantissimis
2285 4053 2669 4104 adnumerandi
2690 4054 2831 4102 sunt.

1792 4129 2057 4182 Bentleius
2107 4128 2325 4194 quidem
2367 4128 2613 4192 praetulit
2648 4128 2831 4193 genti&

678 4198 865 4274 θηρὸς
888 4202 998 4268 μὲν
1022 4199 1272 4269 εἱμάτων
1298 4202 1496 4271 στολῆ,
1521 4201 1717 4276 χρυσῷ
1796 4207 2195 4269 «praecesserat
2244 4204 2387 4255 enim
2429 4209 2564 4267 yentt
2611 4217 2661 4252 ν.
2716 4203 2831 4251 44.»

680 4292 742 4329 τε
773 4275 1061 4350 λαμπρός,
1086 4275 1364 4351 βαρβάρῳ
1388 4258 1713 4344 χὶιδήματι.
1798 4307 1852 4316 --
1884 4280 2082 4329 Contra
2118 4279 2448 4330 Latinitatem
2497 4280 2599 4328 Fea
2637 4279 2773 4328 Num
2804 4305 2834 4315 -
