3234 4975
641 365 766 429 644

1413 368 1677 419 nolum
1713 369 2050 423 CARmNuu

1059 525 1485 611 Breunosque
1525 523 1787 591 veloces
1830 535 1895 591 et
1937 544 2123 592 arces

1143 643 1413 731 Alpibus
1456 644 1792 732 impositas
1835 646 2191 713 tremendis

984 811 1233 878 Deiecit
1276 794 1429 878 acer
1470 809 1616 898 plus
1661 805 1804 879 vic'e
1850 811 2159 900 simplici;
2283 894 2290 899 .
2405 902 2414 911 .

984 931 1187 997 Maior
1228 932 1555 998 Neronum
1597 952 1749 997 mox
1791 953 1989 1019 grave
2031 932 2352 1020 proelium

1068 1051 1400 1119 Commisit
1442 1051 1889 1141 immanesque
1933 1057 2169 1122 Raetos

2735 1058 2818 1123 ⁴5

777 1269 856 1317 44.
895 1268 1212 1330 Breunosque
1244 1266 1459 1328 bs‘rcd,
1494 1268 1806 1332 Breucosqae
1837 1271 1914 1320 Lt.
1957 1298 2012 1307 —
2067 1272 2147 1321 ⁴5.
2183 1272 2359 1322 Raetos
2388 1271 2530 1334 b‘l'c,
2565 1274 2742 1324 Remos

712 1342 777 1403 d,
814 1344 1026 1394 Rhaetos
1056 1342 1347 1409 pleraeque
1381 1342 1514 1393 Edd.

632 1549 751 1599 pem
765 1575 779 1598 ,
814 1537 1124 1600 Iam-odiens,
1158 1537 1342 1599 rapido
1369 1551 1472 1599 qua
1492 1538 1692 1601 qurqite

640 1612 860 1661 volvitur
876 1612 1053 1662 Ocnus.
1083 1613 1322 1661 Servavit
1340 1610 1532 1662 Plinius
1545 1612 1605 1661 Η.
1624 1613 1686 1661 N.

641 1685 702 1745 3,
728 1686 822 1746 20,
847 1684 932 1735 24.
971 1686 1372 1749 inscriptionem
1403 1698 1434 1735 e
1469 1688 1690 1749 tropaeo

643 1756 882 1820 Alpium,
922 1772 1059 1823 qnae
1096 1757 1212 1810 talis
1236 1760 1352 1809 est:
1388 1759 1517 1808 ΙΜΡ.
1547 1759 1693 1808 CAE-

642 1833 791 1882 SARI
846 1833 986 1882 DIVI
1045 1833 1102 1883 F.
1160 1832 1309 1882 AVG.
1377 1832 1696 1882 PONTIFICI

644 1907 800 1956 ΜΑΧ.
870 1907 999 1957 ΙΜΡ.
1065 1907 1218 1956 XIIII.
1289 1906 1691 1955 TRIBVNITIAE

641 1980 1022 2031 POTESTATIS
1070 1980 1123 2029 S.
1176 1981 1231 2029 P.
1287 1981 1344 2040 Q.
1398 1981 1456 2030 R.
1514 1980 1688 2040 QVOD

639 2054 790 2104 EIVS
819 2053 1037 2103 DVCI'V
1062 2052 1410 2115 AVSPICIISQ
1420 2053 1499 2103 VE
1532 2053 1693 2103 GEN-

646 2127 764 2177 TES
802 2128 1078 2177 ALPINAE
1122 2128 1364 2187 OMNES.
1437 2128 1608 2188 QVAE
1648 2128 1690 2177 Δ

641 2201 806 2252 ΜΔΕ]
832 2201 1077 2251 SVPERO
1107 2202 1198 2251 AD
1231 2202 1529 2253 INFERVM
1545 2202 1693 2251 PER-

646 2276 981 2326 TINEBANT.
1030 2277 1070 2326 S
1076 2277 1153 2326 VB
1193 2278 1514 2328 IMPERIVM
1551 2277 1685 2327 POP.

641 2350 795 2400 ΗΘΜ.
844 2351 1015 2401 SVNT
1054 2351 1409 2401 REDACTAE.
1491 2351 1689 2401 Omnes

642 2426 766 2474 sunt
796 2425 966 2475 XLIII.
993 2463 1005 2487 ,
1064 2425 1202 2475 inter
1242 2438 1376 2489 quas
1410 2425 1688 2486 BREVNI,

643 2499 819 2550 GENA
828 2500 1011 2561 VNES,
1038 2500 1421 2550 VINDELICOR
1431 2501 1523 2549 VM
1531 2500 1692 2549 GEN-

645 2574 764 2624 TES
811 2576 1156 2637 QVATTVOR.
1218 2576 1453 2639 (Augusti
1505 2577 1687 2624 autem

642 2652 923 2713 tropaeum
964 2653 1219 2701 statutum
1253 2652 1369 2700 erat
1402 2650 1454 2700 in
1489 2649 1687 2714 oppido

646 2723 824 2773 Tor-bia
856 2736 998 2774 nunc
1033 2722 1296 2788 appellato
1318 2761 1330 2784 ‚
1367 2725 1428 2774 X.
1466 2725 1534 2773 M.
1561 2726 1617 2773 P.
1656 2737 1688 2773 a

642 2798 833 2848 Nicaea
877 2798 1084 2862 (Nina)
1120 2799 1368 2848 distante.
1424 2797 1530 2847 Csr.
1568 2798 1689 2860 Spi-‚

641 2870 809 2922 talieri
857 2874 1062 2922 Notizia
1119 2873 1198 2922 sul
1245 2877 1561 2922 monumento
1611 2871 1690 2921 dei

643 2947 788 3008 trofei
837 2948 1107 3010 &Augusto
1157 2949 1209 2997 di
1263 2947 1458 2996 Tor-bia.
1510 2947 1690 2996 Torino

647 3018 814 3083 4842.)
844 3048 899 3057 —-
937 3020 1127 3071 Strabo
1161 3020 1222 3080 4,
1264 3021 1322 3081 6,
1365 3021 1413 3071 8.
1442 3020 1528 3070 ed.
1554 3020 1690 3069 Kra-

649 3106 799 3143 mer:
850 3094 922 3143 Οἱ
951 3091 1014 3145 δὲ
1048 3090 1410 3145 Οὗινδολικοὶ
1446 3095 1554 3158 (sic)
1588 3094 1691 3144 καὶ

641 3167 895 3237 Νωρικοὶ
915 3164 1023 3234 τὴν
1055 3167 1224 3232 ἐκτὸς
1246 3166 1568 3257 παρώρειαν
1589 3184 1690 3218 κα-

641 3242 879 3302 τέχουσι
920 3238 990 3292 τὸ
1037 3242 1210 3293 πλέον
1242 3238 1389 3307 μετὰ
1424 3239 1689 3329 Βρεύνων

642 3317 742 3367 καὶ
774 3314 1090 3379 Γεναόνων,
1126 3309 1243 3386 ηδη
1265 3314 1486 3369 τούτων
1513 3312 1689 3368 Ἰλλυ-

641 3389 798 3462 ριῶν.
841 3421 897 3430 -
934 3393 1261 3456 implacidum
1291 3394 1463 3457 aenas]
1498 3391 1688 3443 Strabo

641 3466 964 3552 ibitis-1⁷34·
996 3464 1059 3518 δὲ
1092 3463 1237 3538 πρὸς
1274 3464 1413 3530 τοὺς
1440 3461 1689 3517 Ἰταλιώ-

640 3556 744 3605 τας
774 3540 890 3592 τῶν
922 3541 1150 3613 λῃστῶν
1184 3539 1403 3593 τούτων
1435 3538 1689 3602 χαλεπό-

639 3631 815 3682 τητος
869 3615 1092 3682 λέγεται
1131 3630 1187 3667 τι
1217 3614 1514 3678 τοιοῦτον,
1573 3611 1684 3677 ὥς,

642 3688 871 3741 ἐπειδὰν
920 3684 1094 3742 ἕλωσι
1144 3689 1350 3777 κώμην
1402 3684 1444 3756 ἢ
1500 3686 1685 3751 πόλιν,

642 3758 712 3815 οὗ
757 3762 946 3830 μόνον
986 3760 1212 3831 ἡβηδὸν
1254 3758 1687 3835 ἅνδροφονοῦν-

639 3853 762 3902 τας,
804 3834 953 3889 ἀλλὰ
986 3841 1085 3890 καὶ
1115 3841 1286 3926 μέχρι
1320 3837 1435 3890 τῶν
1467 3839 1687 3904 νηπίων

642 3910 950 3982 apotomae
982 3912 1097 3964 τῶν
1117 3907 1390 3985 ἀῤῥένων,
1426 3913 1523 3963 καὶ
1550 3910 1685 3979 μηδ’

638 3985 892 4039 ἐνταῦθα
940 3991 1334 4054 παυομένους,
1389 3982 1537 4038 ἀλλὰ
1586 3987 1688 4038 καὶ

638 4057 743 4126 τὰς
764 4059 1008 4129 ἐγκύους
1040 4067 1317 4130 γυναῖκας
1339 4064 1683 4126 κτείνοντας,

639 4132 789 4201 ὅσας
837 4141 1011 4199 φαῖεν
1061 4138 1123 4187 οἱ
1166 4134 1401 4202 μάντεις
1445 4131 1688 4208 ἀρῤενο-

1769 1565 1824 1574 -
1859 1539 2019 1590 Amat
2047 1552 2101 1589 v.
2127 1539 2443 1602 implacidas,
2488 1543 2611 1591 ante
2644 1541 2818 1591 Hora-

1764 1611 1896 1662 tium
1930 1626 1962 1661 a
1996 1610 2140 1663 nullo
2173 1614 2436 1677 scriptore
2453 1651 2465 1673 ,
2503 1615 2595 1677 qui
2628 1627 2818 1678 super-

1764 1686 1858 1745 sit,
1908 1688 2251 1749 usurpatum,
2304 1687 2565 1750 imprimis
2598 1689 2810 1739 Statius.

1764 1759 1849 1808 Sic
1897 1759 2199 1820 implacatus
2241 1759 2454 1809 videtur
2498 1773 2618 1810 esse
2654 1760 2820 1810 dum-

1763 1835 1908 1883 taxat
1956 1833 2100 1897 apud
2150 1833 2290 1896 Virg.
2327 1836 2460 1884 Aen.
2498 1834 2555 1896 3,
2604 1833 2720 1885 420.
2758 1837 2817 1885 et

1764 1908 1913 1958 ovid.
1950 1909 2073 1958 Met.
2105 1908 2169 1968 8,
2204 1907 2322 1959 847.
2353 1935 2408 1944 —
2432 1908 2636 1973 veloces]
2662 1922 2818 1974 «per-

1763 1983 1938 2042 nices,
1975 1984 2034 2032 ut
2057 1984 2318 2043 montani,
2357 1985 2413 2033 et
2444 1996 2679 2047 pugnam
2701 1986 2812 2034 sta-

1763 2057 1952 2105 tariam
1976 2057 2389 2107 detrectantes.»
2424 2057 2510 2107 Sic
2532 2057 2676 2121 apud
2697 2057 2807 2107 Liv.

1762 2130 1846 2190 22,
1871 2131 1959 2180 48;
1995 2131 2336 2193 Hispanorum
2356 2131 2533 2180 cohors
2552 2157 2628 2168 --
2648 2144 2816 2181 assue-

1763 2205 1863 2254 tior
1894 2205 2143 2255 montibus
2162 2232 2192 2242 -
2213 2231 2244 2242 -
2262 2206 2524 2255 velocitate
2545 2220 2814 2268 corporum

1762 2306 1793 2316 -
1807 2306 1838 2316 -
1868 2285 2193 2342 campestrem
2212 2280 2397 2330 hostem
2420 2281 2717 2344 (Romanos)
2736 2306 2767 2317 -
2781 2306 2811 2319 -

1760 2353 1909 2417 facile
1929 2353 2089 2403 elusit.
2114 2380 2170 2389 —
2197 2354 2356 2418 arces]
2385 2352 2629 2404 «castella
2656 2352 2724 2403 ab
2749 2354 2811 2405 iis

1763 2429 1816 2476 in
1838 2425 2057 2492 Alpibus
2081 2429 2409 2488 exstructa,»
2444 2428 2503 2476 ut
2524 2428 2654 2493 Epp.
2680 2429 2732 2489 2,
2759 2429 2807 2490 4,

1762 2504 1889 2553 252;
1928 2517 2075 2553 arces
2088 2503 2339 2554 Montibus
2356 2504 2630 2565 impositas.
2666 2504 2808 2567 virg.

1764 2580 1856 2628 Ge.
1892 2577 1948 2639 3,
1986 2577 2111 2629 474:
2151 2579 2324 2628 aei-ias
2355 2578 2501 2640 Alpes
2536 2583 2585 2628 et
2620 2579 2812 2629 Norica

1761 2679 1845 2690 --
1877 2652 2092 2702 Castella
2133 2653 2188 2702 in
2231 2653 2450 2704 tumulis,
2497 2680 2553 2690 —
2594 2658 2812 2703 men-

1762 2726 1853 2791 dis]
1904 2729 2126 2790 propter
2175 2725 2508 2778 altitudinem
2556 2725 2813 2790 glaciem-

1764 2814 1869 2863 que
1894 2802 2229 2865 perpetuam.
2268 2801 2380 2851 Liv.
2406 2802 2462 2851 24
2488 2839 2500 2863 ,
2537 2802 2618 2852 32.
2659 2800 2813 2852 Clau-

1763 2876 1904 2925 dian.
1932 2874 2000 2924 de
2025 2888 2090 2924 iv.
2117 2875 2276 2925 Cons.
2299 2874 2433 2924 Hon.
2456 2873 2583 2925 442;
2618 2876 2812 2938 Aspera

1762 2949 2016 3011 nubiferas
2048 2962 2154 3009 qua
2182 2949 2362 2997 Raetia
2391 2950 2616 3012 porrigit
2644 2949 2806 3011 Alpes.

1829 3024 1908 3073 43.
1969 3023 2180 3086 Deiecit]
2234 3020 2417 3073 «velut
2466 3037 2497 3072 e
2548 3024 2810 3073 montium

1762 3097 2051 3149 verticibus
2085 3095 2458 3156 deturbavit»;
2494 3096 2723 3147 refertur
2755 3099 2812 3147 et

1763 3172 1832 3221 ad
1866 3169 2090 3236 populos
2121 3159 2414 3222 debellatos
2438 3173 2493 3221 et
2524 3170 2594 3221 ad
2617 3183 2810 3221 eornm

1764 3244 2005 3295 castella:
2060 3264 2084 3290 α
2102 3247 2384 3295 Genaunos
2417 3244 2552 3295 fudit
2583 3245 2810 3309 fugavit-

1763 3333 1898 3384 que;
1937 3317 2150 3369 castella
2186 3322 2338 3382 capta
2374 3319 2620 3369 exemit.»
2677 3319 2805 3368 Stat.

1762 3393 1928 3446 Theb.
1958 3395 2012 3454 4,
2054 3394 2148 3443 2οε
2184 3393 2451 3443 coniurato
2472 3394 2681 3442 deiectos
2698 3405 2812 3442 ver-

1762 3471 1855 3520 tice
1885 3471 2068 3519 Dacos.
2105 3467 2267 3517 Tacit.
2303 3470 2438 3517 Ann.
2465 3467 2525 3526 2,
2563 3467 2654 3516 47;
2692 3467 2813 3518 Che-

1759 3545 1895 3594 rusci
1926 3543 2130 3593 collibus
2162 3540 2567 3591 dcto-adebantur.
2607 3566 2665 3576 -
2693 3541 2813 3603 plau

1758 3620 1866 3669 vice
1884 3618 2112 3681 simplici]
2136 3614 2270 3666 Male
2292 3613 2419 3666 olim
2444 3613 2807 3678 explicabant:

1764 3692 1912 3757 «plus
1963 3704 2127 3757 quam
2177 3688 2373 3750 semel,
2426 3687 2596 3740 semel
2647 3691 2808 3753 atque

1762 3769 1979 3826 iterum;
2001 3784 2025 3809 ι»
2069 3777 2206 3829 qnae
2248 3763 2558 3827 significatio
2590 3762 2808 3813 ultimae

1762 3843 1845 3891 est
1909 3840 2216 3890 Latinitatis.
2301 3837 2546 3900 (Ausonii
2613 3840 2804 3901 Paneg.

1762 3917 1904 3966 Grat.
1939 3916 2074 3978 Aug.
2111 3913 2160 3964 4.
2199 3910 2391 3963 Pallad.
2433 3913 2488 3973 4,
2539 3913 2598 3962 3:
2653 3912 2811 3962 mbas

1753 4003 1852 4052 per
1882 3988 2012 4038 diem
2053 3986 2257 4038 vicibus.
2261 3985 2284 4050 )
2371 3986 2665 4050 opponitur
2683 3987 2811 4048 pari

1759 4066 1891 4125 vice,
1925 4068 2107 4113 mma
2135 4062 2266 4124 vice,
2294 4062 2522 4123 parium
2573 4063 2627 4111 et
2657 4062 2807 4110 recte

1762 4139 2179 4202 interpretantur
2260 4135 2366 4184 iam
2449 4132 2802 4185 scholiastae:

640 4218 815 4264 κυεῖν.
853 4210 985 4264 Vell.
1024 4214 1134 4263 Pat.
1162 4215 1218 4274 2,
1256 4213 1336 4264 95.
1373 4214 1471 4263 Dio
1506 4212 1596 4275 54,
1633 4214 1683 4264 2.
1765 4211 1913 4264 «volt
1945 4208 2160 4276 intelligi
2195 4212 2246 4262 in
2280 4208 2553 4261 vastandis
2583 4209 2667 4259 bis
2701 4220 2808 4258 non
