3234 4975
1048 417 1307 469 HoaATu
1346 419 1563 471 METRA
1606 422 1856 473 LYRICA.
2445 426 2603 476 xxm

595 573 1011 660 Strophai-um
1053 593 1295 659 genera
1339 585 1488 641 sunt
1516 586 1850 662 quattuor:
1889 579 2168 664 pn'mum
2197 589 2262 644 et
2290 579 2605 666 antiquis-

420 674 662 740 simum
713 696 906 761 yenus
961 675 1365 761 stropharum
1423 698 1504 744 ex
1562 678 1820 745 duobus
1875 679 2174 746 versibus
2232 681 2601 756 constabat,

416 797 556 843 uno
616 776 934 865 longiore,
1002 777 1204 844 altero
1260 776 1588 856 breviore,
1660 782 1773 867 qui
1830 779 2130 868 appellati
2191 790 2342 847 sunt
2393 782 2602 869 epodi3

416 879 760 945 secundum
812 900 1004 965 qenus
1043 881 1445 966 stropharum
1500 882 1700 949 breve
1745 893 1845 949 est
1888 894 1952 948 et
1995 883 2129 949 fere
2178 904 2260 949 ex
2304 894 2606 971 quattuor

420 981 762 1058 versibuS,
809 1003 1080 1048 numero
1112 982 1454 1060 similibuS,
1505 985 1951 1072 compositum.
2012 985 2279 1069 (Ceteris
2312 984 2607 1072 stropha-

421 1105 575 1148 rum
617 1083 965 1170 generibus
1006 1084 1309 1151 Horatiis
1350 1106 1479 1151 non
1524 1095 1625 1153 est
1667 1089 1869 1172 usus.)

598 1204 1034 1292 Antiquissimi
1091 1204 1444 1296 lyricorum
1494 1214 1837 1295 poetarum
1882 1218 1946 1274 et
1988 1210 2157 1275 κατὰ
2212 1221 2469 1288 στίχον,
2541 1207 2606 1273 id

418 1315 557 1384 est,
616 1305 848 1373 eodem
906 1328 1103 1374 versu
1158 1329 1420 1394 semper
1476 1309 1749 1396 repetito
1810 1309 1948 1375 sine
1994 1307 2274 1396 strophis
2319 1309 2606 1376 carmina

418 1408 773 1487 faciebant,
821 1420 887 1475 et
929 1409 1225 1496 pluribus
1268 1410 1568 1476 versibus
1615 1411 1679 1476 in
1721 1410 2017 1498 strophas
2047 1412 2436 1488 coniunctiS,
2485 1410 2602 1476 sed

418 1510 505 1576 iis
551 1521 662 1576 aut
704 1511 875 1577 idem
917 1521 1029 1577 aut
1073 1511 1280 1579 simile
1323 1522 1603 1578 metrum
1645 1511 2049 1579 habentibus.
2138 1511 2315 1579 Aliae
2374 1511 2602 1579 harum

419 1610 838 1698 stropharum
879 1612 1069 1700 plane
1116 1634 1197 1680 ex
1240 1613 1539 1681 eiusdem
1580 1635 1811 1681 versus
1859 1613 2243 1701 repetitione
2288 1624 2599 1692 constant,

418 1714 513 1779 ita
554 1723 649 1791 ut,
710 1715 766 1781 si
808 1725 1085 1781 metrum
1130 1714 1461 1782 dumtaxat
1516 1726 1875 1804 spectetur,
1943 1719 2112 1785 κατὰ
2157 1729 2382 1798 στίχον
2429 1737 2605 1782 com-

420 1817 639 1903 posita
698 1815 906 1884 videri
973 1818 1223 1905 possint
1282 1819 1585 1884 carmina.
1698 1819 1865 1901 (lure
1923 1818 2282 1885 Meinekius
2339 1827 2601 1905 quater-

420 1939 547 1984 nos
602 1918 1061 2007 Asclepiadeos
1104 1940 1228 1986 una
1275 1918 1540 2007 stropha
1582 1919 1842 1986 videtur
1882 1921 2335 2006 coniunxisse.)
2422 1918 2600 1985 Aliae

426 2020 721 2107 strophae
777 2042 859 2087 ex
917 2021 1151 2088 eodem
1208 2042 1478 2088 numero
1527 2043 1649 2108 per
1699 2033 1972 2108 systema
2029 2023 2397 2089 continuato
2448 2042 2603 2088 con-

421 2132 618 2200 stant,
679 2124 801 2199 ita,
866 2132 938 2189 ut
996 2132 1126 2189 tota
1187 2123 1452 2211 stropha
1510 2145 1712 2189 unum
1772 2124 1853 2190 sit
1913 2134 2232 2214 systema,
2308 2122 2486 2211 quod
2534 2130 2603 2204 ἐξ

422 2230 672 2310 ὁμοίων
712 2235 946 2292 vocant
986 2226 1256 2292 metrici.
1342 2227 1451 2293 Sic
1492 2227 1712 2292 Horat.
1757 2226 1859 2291 ΙΙΙ.
1908 2225 2007 2291 42.
2095 2225 2273 2292 Aliae
2312 2226 2602 2312 strophae

432 2348 515 2393 ex
558 2327 858 2394 versibus
902 2349 1028 2393 non
1066 2329 1276 2407 πεωίε,
1323 2349 1664 2394 numerum
1705 2326 2091 2394 habentibus
2131 2327 2439 2405 eundem,
2486 2326 2605 2393 sed

424 2424 864 2517 magnitudine
906 2430 1011 2497 vel
1057 2430 1262 2498 forma
1291 2430 1566 2498 diversis
1604 2429 1875 2509 fiebant,
1922 2440 1993 2497 ut
2022 2431 2089 2499 C.
2123 2431 2219 2497 lv.
2253 2430 2311 2495 3.
2372 2429 2479 2514 (ita
2508 2437 2601 2495 ta-

421 2552 605 2610 men,
650 2541 722 2598 ut
765 2532 1121 2599 Meinekius
1153 2534 1343 2600 etiam
1386 2532 1580 2600 huius
1612 2533 1872 2620 generis
1899 2553 2207 2599 versuum
2239 2530 2391 2597 bina
2420 2531 2601 2618 paria

423 2635 487 2699 in
535 2654 729 2699 unam
773 2634 1099 2722 stropham
1143 2640 1566 2721 τετράστιχον
1606 2633 2055 2721 coniungenda
2084 2653 2232 2699 esse
2261 2642 2437 2698 recte
2471 2643 2600 2697 sta-

424 2736 628 2803 tuisse
672 2737 1008 2822 videatur.)
1095 2737 1302 2815 Aliae,
1363 2758 1574 2826 eaque
1629 2734 2150 2822 frequentissima
2193 2735 2355 2799 ratio
2404 2733 2601 2799 fuisse

418 2837 704 2914 videtur,
753 2860 833 2906 ex
876 2843 1206 2927 quaternis
1251 2839 1548 2908 versibus
1590 2835 2172 2925 componebantur,
2230 2844 2299 2901 ut
2340 2835 2599 2922 stropha

422 2941 740 3027 Sapphica
786 2952 851 3007 et
890 2942 1158 3008 Alcaico.

591 3072 639 3135 l.
726 3071 999 3159 Stropha
1052 3071 1454 3161 Asclcpwdea
1508 3072 1802 3158 (pruma),
1853 3073 2225 3156 μονόκωλος
2272 3072 2602 3155 teredon-

415 3201 567 3255 χος,
611 3193 797 3239 versu
838 3174 1236 3262 Asclepiaden
1278 3176 1514 3241 minore
1560 3176 1652 3256 (n0
1697 3172 1819 3258 ⁴6.)
1868 3182 2100 3260 quater
2141 3171 2434 3259 repetito.

748 3280 1875 3428 Ιῖζᾼ-ἶ...ί.υυ1-Ι.ί.υυ.-υὲί

679 3465 781 3530 III.
829 3466 928 3530 30.

674 3568 770 3632 IV.
817 3568 876 3631 8.

590 3697 687 3762 De
734 3697 921 3762 tertio
966 3697 1197 3763 herum
1259 3700 1612 3764 cai-mimam
1679 3698 1827 3764 vide
1895 3699 2252 3764 Excursum
2311 3693 2394 3760 ad
2454 3715 2600 3760 ver-

414 3819 568 3864 sum
613 3798 715 3864 ⁴9.

591 3928 664 3992 ΙΙ.
713 3929 981 4016 Stropha
1025 3929 1425 4016 Asclepiadea
1449 3931 1659 4016 prima
1687 3928 2031 4015 (secunda),
2075 3935 2339 4005 δίκωλος
2379 3931 2600 4013 τετρά-

413 4058 674 4111 στιχος,
744 4051 825 4096 ex
889 4053 1072 4097 versu
1140 4031 1444 4119 Glyconeo
1509 4034 1598 4116 (n0
1645 4030 1767 4115 ⁴5.)
1829 4039 1894 4098 et
1956 4051 2138 4097 versu
2201 4028 2595 4116 Asclepiadeo

417 4134 514 4216 (n0
561 4131 683 4215 ⁴6.)
731 4132 1092 4200 alternatim
1136 4154 1207 4200 se
1254 4132 1723 4220 excipientibus
1768 4134 2154 4220 composita,
2203 4134 2288 4198 ita
2329 4142 2401 4196 nt
2446 4129 2598 4196 bina

414 4233 604 4321 paria
646 4255 775 4299 una
819 4234 1081 4322 stropha
1128 4236 1626 4323 coniungantur:
