3234 4975
1278 385 1397 434 ΠΒ.
1436 385 1498 433 11.
1569 384 1630 433 C.
1669 383 1753 432 Vl.

1016 537 1266 605 Invidet
1308 539 1472 604 uvis.

2463 378 2587 443 245

2506 538 2591 603 20

764 697 875 764 llle
922 708 985 762 te
1030 717 1291 763 mecum
1333 695 1519 762 locus
1563 706 1629 761 et
1669 696 1901 763 beatae

763 817 1093 886 Postulant
1138 837 1357 896 arces;
1404 816 1493 883 ihi
1537 826 1605 882 tu
1650 815 1967 883 calentem

761 938 990 1007 Debita
1043 958 1316 1026 sparges
1358 936 1623 1004 lacrima
1667 936 1942 1004 favillam

1016 1060 1190 1126 Vatis
1235 1058 1443 1124 amici.

556 1262 637 1309 Ἡ.
683 1271 763 1308 me
805 1262 965 1307 tectam
1010 1256 1062 1305 d.
1105 1283 1159 1291 —
1198 1256 1278 1305 22,
1316 1254 1402 1303 ubi
1447 1254 1543 1305 cd..
1576 1283 1630 1291 —
1667 1254 1748 1305 24.
1787 1256 1956 1319 amic-i]
1991 1257 2266 1320 Superscr.
2306 1271 2370 1306 ex
2411 1258 2535 1306 Por-

492 1334 671 1398 phyr.:
710 1332 954 1395 «Legitur
987 1333 1042 1380 et
1070 1331 1204 1380 vatis
1232 1329 1463 1379 Horati.»
1501 1328 1552 1377 d.

427 1523 646 1560 manum
667 1507 853 1560 Auloni
877 1507 1157 1569 tributum,
1202 1508 1478 1557 coniectu-

426 1597 521 1634 rae
559 1587 739 1634 contra
780 1584 993 1632 amictus
1024 1584 1080 1632 et
1110 1581 1315 1644 apricus
1343 1593 1475 1645 prae

428 1657 515 1708 illo
550 1657 839 1707 admodum
862 1656 1129 1719 languent.
1200 1658 1302 1705 Pro
1325 1653 1477 1704 abla-

429 1733 538 1783 tivo
569 1745 654 1781 vv.
678 1732 832 1796 fertili
864 1732 1061 1781 Baccho
1097 1731 1172 1793 (ut
1194 1730 1287 1779 sit:
1328 1742 1477 1792 «gra-

428 1809 516 1857 tus
549 1806 618 1856 ob
660 1808 794 1856 vites
830 1805 1109 1868 feraces»)
1145 1804 1334 1854 haberi
1368 1816 1475 1853 non

428 1882 669 1945 possunt.
694 1906 749 1916 -
767 1880 1031 1929 minimam»
1058 1879 1115 1928 F.
1133 1879 1323 1928 Invidet
1346 1877 1474 1941 wis]

431 1955 594 2004 «Vina
647 1955 923 2004 Tarentina
975 1956 1209 2016 aequant
1257 1952 1475 2003 Falerna

430 2031 485 2078 in
519 2030 859 2093 Campania.»

494 2176 578 2226 2⁴.
626 2177 777 2241 locus]
823 2175 993 2226 Aulon
1037 2175 1121 2227 ille
1163 2189 1332 2241 prope
1374 2176 1478 2225 Ta-

432 2251 660 2300 rentum.
704 2279 757 2287 —
794 2250 1155 2316 bedae—arces]
1200 2250 1347 2301 «loca
1382 2264 1479 2300 ex-

432 2322 602 2384 celsa,
642 2322 805 2375 colles
839 2325 1080 2375 amoeni»
1115 2326 1290 2390 potius
1314 2337 1479 2387 quam

430 2398 644 2461 proprie
678 2412 836 2459 arces,
872 2391 1210 2468 ἀκρόπολις,
1247 2399 1474 2449 Tarenti.

1614 1507 1697 1557 22.
1758 1506 1844 1569 ibi]
1891 1507 2050 1557 Recte
2094 1521 2153 1558 se
2187 1507 2353 1558 habet
2384 1506 2599 1558 ἐπανα-

1549 1576 1711 1651 φορὰ
1734 1584 1788 1631 et
1816 1575 2130 1632 ἀσύνδετον
2150 1583 2237 1632 1110
2255 1609 2280 1620 -
2296 1609 2323 1621 -
2342 1583 2437 1644 ibi,
2475 1596 2598 1633 cum

1551 1655 1719 1706 Codd.
1769 1654 1892 1720 aliq.
1948 1655 2173 1707 lectione
2220 1657 2305 1705 ubi
2354 1655 2600 1720 languide

1550 1730 1866 1794 copulentur
1898 1732 2210 1781 sententiae.
2252 1757 2307 1767 —
2344 1731 2599 1795 calentem]

1550 1805 1712 1854 adhuc
1733 1805 1976 1854 viventem
2005 1804 2237 1868 savium
2258 1804 2386 1854 dixit
2408 1805 2601 1854 Statius

1550 1877 1672 1928 Silv,
1711 1879 1768 1937 2,
1810 1878 1865 1939 4,
1902 1879 1952 1928 2.

1614 1952 1698 2003 23.
1736 1952 1933 2017 Debita]
1972 1953 2265 2002 «amicitiae
2298 1952 2422 2002 data
2448 1950 2602 2001 ideo-

1550 2038 1656 2088 que
1693 2026 1829 2075 iusta
1865 2028 1921 2075 et
1952 2027 2094 2090 pia.»
2142 2025 2352 2075 Anthol.
2392 2024 2498 2076 Pal.
2534 2026 2596 2074 11.

1549 2101 1670 2150 855:
1730 2099 1959 2164 Μέμνεο
2008 2093 2120 2164 κῆν
2179 2103 2346 2163 ζωοῒς
2396 2098 2604 2165 ἐμέθεν

1548 2175 1650 2225 καὶ
1683 2171 1929 2224 πολλάκι
1959 2170 2163 2239 τύμβῳ
2195 2173 2447 2224 Σπεΐσον
2482 2168 2602 2222 ἀπὸ

1548 2246 1862 2319 βλεφάρων
1893 2245 2092 2318 δάκρυ’
2126 2243 2509 2319 ἀποιχομένῃ.

1614 2324 1698 2375 24.
1745 2324 1879 2373 Vatis
1910 2324 2077 2387 amici]
2117 2324 2360 2386 «Legitur
2391 2326 2445 2373 et
2472 2323 2605 2371 vatis

1549 2399 1746 2449 Horati.
1785 2399 2032 2447 Ponrnru.
2070 2397 2160 2446 En.
2200 2397 2328 2445 Vsu.
2366 2396 2511 2457 1481.
2549 2399 2604 2445 et

432 2471 572 2534 Virg.
600 2473 691 2522 Ge,
720 2471 776 2534 4,
808 2471 931 2524 46⁴:
966 2475 1152 2537 fler-wat
1172 2474 1482 2536 Rhodopeiae
1552 2475 1862 2523 Scnorusn
1896 2471 2191 2521 Vossmms
2239 2471 2332 2521 Est
2363 2468 2448 2519 vel
2483 2482 2602 2520 me-

433 2559 593 2596 mes.
654 2549 781 2597 Stat.
808 2547 973 2598 Theb.
1002 2549 1049 2608 ⁴,
1090 2548 1210 2599 m:
1249 2548 1484 2611 quaplu-
1552 2561 1674 2597 rum
1718 2544 1985 2610 glossema
2029 2543 2114 2594 vel
2159 2542 2490 2609 interpolatio
2537 2556 2600 2596 ex

431 2620 593 2669 rintm
624 2634 742 2672 arce
774 2621 1038 2672 Cithaeron
1071 2623 1477 2673 Oce-mitonem.
1556 2622 1613 2671 C.
1654 2620 1710 2680 4,
1749 2620 1806 2678 6,
1845 2619 1925 2669 44.
1962 2619 2143 2683 petita.
