3234 4975
624 387 749 454 ⁴22

1392 391 1648 442 nonnil
1688 390 2025 443 CARMINUM

1344 878 2059 944 cmxx.

958 1070 1092 1137 Vile
1136 1068 1387 1157 potabis
1429 1066 1703 1136 modicis
1747 1067 2055 1135 Sabinum

959 1189 1323 1267 Cantharis‚
1372 1190 1619 1258 Graeca
1664 1188 1842 1278 quod
1885 1210 2008 1277 ego
2053 1190 2194 1277 ipse
2238 1200 2401 1258 testa

752 1390 857 1441 XX.
927 1390 1093 1440 Inscr.
1138 1386 1276 1451 volg.
1345 1387 1422 1438 Aa
1462 1387 1816 1438 Maecenatem.
1844 1367 1915 1423 '—
1951 1387 2290 1438 Maecenatem
2335 1391 2403 1440 αα
2435 1403 2609 1441 cenam
2641 1391 2723 1440 in-

683 1466 811 1515 vitat
843 1466 893 1515 S.
932 1465 1046 1514 Om.
1082 1465 1138 1514 T.
1181 1489 1235 1499 -
1274 1463 1320 1511 4.
1363 1462 1480 1527 Vile]
1512 1462 1671 1514 Dulce
1703 1461 2035 1514 Medenbach
2068 1463 2316 1514 Wakker.

686 1643 793 1693 XX.
864 1643 1229 1693 Maecenatem
1251 1651 1410 1689 suum
1432 1636 1502 1688 ad
1535 1650 1669 1689 con-

623 1717 823 1766 vivium
856 1717 1074 1766 minime
1116 1715 1489 1776 sumptuosum
1532 1713 1670 1762 invi-

623 1792 716 1840 tat.
775 1789 987 1841 Scilicet
1019 1787 1245 1839 testibus
1267 1785 1489 1838 Scholiis
1522 1787 1669 1850 apud

623 1865 786 1926 Cruq.
813 1866 868 1914 et
888 1861 1155 1913 Vanderb.
1193 1863 1474 1913 Maecenas
1496 1863 1668 1911 iturus

623 1939 677 1990 in
716 1936 962 2001 Apuliam
1003 1936 1318 2000 significavit
1365 1937 1580 1987 Horatio
1619 1937 1668 1986 ei

623 2024 684 2062 se
742 2014 865 2061 ante
932 2010 1318 2075 profectionem
1385 2011 1668 2061 convivam

624 2099 746 2137 esse
797 2083 959 2136 velle:
1019 2086 1119 2135 nisi
1167 2097 1296 2136 vero
1346 2087 1449 2135 hoc
1497 2087 1667 2135 totum

623 2162 990 2211 commentum
1023 2160 1363 2221 antiquorum
1397 2162 1481 2209 est
1500 2160 1668 2208 inter-

624 2235 855 2298 pretum.
916 2236 1042 2294 Quis
1077 2235 1219 2284 enim
1243 2234 1442 2284 Horatii
1464 2247 1669 2296 aequa-

622 2307 753 2360 lium
784 2310 888 2361 hoc
921 2309 1107 2359 litteris
1128 2308 1473 2360 mandasset?
1510 2306 1670 2359 Pleri-

624 2396 750 2447 que,
786 2387 847 2433 ut
864 2383 1090 2445 Walck.‚
1130 2384 1234 2434 hoc
1268 2396 1487 2434 carmen
1524 2395 1671 2432 com-

623 2461 857 2525 positum
892 2472 1014 2510 esse
1057 2460 1248 2523 putant
1286 2472 1334 2509 a.
1373 2471 1426 2508 u.
1465 2471 1513 2508 c.
1551 2457 1665 2507 735.

624 2535 825 2585 Franke
878 2536 933 2584 et
972 2533 1184 2585 Liibker
1223 2533 1464 2584 referunt
1504 2533 1573 2583 ad
1614 2545 1664 2582 a.

623 2610 719 2660 729
763 2609 847 2660 vel
891 2610 1037 2670 73⁰„
1093 2607 1422 2674 probabilius
1466 2607 1669 2659 Weber

622 2685 793 2735 Hor-az
825 2698 879 2748 p.
917 2685 1031 2735 264.
1069 2684 1139 2735 ad
1172 2697 1221 2734 a.
1260 2684 1357 2733 726
1389 2681 1476 2732 vel
1509 2683 1623 2732 727.

690 2760 738 2810 4.
781 2760 898 2824 Vile]
933 2759 1172 2811 Modesto
1207 2757 1364 2808 simul
1398 2758 1454 2807 et
1485 2758 1666 2808 iocose

622 2832 855 2897 loquitur
919 2834 986 2884 de
1054 2833 1249 2884 Sabino
1323 2845 1666 2895 nequaquam

623 2908 987 2972 comparando
1021 2922 1147 2960 cum
1183 2907 1435 2958 Caecubo
1470 2910 1573 2958 cet.
1610 2920 1661 2956 v.

623 2984 671 3033 9.
708 2984 833 3032 Erat
866 2986 1048 3033 autem
1082 2977 1242 3044 οἶνος
1275 2978 1501 3032 πάντων
1533 2995 1667 3032 κου-

622 3052 889 3128 φότερος,
926 3060 1063 3106 teste
1098 3055 1295 3106 Galeno
1329 3056 1475 3120 apud
1505 3057 1669 3107 Athe-

624 3144 819 3181 naeum
842 3132 889 3192 4,
925 3144 978 3194 p.
1005 3131 1067 3180 27
1090 3131 1153 3180 h:
1190 3124 1310 3179 ἀπὸ
1345 3126 1486 3181 ἐτῶν
1520 3126 1666 3181 ἑπτὰ

622 3201 944 3269 ἐπιτήδειος
976 3205 1246 3255 πίνεσθαι
1264 3206 1438 3276 μέχρι
1470 3219 1665 3255 πεντε-

623 3277 879 3341 καίδεκα,
892 3281 1121 3332 crudum
1135 3282 1518 3344 austerumque
1532 3279 1661 3331 Plin.

622 3357 687 3407 H.
723 3358 784 3406 N.
823 3355 902 3418 ⁴4,
939 3357 988 3407 2.
1059 3356 1195 3415 Hoc,
1241 3354 1309 3404 de
1351 3367 1458 3416 quo
1488 3354 1665 3419 loqui-

623 3434 727 3494 tur,
764 3431 970 3482 bimum
1004 3430 1165 3481 fuisse
1200 3431 1353 3493 putat
1373 3430 1572 3480 Franke
1606 3431 1662 3480 F.

623 3508 685 3558 H.
731 3519 783 3570 p.
830 3507 942 3556 462.
995 3531 1049 3541 —
1088 3504 1308 3568 modicis]
1358 3506 1538 3567 parvis
1590 3506 1668 3569 (ut

624 3583 730 3632 Sat.
770 3582 818 3642 4,
853 3582 903 3642 ὅ,
939 3582 996 3632 2:
1032 3580 1241 3642 hospitio
1272 3581 1480 3631 nandino.
1527 3581 1660 3645 Epp.

626 3657 673 3717 4,
720 3657 770 3718 ὅ,
814 3657 863 3706 2.
905 3655 1105 3705 modica
1142 3654 1377 3720 patella.)
1426 3658 1663 3720 «quippe

623 3742 749 3780 cum
803 3728 873 3779 ab
928 3731 1072 3780 tenui
1127 3743 1248 3780 mea
1304 3730 1466 3782 domo
1524 3729 1668 3781 absit

623 3805 797 3853 omnis
839 3804 1134 3868 profusio.»
1206 3797 1511 3855 Ἔπιθετον
1553 3817 1666 3854 mo-

623 3878 746 3928 dicis
799 3879 1042 3930 consulto
1093 3878 1307 3931 videtur
1371 3879 1660 3940 delectum,

624 3953 748 4015 quia
770 3990 782 4012 ,
853 3956 913 4003 ut
965 3954 1222 4019 exemplis
1279 3954 1667 4006 demonstravit

623 4025 848 4078 Hofman
871 4027 1206 4093 Peerlkamp,
1234 4029 1546 4090 cantharus,
1570 4041 1667 4093 po-

625 4100 805 4152 culum
838 4105 1084 4153 ansatum
1124 4106 1325 4165 maiuS,
1369 4103 1663 4158 multibibis

622 4178 959 4243 potissimum
991 4177 1254 4243 placebat.

686 4252 735 4302 2.
796 4252 1076 4316 Caum]
1125 4252 1302 4318 poculi
1344 4267 1512 4334 genus
1547 4257 1665 4306 erat

1743 1641 2016 1700 ansatum,
2060 1640 2139 1689 sic
2173 1642 2529 1702 nominatum,
2575 1647 2635 1693 ut
2673 1644 2786 1694 aie-

1742 1711 1906 1774 bant,
1977 1727 2009 1763 a
2076 1713 2235 1777 figulo
2300 1717 2592 1766 inventore.
2664 1717 2781 1771 ,Cfr.

1740 1788 1929 1837 Athen.
1969 1787 2048 1838 Η.
2085 1801 2138 1853 p.
2176 1788 2274 1840 474
2300 1791 2364 1840 d:
2415 1785 2506 1841 ὅτι
2537 1792 2636 1841 καὶ
2666 1785 2787 1841 ἀπὸ

1741 1856 2058 1931 Κανθάρου
2111 1865 2408 1934 κεραμέως
2461 1859 2785 1932 ὠνομάσθη

1742 1930 1811 1985 τὸ
1840 1929 2084 2002 ἔκπωμά
2106 1953 2260 2004 φησι
2281 1938 2628 2011 Φιλέταιρος.
2667 1943 2786 2005 (Le-

1742 2013 1993 2061 normant
2040 2012 2085 2063 le
2121 2013 2269 2064 Ιιὸνοε
2309 2015 2606 2067 Cannium.
2646 2020 2779 2067 Ann.

1742 2083 1859 2134 dell*
1900 2087 2027 2136 lust.
2072 2086 2121 2137 4.
2176 2101 2228 2152 p.
2276 2088 2411 2152 3⁴⁴.)
2477 2092 2618 2156 Virg.
2672 2091 2780 2143 Ecl.

1742 2159 1791 2220 6,
1852 2159 1938 2209 47:
1996 2162 2176 2212 attrita
2220 2165 2466 2225 pendebat
2517 2167 2789 2217 canutam

1741 2246 1911 2283 ansa.
1974 2235 2354 2288 Huiuscemodi
2377 2238 2582 2303 poculis
2614 2242 2785 2291 maio-

1741 2307 1892 2359 ribus
1915 2311 1968 2359 in
1989 2308 2142 2361 laetis
2165 2314 2539 2364 occasionibus
2563 2315 2786 2366 uteban-

1742 2384 1845 2433 tur.
1882 2383 2009 2434 Plin.
2048 2386 2110 2444 H,
2148 2387 2210 2436 N.
2248 2386 2329 2447 33,
2370 2388 2457 2437 ⁴4:
2499 2390 2551 2440 C.
2587 2391 2786 2440 Marius

1733 2464 1850 2520 post
1878 2459 2143 2510 victoriam
2186 2462 2443 2512 cantharis
2466 2469 2665 2526 potasse
2697 2466 2784 2515 Le·-

1742 2534 1848 2583 beri
1881 2536 2050 2595 patris
2089 2537 2312 2599 amplo
2361 2540 2599 2588 traditur.
2671 2541 2783 2590 Ma-

1743 2607 1891 2658 crob.
1931 2609 2036 2659 Sat.
2075 2612 2124 2670 5,
2161 2611 2249 2659 24:
2307 2613 2530 2675 scyphus
2560 2615 2786 2664 Herculis

1735 2684 1973 2745 poculum
2003 2690 2092 2746 ost,
2127 2687 2203 2735 ita
2222 2691 2278 2736 ut
2297 2688 2463 2738 Liberi
2476 2692 2643 2751 patris
2662 2705 2786 2739 can-

1739 2761 1928 2809 charus.
2014 2761 2147 2810 Hinc
2202 2763 2516 2825 saepissime
2568 2767 2783 2831 conspi-

1741 2836 1955 2884 ciuntur
2003 2836 2057 2884 in
2106 2835 2247 2886 vasis
2296 2837 2588 2890 Bacchicis.
2673 2841 2777 2891 Cfr.

1741 2908 1978 2958 Gerhard
2008 2910 2244 2972 Vsqmlde.
2267 2912 2304 2961 l.
2322 2911 2477 2962 1147.
2506 2941 2559 2949 —
2586 2915 2783 2966 Graeca

1738 3008 1768 3019 -
1783 3009 1812 3019 -
1828 2983 1967 3048 testa]
1989 2984 2245 3048 amphora
2265 2987 2389 3035 vino
2407 2989 2609 3039 Graeco
2631 2992 2780 3053 prius

1740 3057 1963 3120 imbuta,
2001 3071 2109 3121 quo
2143 3058 2428 3122 aliquando
2463 3061 2654 3114 melius
2690 3064 2781 3114 fle-

1738 3134 1823 3182 ret
1854 3132 2125 3184 Sabinum.
2197 3136 2434 3186 otiosum
2467 3137 2679 3188 videtur
2712 3139 2779 3189 de

1739 3220 1866 3257 vase
1903 3208 2142 3258 Cumano
2184 3209 2268 3258 vel
2304 3211 2479 3260 Samio
2512 3213 2779 3277 interpre-

1738 3283 1855 3342 tari,
1893 3284 2091 3347 quippe
2127 3284 2272 3346 quod
2307 3283 2431 3335 nihil
2465 3285 2534 3334 ad
2567 3299 2683 3336 rem
2707 3288 2781 3338 fa-

1739 3358 1858 3408 ciat.
1888 3384 1943 3392 —
1970 3372 2059 3421 ⁰9⁰
2090 3359 2209 3423 ipse]
2248 3372 2382 3409 «non
2416 3374 2515 3424 per
2547 3374 2777 3424 puerum

1738 3433 1971 3496 aliquem
2013 3446 2222 3492 meum,
2266 3432 2363 3483 sed
2406 3446 2615 3485 summa
2652 3448 2777 3486 cum

1739 3520 1886 3569 cura,
1925 3508 2047 3570 quia
2088 3507 2180 3557 tibi
2223 3509 2598 3558 destinaram.»
2668 3511 2778 3561 Hac

1737 3582 1999 3633 amicitiae
2051 3582 2502 3633 demonstratione
2556 3588 2780 3648 augetur

1736 3657 1968 3720 pretium
2019 3656 2141 3706 doni
2183 3671 2282 3721 per
2322 3670 2383 3707 se
2425 3659 2614 3721 exigui.
2693 3661 2777 3710 Sic

1735 3731 1956 3782 Rufinus
2004 3732 2057 3781 in
2105 3732 2262 3781 Anth.
2314 3730 2420 3782 Pal.
2465 3735 2502 3783 1.
2549 3747 2601 3797 p.
2650 3734 2773 3784 ⁴05:

1736 3805 1954 3872 Πέμπω
1990 3807 2108 3866 σοί,
2128 3800 2469 3868 ‘Dodoni-sca,
2504 3804 2636 3857 τόδε
2656 3809 2779 3859 στέ-

1737 3895 1850 3944 φος
1869 3917 1885 3941 ,
1939 3873 2145 3931 ἄνθεσι
2192 3879 2391 3944 καλοῖς
2438 3876 2622 3945 Αὐτὸς
2676 3877 2776 3945 ὑφ’

1737 3951 2037 4028 ἡμετέραις
2069 3952 2422 4021 πλεξάμενος
2466 3954 2773 4022 παλάμαις.

1801 4031 1849 4081 3.
1874 4030 1923 4082 4.
1948 4031 2058 4095 levi]
2082 4031 2327 4081 Oblinere
2351 4030 2595 4082 solebant
2615 4036 2777 4085 corti-

1737 4118 1858 4156 cem
1892 4107 1946 4156 in
1981 4104 2114 4155 collo
2148 4104 2530 4169 amphorarum
2566 4108 2686 4169 pice
2722 4109 2778 4157 et

1736 4192 1923 4244 gypso.
1993 4180 2088 4230 Od.
2126 4181 2175 4242 3,
2213 4180 2263 4242 8,
2304 4180 2359 4231 9:
2416 4181 2509 4231 Hic
2552 4181 2655 4231 dies
2684 4208 2714 4218 ·
2747 4208 2775 4218 -

1735 4255 1974 4307 Cornicen
2016 4255 2309 4306 adfinem
2357 4256 2468 4319 pico
2518 4256 2778 4306 dimovebit
