3234 4975
1201 386 1319 437 Lm.
1356 387 1418 437 11.
1490 388 1549 437 C.
1584 385 1722 437 XIX.

2468 387 2594 451 323

766 542 891 616 Tu,
939 562 1087 607 cum
1130 541 1414 628 parentis
1459 562 1659 629 regna
1702 561 1822 629 per
1866 541 2139 608 arduum

767 660 1014 728 Cohors
1062 662 1400 751 Gigantum
1445 663 1790 731 scanderet
1832 664 2066 750 impia,

850 783 1170 851 Rhoetum
1213 785 1526 851 retorsisti
1574 783 1781 850 leonis

941 905 1276 993 Unguibus
1321 903 1743 993 horribilique
1787 904 1994 983 mala3

776 1056 1184 1142 Quamquam
1228 1052 1486 1122 choreis
1528 1055 1739 1142 aptior
1781 1063 1847 1121 et
1890 1054 2076 1124 iocis,

2523 1057 2606 1120 25

770 1176 1086 1264 Ludoque
1131 1175 1342 1242 dictus
1387 1196 1516 1241 non
1562 1187 1661 1241 sat
1704 1176 1979 1243 idoneus

857 1299 1118 1384 Pugnae
1162 1295 1504 1363 ferebaris:
1552 1296 1672 1362 sed
1718 1296 1890 1363 idem

566 1440 648 1490 23.
686 1439 890 1490 Remum
924 1437 1029 1500 Sd,
1082 1438 1328 1488 Rhoecum
1360 1450 1496 1488 corr.
1534 1435 1757 1499 Bland.,
1796 1438 1915 1488 LCt.

501 1513 584 1564 24.
621 1512 967 1575 horribilisque
999 1510 1218 1562 Bentleii
1250 1512 1502 1576 suspicio.

438 1638 618 1685 tamen
652 1646 754 1684 nec
786 1632 880 1684 tibi
915 1645 1016 1683 nec
1051 1631 1148 1683 illis
1187 1632 1483 1696 quidquam

439 1711 680 1759 nocent»
716 1707 852 1759 Alibi
875 1707 1117 1758 Bacchae
1138 1710 1313 1758 semet
1336 1708 1484 1771 ipsae

439 1781 699 1845 anguibus
717 1783 949 1844 cingunt.
966 1782 1141 1846 Eurip.
1157 1782 1350 1832 Bacch.
1369 1781 1481 1832 ⁴03:

442 1855 631 1921 (Ζεὺς)
671 1852 811 1906 θεὸν
849 1852 1231 1917 Στεφάνωσέν
1263 1870 1326 1906 τε
1313 1853 1489 1942 δρα-

438 1928 661 1982 κόντων
693 1926 1041 1993 στεφάνως,
1098 1924 1263 1980 ἔνθεν
1302 1945 1487 2018 aypow

439 2003 816 2076 Θυρσοφόροι
863 2001 1140 2069 μαινάδες
1187 1999 1489 2070 ἀμφιβαλ-

439 2078 638 2131 λονται
659 2075 1000 2144 πλοκάμοις.
1038 2079 1225 2130 Catull.
1252 2079 1333 2141 64,
1359 2081 1483 2130 258:

439 2155 632 2205 Bacchi
687 2156 944 2204 comitum
997 2155 1126 2204 Pars
1193 2167 1296 2204 soso
1347 2154 1492 2204 tortis

437 2229 742 2291 mma-bus
761 2229 1092 2292 incingebant.
1146 2230 1204 2279 In
1226 2228 1340 2279 aliis
1369 2242 1490 2280 mo-

442 2304 710 2353 numentis
765 2304 995 2366 antiquis
1043 2303 1285 2353 Bacchae
1340 2305 1491 2353 utra-

441 2390 547 2440 que
594 2390 756 2428 manu
809 2379 1118 2441 serpentem
1171 2378 1370 2427 tenent.
1424 2378 1485 2426 V.

441 2452 887 2503 Raoul—Rochette
910 2452 1047 2504 Mon.
1074 2452 1207 2502 insci.
1235 2465 1288 2516 p.
1315 2452 1399 2502 22.
1429 2477 1485 2488 -

437 2528 543 2576 sino
572 2528 772 2591 fraude]
812 2527 956 2576 «sine
993 2539 1183 2576 noxa.»

504 2603 585 2651 24.
623 2603 706 2651 22.
761 2601 831 2650 Tu
868 2601 993 2663 cet.)
1029 2600 1235 2650 Etenim
1275 2611 1402 2650 cum
1436 2600 1489 2650 in

440 2676 646 2739 campis
681 2673 984 2736 Phlegraeis
1019 2673 1070 2723 di
1107 2686 1232 2724 cum
1266 2675 1491 2736 giganti-

439 2750 544 2800 bus
594 2748 810 2811 ancipiti
842 2748 1046 2811 proelio
1090 2747 1182 2797 diu
1216 2747 1493 2798 decertas-

439 2826 588 2884 sent,
648 2821 825 2872 ierunt
872 2823 1091 2871 Terram
1139 2823 1248 2872 lovi
1297 2822 1491 2873 dixisse

441 2911 548 2948 non
597 2896 752 2948 aliter
801 2897 933 2948 deos
983 2896 1290 2960 Gigantibus
1328 2910 1494 2961 supe-

441 2973 610 3023 riores
646 2971 876 3033 futuros,
914 2971 1013 3022 nisi
1050 2971 1187 3022 duos
1220 2971 1491 3023 semideos

441 3044 695 3096 sihi'belli
722 3046 898 3096 socios
928 3048 984 3096 et
1013 3045 1284 3096 adiutores
1308 3045 1493 3096 adiun-

442 3122 645 3183 gerent.
703 3122 777 3170 lta
819 3121 1065 3171 Bacchus
1102 3120 1261 3184 (unde
1294 3135 1491 3186 γιγαν-

440 3192 686 3265 τολέτωρ
731 3197 976 3258 vocatur)
1021 3197 1076 3245 et
1120 3195 1375 3246 Hercules
1411 3208 1493 3245 ar-

442 3270 619 3320 cessiti
636 3271 777 3330 sunt,
798 3283 1030 3333 quorum
1042 3282 1206 3334 opera
1225 3272 1280 3320 et
1295 3271 1488 3320 virtute

441 3343 497 3393 di
528 3343 749 3393 victoria
782 3347 906 3393 sunt
939 3345 1104 3407 potiti.
1159 3346 1237 3395 De
1261 3343 1489 3395 Hercule

441 3420 623 3468 autem
659 3430 822 3481 supra
856 3417 952 3468 Od.
990 3420 1049 3479 2,
1094 3420 1185 3480 42,
1234 3421 1282 3469 6.
1328 3422 1485 3471 Lan.

443 3492 623 3555 Eurip.
650 3489 881 3554 Cyclops
897 3503 948 3539 v.
972 3493 1021 3540 5.
1049 3491 1284 3545 Silenus:
1300 3488 1492 3545 Ἔπει-

441 3581 516 3616 τα
548 3563 595 3613 δ’
630 3557 789 3629 ἀμφὶ
819 3561 1033 3630 γηγενῆ
1072 3561 1274 3631 μάχην
1316 3565 1489 3639 δορὸς

437 3632 720 3703 Ενδέξιος
762 3635 847 3705 σῷ
899 3636 1033 3690 ποδὶ
1088 3640 1490 3712 καρασπηστὴς

442 3728 639 3781 γεγως,
655 3707 992 3780 Εγκέλαδον
1018 3715 1174 3766 ἰτέαν
1194 3717 1382 3782 μέσην
1398 3718 1492 3770 θε-

442 3785 559 3838 νών
588 3786 715 3856 δορὶ
741 3785 1022 3840 Ἕκτεινα.
1079 3792 1330 3841 Ceterum
1367 3795 1491 3856 post

443 3862 736 3914 Hesiodum
758 3863 980 3914 demum
1002 3864 1244 3914 Bacchus
1263 3864 1490 3916 deorum

443 3936 720 3989 auxiliator
752 3940 836 3988 est
867 3938 919 3987 in
950 3936 1280 3988 debellandis
1304 3940 1492 4001 Gigan-

444 4011 603 4064 tibus.
642 4010 749 4062 Cfr.
774 4010 1017 4075 Apollod.
1047 4015 1101 4072 4,
1139 4012 1195 4072 6,
1222 4014 1281 4063 2:
1311 4006 1493 4083 Εὔρυ-

442 4101 545 4137 τον
577 4084 639 4137 δὲ
671 4082 870 4156 &potii
904 4080 1253 4149 Διόνυσος”
1223 4101 1486 4138 εκτεινεν.

446 4160 702 4224 (Gerhard
755 4162 961 4224 Vamq.
1015 4163 1076 4211 11.
1125 4161 1182 4211 Τ.
1231 4162 1489 4226 LXXXV.)

444 4236 613 4286 Immo
646 4234 820 4286 fabula
874 4248 1094 4298 semper
1133 4237 1303 4300 magis
1335 4234 1492 4286 luxu-

522 4473 558 4502 ὑ

1974 1439 2051 1501 (Ut
2085 1452 2209 1501 nos,
2249 1439 2439 1503 Bb'rc.)
2481 1468 2534 1477 -

1559 1632 1729 1683 riante
1771 1632 1912 1696 apud
1964 1634 2212 1685 Nonnum
2258 1636 2501 1689 Bacchus
2551 1638 2611 1688 fit

1559 1706 1706 1758 solus
1741 1708 2020 1770 Gigantum
2054 1709 2224 1758 victor
2256 1711 2313 1760 L.
2350 1712 2443 1771 25,
2481 1712 2605 1761 205:

1557 1778 1936 1870 θυρσοφόρος
1952 1781 2014 1833 δὲ
2023 1779 2255 1845 Marivm,-
2266 1778 2611 1850 ἀποτμήξας

1561 1851 1716 1919 ὀφιω
1718 1855 1853 1919 δεας
1919 1852 2050 1920 υἷας
2115 1849 2372 1929 ἀρούρης
2426 1856 2607 1922 Εὕίος

1560 1947 1735 2002 exeas
1768 1929 1941 1991 πᾶσι,
1976 1927 2114 1994 Διὸς
2147 1929 2482 2003 πρόμος.-
2516 1935 2619 1996 per’

1561 2008 1798 2072 ανάαυηι]
1835 2020 1941 2057 non
1964 2009 2125 2057 tam·
2100 2019 2229 2071 «per
2249 2008 2445 2059 arduos
2464 2022 2615 2060 mon·

1562 2083 1673 2143 tes,
1712 2082 1898 2133 Ossam
1934 2084 1989 2131 et
2006 2080 2214 2142 Pelion,
2258 2080 2327 2132 ab
2364 2083 2425 2133 iis
2460 2097 2617 2147 exag-

1561 2160 1825 2219 gentos„
1850 2167 2012 2219 quam
2049 2156 2133 2206 «in
2155 2154 2386 2207 sublime
2410 2158 2610 2209 enisa.»

1567 2258 1623 2267 —
1666 2230 1949 2293 scanderet]
2005 2230 2261 2281 Pindarus
2311 2231 2457 2295 apud
2505 2234 2613 2283 Eu-

1562 2305 1720 2354 stath.
1755 2304 2085 2355 Schneidew.
2106 2318 2225 2368 pag.
2247 2305 2341 2354 36:
2380 2306 2613 2357 πίτναν-

1562 2392 1656 2440 τες
1688 2374 1840 2428 θοὰν
1871 2376 2110 2441 Κλίμσεκ1
2145 2379 2204 2440 ἐς
2236 2374 2411 2430 αἰπὺν
2438 2374 2617 2451 οὖρα-

1562 2447 2214 2517 νὸν--Ἄλλαλοφόνους
2250 2452 2296 2503 δ’
2328 2451 2615 2519 ἐπάξαντο

1630 2640 1712 2690 23.
1775 2638 2029 2702 Rhoetum]
2089 2652 2256 2690 unum
2315 2641 2610 2702 Gigantum.

1566 2714 1664 2764 Od.
1703 2714 1759 2775 3,
1798 2713 1856 2775 t,
1894 2715 1975 2763 55.
2032 2740 2084 2750 -
2136 2715 2394 2778 retorsisti]
2435 2727 2617 2765 «sum-

1564 2801 1656 2837 mo
1707 2789 1911 2852 impetu
1960 2785 2290 2851 reppulisti.»
2342 2815 2396 2824 —
2442 2787 2616 2853 leonis]

1566 2863 1679 2921 Qua
1723 2862 1893 2912 forma
1935 2865 2209 2925 assumpta
2250 2861 2618 2925 perterrefecit

1566 2936 1727 2986 etiam
1775 2937 1974 3000 piratas
2023 2935 2345 3000 Tyrrhenos.
2416 2936 2611 2999 Hymn.

1567 3011 1723 3060 Hom.
1763 3011 1821 3072 6,
1876 3009 1958 3062 44.
2017 3037 2071 3046 -
2126 3011 2204 3060 De
2246 3009 2458 3060 Baccho
2500 3008 2617 3060 leo-

1564 3085 1690 3135 nino
1724 3098 1775 3135 ν.
1803 3084 2040 3136 Gerhard
2071 3084 2181 3135 Etr.
2209 3085 2420 3149 Spioqet.
2446 3097 2502 3150 p.
2529 3085 2611 3136 tt.

1630 3197 1824 3248 25-27.
1852 3196 1989 3261 iocis]
2027 3196 2178 3260 Apud
2198 3196 2469 3249 Platonem
2484 3199 2617 3248 Cra-

1561 3270 1656 3336 tyl.
1694 3271 1808 3323 406.
1848 3273 1906 3322 C.
1944 3272 2185 3323 Bacchus
2220 3275 2274 3322 et
2305 3273 2486 3323 Venus
2525 3287 2618 3334 φι·

1561 3345 1954 3410 λοπαισμονες
2018 3345 2168 3395 θεοί.
2239 3372 2295 3382 -
2351 3347 2613 3410 ferebaris]

1563 3434 1595 3471 a
1630 3421 1738 3480 dis3
1795 3420 2059 3484 «primum
2092 3419 2187 3470 tibi
2222 3420 2282 3468 ut
2310 3417 2620 3486 φιλοπαίγ-

1560 3510 1702 3560 μονι
1736 3496 1941 3557 (Anacr.
1980 3494 2071 3554 42,
2108 3494 2180 3556 2.)
2227 3495 2428 3556 tuoque
2462 3495 2617 3544 auxi-

1563 3570 1634 3620 lio
1667 3569 1813 3620 haud
1848 3569 2006 3619 nimis
2041 3567 2305 3628 fidebant,
2346 3566 2447 3618 sed
2484 3569 2616 3618 viri-

1561 3644 1666 3695 bus
1700 3657 1764 3695 ac
1799 3641 2102 3693 fortitudine
2137 3644 2226 3692 tua
2261 3654 2388 3691 cum
2421 3641 2615 3695 deiecti

1562 3721 1703 3771 statu
1737 3720 1862 3769 sunt
1894 3717 2167 3779 Gigantes,
2220 3713 2372 3765 ahter
2403 3716 2509 3766 iam
2543 3717 2613 3769 de

1563 3796 1614 3843 te
1639 3792 1991 3844 iudicarunt.»
2027 3791 2104 3840 De
2123 3790 2411 3839 construet.
2438 3802 2615 3851 quam—

1563 3867 1867 3929 quam-sod
1907 3866 1994 3915 hic
2038 3866 2092 3914 et
2136 3864 2191 3914 in
2233 3864 2380 3914 Statii
2424 3864 2607 3916 Achill.

1566 3942 1622 4000 l,
1658 3941 1707 3991 3.
1746 3942 1851 4003 egit
1896 3937 2167 3990 Markland
2209 3937 2281 3987 ad
2322 3939 2449 3989 Stat.
2487 3939 2610 3989 Silv.

1565 4014 1626 4075 3,
1673 4014 1720 4063 3.
1767 4026 1886 4077 pag.
1934 4012 2048 4062 463.
2094 4025 2280 4062 errans
2320 4014 2499 4063 tamen
2543 4014 2613 4064 de

1565 4086 1715 4136 Ovid.
1754 4088 1875 4136 Met.
1913 4086 1974 4147 3,
2012 4084 2124 4144 54.;
2170 4086 2238 4136 de
2281 4088 2370 4137 etsi
2402 4112 2433 4124 -
2466 4114 2496 4126 -
2528 4089 2614 4138 sod

1565 4159 1660 4210 ctr.
1714 4159 1866 4209 Hand
1911 4161 2060 4211 Tura.
2108 4161 2169 4210 11.
2214 4174 2268 4224 p.
2307 4161 2420 4211 603.
2494 4163 2610 4221 Quo

1563 4233 1945 4298 significarem,
1988 4247 2301 4297 quamquam
2332 4235 2419 4285 hic
2453 4234 2612 4285 ahso-
