3234 4975
1336 413 1452 462 LIB.
1490 413 1552 463 11.
1624 414 1680 461 C.
1720 414 1758 463 1.

2465 411 2586 477 2¹3

936 566 1323 656 Ludumque
1368 571 1686 635 Fortunae
1731 590 2090 658 gravesque

1024 690 1386 777 Principum
1431 690 1741 757 amicitias
1788 701 1852 757 et
1894 712 2068 756 arma

854 847 1152 913 Nondum
1197 849 1468 935 expiatis
1515 861 1706 915 uncta
1750 848 2122 925 cruoribuS,
2548 853 2586 913 ὅ

856 968 1267 1036 Periculosae
1312 969 1571 1058 plenum
1616 992 1782 1058 opus
1826 970 2034 1045 aleae,

932 1092 1193 1158 Tractas
1239 1101 1302 1157 et
1345 1091 1591 1158 incedis
1635 1114 1754 1180 per
1800 1092 1980 1180 ignes

1020 1213 1407 1300 Suppositos
1451 1214 1650 1280 cineri
1695 1213 1940 1280 doloso.

563 1412 611 1461 3.
651 1413 925 1475 gravisque
958 1410 1124 1461 Bch.
1170 1439 1223 1446 —
1260 1413 1308 1460 5.
1347 1413 1501 1461 tincta
1538 1411 1704 1462 Bentl.
1744 1414 1878 1463 coni.

430 1602 481 1638 v.
524 1590 602 1647 2.,
656 1590 825 1651 cogita
876 1588 942 1638 de
995 1587 1210 1651 singulis
1260 1589 1469 1652 pugnis,
1549 1588 1780 1640 «bellum
1822 1588 1998 1650 civile,
2054 1591 2177 1653 quia
2219 1592 2271 1640 10
2308 1604 2398 1651 00,
2450 1593 2588 1643 sicut

431 1664 688 1728 imprimis
742 1664 810 1714 de
875 1662 1157 1723 Pharsalo,
1226 1665 1469 1728 Thap80,

432 1737 641 1788 Munda.

495 1814 544 1862 5.
580 1813 813 1862 Nondum
842 1812 1075 1876 aptatis]
1112 1813 1243 1872 Quia
1278 1814 1469 1863 nimiae

430 1889 589 1937 etiam
643 1890 765 1951 post
817 1887 1099 1936 Antonium
1154 1900 1471 1951 oppressum

428 1959 781 2011 remanebant
813 1959 1079 2011 scelerum
1103 1959 1331 2011 civilium
1355 1959 1472 2010 reli-

430 2036 611 2099 quiae.
639 2034 792 2097 longo
815 2037 1017 2084 tantum
1042 2035 1309 2084 Octaviani
1332 2036 1473 2099 prin-

430 2111 608 2174 cipatu
641 2108 1016 2159 removendae.
1055 2108 1150 2158 Od.
1190 2110 1245 2169 4,
1284 2111 1341 2167 2,
1376 2110 1466 2159 29:

431 2185 524 2235 Cui
555 2183 693 2234 dabit
714 2189 891 2245 partos
922 2184 1076 2232 scelus
1095 2184 1336 2245 aptandi
1356 2185 1472 2246 Iup-

426 2258 595 2322 piter?
632 2285 685 2295 --
722 2258 891 2321 uncta]
918 2256 1196 2322 «pollutam
1231 2258 1468 2309 Venbum

429 2333 574 2397 quod
606 2331 840 2382 Bentleio
872 2332 956 2381 vix
991 2332 1232 2382 Latinum
1253 2332 1472 2382 videba-

427 2412 542 2469 tur,
588 2407 829 2458 firmatur
860 2420 891 2456 a
925 2405 1045 2456 Silio
1079 2407 1135 2465 9,
1175 2408 1263 2457 ⁴3:
1315 2408 1469 2457 hosti-

428 2483 560 2546 liquo
607 2497 829 2547 011900νο
870 2483 1068 2545 pm'mua
1114 2483 1227 2533 Tela
1269 2497 1464 2532 emtore.

426 2559 489 2607 V.
536 2559 703 2621 100310
745 2557 957 2620 volgare
999 2558 1154 2606 tincta
1194 2561 1315 2621 post
1347 2557 1465 2620 syll.

426 2633 492 2682 tis
547 2634 808 2695 ingratum
865 2646 1056 2682 sonum
1109 2632 1463 2696 praebuisset.

431 2709 540 2757 Uda
587 2713 768 2758 autem
810 2707 1096 2766 cruoribus,
1145 2706 1289 2769 quod
1334 2721 1469 2757 non-

428 2795 587 2832 nemo
621 2783 918 2845 proposuit,
956 2782 1135 2831 Latine
1171 2795 1275 2831 000
1301 2783 1467 2844 010310

428 2855 620 2905 dicitur
668 2867 831 2918 quam
881 2855 1193 2905 Germanice
1241 2857 1464 2919 Waffen,

424 2930 586 2993 ranchi
615 2943 713 2978 von
744 2930 876 2978 mut.
919 2958 974 2966 —
1010 2931 1286 2995 amoribus]
1319 2944 1470 2981 «000-

426 3005 583 3067 30100
618 3018 781 3069 saepe
804 3018 869 3054 ae
891 3004 1068 3055 multis
1092 3004 1219 3055 locis
1243 3006 1464 3056 effuso.»

426 3080 511 3128 Sic
544 3077 763 3143 αἵματα
796 3078 989 3129 crebro
1024 3080 1166 3144 apud
1199 3081 1462 3142 Tragicos.

425 3153 673 3223 ᾼο0011γ1.
711 3153 892 3218 Suppl.
931 3154 1052 3204 265:
1092 3153 1349 3206 παλαιῶν
1373 3157 1466 3206 αἱ·

425 3225 624 3293 μάτων
660 3225 1007 3293 μιάσμασιν.

492 3304 539 3353 6.
585 3303 748 3368 abac]
794 3303 862 3353 de
906 3305 1106 3354 incerto
1147 3318 1211 3355 ac
1256 3305 1466 3356 fortuito

425 3380 623 3428 eventu
666 3378 896 3429 cuiusvis
931 3380 1152 3443 incepti,
1201 3382 1261 3429 ut
1295 3381 1465 3430 «lacta

424 3455 508 3503 est
540 3450 674 3511 0100,
710 3445 1047 3522 ἅκεῤῥιφθω
1069 3451 1302 3516 κύβος.»
1338 3453 1464 3502 Ideo

424 3528 605 3577 autem
638 3526 995 3590 periculosum
1029 3527 1272 3578 Pollionis
1310 3530 1467 3577 vocat

424 3602 722 3665 inceptum,
759 3602 883 3663 quia
914 3603 1001 3651 vix
1034 3599 1186 3651 aliter
1216 3602 1332 3652 fleri
1366 3615 1466 3666 po-

424 3677 587 3736 terat,
642 3689 804 3738 quam
848 3679 908 3726 ut
951 3677 1005 3727 in
1046 3677 1203 3726 tantis
1248 3679 1463 3740 tamque

424 3748 638 3801 acribus
683 3752 913 3815 partium
958 3750 1171 3810 studiis,
1226 3750 1463 3801 nondum

422 3837 642 3888 prorsus
690 3827 874 3889 sopitis
896 3864 908 3887 ,
961 3827 1103 3875 11000
1151 3824 1235 3880 vel
1284 3825 1461 3886 illum,

424 3897 559 3948 filios
574 3912 787 3963 quoque
805 3903 860 3950 et
881 3901 1081 3952 amicos
1104 3914 1310 3962 eorum,
1336 3915 1467 3965 quo-

422 3985 545 4023 rum
595 3986 819 4037 magnae
876 3976 926 4025 in
981 3975 1122 4026 bello
1170 3976 1463 4027 domestico

421 4049 605 4112 partes
638 4047 863 4110 fuerant,
900 4051 1059 4101 etiam
1091 4064 1221 4101 vero
1259 4050 1464 4116 simpli-

423 4123 558 4172 citer
618 4122 883 4187 patefacto
945 4124 1199 4176 laederet.
1302 4125 1465 4176 Aliter

422 4195 651 4261 explicat
690 4198 952 4262 Doering,
1009 4200 1159 4251 cuius
1201 4201 1461 4251 rationem

421 4272 654 4334 praefert
712 4272 957 4324 Liibker:
1008 4276 1082 4337 pl.
1137 4288 1259 4338 opus
1305 4275 1460 4339 01000]

1545 1666 1597 1714 10
1631 1664 1776 1724 0100,
1813 1663 2040 1729 plurima
2074 1677 2105 1714 a
2139 1665 2380 1715 fortunae
2406 1665 2585 1718 favore

1544 1740 1808 1805 pendent;
1862 1743 1916 1790 et
1947 1742 2024 1790 010
2062 1741 2287 1790 incedere
2318 1743 2421 1791 cet.
2457 1743 2581 1792 erit:

1544 1816 1749 1866 versari
1785 1817 1836 1865 in
1871 1814 2226 1865 describendo
2261 1814 2400 1867 bello
2431 1816 2583 1878 civili,

1545 1889 1638 1940 ubi
1673 1891 1938 1955 inopinata
1972 1888 2108 1940 mala
2145 1893 2199 1940 et
2219 1890 2481 1955 pericula,
2519 1894 2589 1943 si-

1545 1966 1637 2013 cut
1669 1964 1801 2026 13010
1836 1965 1999 2013 cineri
2042 1963 2225 2014 doloso
2260 1967 2584 2029 suppositus,

1545 2037 1721 2087 subito
1762 2041 2172 2102 prorumpunt.»
2241 2040 2323 2089 Me
2367 2043 2585 2091 secutus

1545 2114 1626 2161 est
1678 2110 1851 2174 Regel.
1933 2111 2096 2162 Nobis
2147 2113 2303 2174 igitur
2341 2127 2464 2175 opus
2504 2117 2588 2163 est

1546 2186 1793 2235 «historia
1816 2183 1940 2234 belli
1961 2186 2210 2244 intestini,
2236 2200 2398 2249 quam
2421 2188 2583 2237 edere

1544 2261 1813 2322 cogitasn:
1879 2258 1977 2309 illis
2041 2259 2282 2310 «bellum
2335 2261 2581 2323 ipsum»;

1544 2348 1651 2398 quo
1685 2334 1825 2394 iure,
1880 2335 1978 2398 ipsi
2023 2333 2263 2384 viderint.
2332 2335 2583 2384 Ceterum

1542 2409 1647 2458 hoc
1690 2407 1966 2457 dumtaxat
2014 2421 2112 2470 pro
2164 2409 2311 2456 certo
2354 2408 2580 2467 0010100,

1541 2482 1857 2548 perductam
1877 2481 2037 2532 fuisse
2051 2480 2294 2532 Pollionis
2310 2481 2584 2534 historiam

1542 2571 1714 2620 usque
1778 2558 1845 2606 ad
1911 2557 2182 2607 Ciceronis
2252 2555 2583 2620 aliorumque

1540 2632 2012 2696 proscriptionem;
2039 2630 2382 2693 probabiliter
2405 2635 2582 2682 tamen

1541 2720 1712 2769 usque
1767 2705 1835 2755 ad
1897 2718 2131 2769 pugnam
2191 2704 2581 2769 Philippensem

1539 2793 1855 2843 progressus
1898 2781 1998 2828 est.
2068 2779 2165 2838 Qui
2199 2792 2329 2828 vero
2369 2782 2580 2843 putant.

1543 2868 1668 2904 eum
1719 2855 1770 2904 10
1814 2866 2031 2903 omnem
2077 2853 2157 2903 001
2202 2854 2457 2917 temporis
2500 2854 2583 2903 hi-

1540 2930 1759 2979 storiam
1816 2927 1886 2977 ad
1941 2927 2354 2978 dominationem
2411 2942 2582 2991 usque

1540 3004 1806 3053 Octaviani
1835 3004 1899 3064 (a.
1927 3003 2060 3064 725.)
2087 3003 2402 3063 excurrisse,
2432 3015 2582 3053 mera

1541 3079 1844 3128 coniectura
1881 3077 2132 3127 nituntur.

1604 3153 1653 3201 7.
1690 3152 1843 3216 iquos]
1889 3151 2158 3201 Proverbii
2205 3153 2441 3216 speciem
2482 3153 2582 3201 ha-

1539 3227 1647 3278 bet.
1703 3227 1913 3276 Suidas:
1969 3219 2062 3275 Ἕν
2115 3228 2248 3296 πυρὶ
2296 3225 2579 3292 βέβηκας]

1540 3300 1725 3353 Τοῦτο
1771 3299 2046 3368 ἐπιλέγειν
2088 3298 2201 3373 χρὴ
2247 3301 2310 3352 ἐν
2353 3307 2475 3364 τοῖς
2517 3301 2580 3353 ἐν

1538 3374 1882 3438 ἐπισφαλέσι
1898 3377 1996 3425 καὶ
2013 3372 2389 3438 ἐπικινδύνοις
2402 3373 2581 3446 πράγ-

1536 3467 1717 3518 μασιν
1788 3449 2207 3522 ἑμφιλοχωρετν
2291 3449 2575 3501 ἐθέλουσι.

1539 3526 1741 3578 Callim.
1781 3528 1873 3591 Ep.
1911 3526 2001 3586 46,
2048 3528 2103 3576 2:
2158 3520 2283 3575 ἔστι
2317 3523 2430 3594 πῦρ
2464 3521 2579 3576 ὑπὸ

1538 3600 1607 3672 τῇ
1646 3596 1873 3671 σποδιῇ.
1924 3599 2187 3664 Meleager
2221 3601 2314 3663 Ep.
2352 3601 2444 3649 ὅδε
2491 3591 2578 3666 μή

1537 3705 1566 3714 -
1589 3706 1620 3715 -
1641 3674 1886 3748 κινήσῃς
1907 3678 2089 3747 τέφρῃ
2114 3675 2225 3748 πῦρ
2247 3670 2582 3741 ὑπολαμπά-

1536 3765 1731 3816 μενον.
1770 3755 2006 3816 Propert.
2046 3753 2101 3812 4,
2139 3753 2195 3810 5,
2241 3752 2295 3800 5:
2334 3764 2582 3813 properas

1534 3827 1716 3877 ultima
1753 3839 1894 3876 000ιο
1933 3826 2102 3887 mala,
2145 3826 2211 3874 Et
2246 3825 2398 3875 miser
2433 3826 2581 3890 19110-

1536 3907 1612 3951 εοε
1648 3902 1859 3964 vestigia
1895 3900 2028 3962 ferra
2061 3913 2157 3961 per
2186 3900 2341 3962 19000.
2382 3926 2437 3936 --
2474 3902 2578 3952 Res

1538 3990 1569 4026 a
1598 3975 1830 4026 Pollione
1864 3976 2111 4038 suscepta
2136 3986 2300 4037 quam
2324 3974 2489 4025 ardua
2512 3978 2580 4026 sit

1539 4054 1596 4101 et
1629 4064 1792 4114 quam
1825 4061 2046 4112 magnos
2080 4050 2294 4114 spiritus
2323 4052 2575 4113 requirat,

1538 4127 1588 4175 ei
1638 4126 1761 4176 ideo
1812 4127 1934 4175 ante
1979 4123 2161 4176 000100
2204 4125 2379 4190 ponit,
2433 4125 2575 4188 quod

1537 4199 1816 4251 difficultas
1865 4201 1980 4264 ipsa
2028 4202 2201 4251 virum
2258 4213 2576 4264 generosum

1537 4274 1605 4325 ad
1665 4288 1849 4326 curam
1907 4274 2285 4340 perficiendam
2345 4275 2575 4324 excitare
