3234 4975
1191 388 1307 437 LlB.
1348 389 1407 437 ll.
1480 390 1537 437 C.
1579 388 1707 439 xlx.

2461 390 2573 456 321

851 544 972 607 Fas
1019 544 1392 629 pervicaces
1438 554 1538 609 est
1582 545 1733 610 mihi
1780 545 2099 637 Thyiadas

842 663 1113 751 vinique
1157 664 1421 742 fontem,
1467 665 1653 732 lactis
1698 676 1763 732 et
1805 667 2047 734 uberes

2512 671 2593 736 40

940 784 1212 850 Cantare
1259 785 1432 851 rivos
1477 796 1673 874 atque
1721 789 1962 855 truncis

1011 907 1222 993 Lapsa
1264 906 1439 973 cavis
1485 908 1721 974 iterare
1769 909 1989 988 mella;

847 1065 967 1128 Fas
1013 1074 1078 1128 et
1119 1063 1349 1130 beatae
1396 1066 1689 1153 coniugis
1734 1066 2023 1133 additum

555 1213 602 1262 9.
641 1215 704 1262 sit
737 1214 856 1262 mihi
891 1212 1161 1264 Bentleius
1198 1217 1334 1266 coni.
1379 1245 1433 1280 -,-
1477 1216 1708 1278 Thyadas
1740 1217 2112 1278 BbsTcd,Lct.

425 1348 454 1382 a
477 1347 528 1383 v.
558 1329 718 1384 θύειν
736 1370 751 1393 ,
789 1333 983 1383 furere.
1038 1335 1198 1398 Soph.
1226 1338 1467 1399 Antigon.

427 1407 448 1455 4
460 1409 479 1456 4
490 1409 572 1457 52:
587 1405 831 1458 Θυιάσιν
840 1406 909 1457 αἶ’
913 1423 981 1457 σε
988 1406 1337 1474 μαινόμεναι
1349 1409 1469 1460 κτλ.

492 1483 571 1532 40.
617 1484 821 1544 Vitiique
838 1485 1040 1547 fonte-ni]
1069 1485 1246 1549 Eurip.
1275 1486 1468 1535 Bacch.

426 1555 522 1606 704
544 1571 554 1604 :
594 1553 824 1628 Θύρσον
845 1556 908 1608 δέ
928 1572 1014 1620 τις
1036 1557 1274 1619 λαβοῦσ’
1307 1552 1474 1609 ἔπαι-

425 1645 527 1680 σεν
575 1631 636 1695 ἐς
685 1634 928 1702 πέτραν,
963 1625 1129 1683 Ὅθεν
1177 1630 1475 1703 δροσώδης

427 1696 637 1768 ὕδατος
684 1704 906 1773 ἐκπηδᾷ
957 1709 1138 1770 νοτίς·
1184 1703 1360 1773 Ἀλλη
1413 1706 1475 1759 δὲ

425 1775 662 1849 νάρθηκ’
684 1780 743 1842 ἐς
765 1778 937 1831 πέδον
958 1779 1184 1847 καθῆκε
1205 1781 1313 1848 γῆς
1327 1819 1342 1842 ,
1363 1782 1475 1832 Καὶ

424 1849 561 1923 τῇδε
591 1849 812 1923 κρήνην
843 1850 1071 1920 ἐξανῆκ’
1107 1853 1270 1907 οἴνου
1305 1853 1443 1918 θεός
1462 1871 1474 1884 ·

419 1923 616 1992 Ὅσαις
648 1927 710 1980 δὲ
742 1928 950 1982 λευκοῦ
991 1928 1267 1996 πώματος
1290 1928 1477 1995 πόθος

430 2000 647 2073 παρῆν,
692 1997 950 2075 Ἀκροισι
1006 2003 1339 2057 δακτύλοισι
1394 2005 1479 2056 δι-

426 2075 662 2143 αμῶσαι
709 2075 901 2139 χθόνα
934 2077 1226 2144 Γάλακτος
1259 2076 1480 2146 ἑσμοὺς

427 2150 612 2213 εἶχον·
683 2154 747 2204 ἐκ
798 2152 861 2204 δὲ
909 2158 1185 2205 κισσίνων
1235 2155 1479 2243 Θύρσων

425 2227 683 2294 γλυκεῖαι
738 2228 970 2293 μέλιτος
1029 2225 1275 2294 ’ἔσταζον
1322 2232 1475 2318 ροαί.

428 2302 571 2353 Plato
595 2304 647 2353 in
670 2305 797 2353 lone
817 2318 868 2368 p.
885 2305 999 2355 534.
1021 2308 1080 2355 Α.
1108 2321 1117 2353 :
1167 2306 1234 2355 αἱ
1252 2305 1481 2366 Βακχαι

427 2372 740 2446 α’ρύτονται
784 2378 848 2429 ἐκ
894 2376 1008 2429 τῶν
1042 2377 1317 2444 ποταμῶν
1349 2379 1481 2445 με’λι

430 2453 528 2502 καὶ
557 2447 707 2519 γάλα
737 2450 1148 2520 κατεχόμεναι,
1190 2448 1481 2525 ἔμφρονες

429 2525 490 2576 δὲ
508 2520 682 2578 οὖσαι
706 2522 796 2579 οὔ.
819 2527 1060 2579 Philostr.
1090 2532 1351 2592 lmagg.⁴,
1388 2530 1477 2581 ⁴4:

431 2595 485 2666 (ἡ
516 2600 608 2668 γῆ)
634 2603 733 2653 καὶ
766 2603 1204 2667 συμβακχεὺσει
1230 2600 1322 2672 (τῷ
1345 2605 1482 2656 Διο-

427 2674 600 2743 νύσῳ)
637 2679 738 2728 καὶ
771 2675 933 2729 οἶνον
966 2675 1257 2742 ἀφύσσειν
1280 2681 1345 2732 ἐκ
1368 2697 1481 2746 πη-

426 2750 543 2818 γῶν
559 2749 733 2803 δώσει
753 2750 902 2820 γάλα
920 2769 982 2804 τε
1000 2751 1127 2805 οἷον
1149 2750 1268 2805 άπὸ
1284 2754 1481 2821 μαζῶν

431 2820 617 2878 ἕλκειν
666 2825 734 2878 τὸ
783 2828 892 2893 μὲν
927 2829 991 2880 ἐκ
1023 2828 1256 2891 βώλου,
1314 2828 1384 2881 τὸ
1418 2830 1480 2883 δὲ

427 2902 493 2952 ἐκ
527 2905 751 2975 πέτρας.
824 2904 1143 2957 Claudianus
1178 2907 1341 2956 Laud.
1378 2909 1482 2958 Sti-

431 2975 550 3027 lich.
592 2979 644 3040 4,
692 2980 772 3028 85.
828 2979 896 3029 de
940 2982 1172 3030 Serenae
1225 2995 1480 3042 egressu:

431 3052 683 3114 mellisque
716 3053 856 3102 lacus
877 3058 923 3102 et
954 3056 1168 3117 flumina
1188 3054 1333 3104 lactis
1352 3056 1485 3105 Eru-

424 3126 554 3187 pisse
586 3127 689 3176 solo
725 3128 952 3190 (ferunt).

498 3202 576 3250 44.
616 3202 822 3265 mucis]
845 3203 1285 3265 Antiquissimum
1310 3202 1483 3252 abun—

428 3274 640 3324 dantiae
711 3273 1046 3337 symbolum‚
1121 3275 1214 3326 ubi
1260 3290 1289 3325 e
1338 3277 1481 3325 cavis

428 3350 630 3398 truncis
682 3349 786 3399 mel
839 3354 1034 3400 manat.
1109 3353 1272 3402 Exod.
1311 3353 1374 3412 3,
1412 3353 1476 3400 8:

431 3420 695 3486 Κατέβην
750 3425 1076 3488 εἰσαγαγεῖν
1132 3419 1348 3487 αὐτοὺς
1387 3455 1417 3465 -
1450 3453 1481 3463 -

430 3498 511 3557 εἰς
543 3493 653 3562 γῆν
697 3491 949 3565 ῥέουσαν
986 3496 1135 3562 γάλα
1182 3501 1280 3550 καὶ
1328 3499 1477 3565 μέλι.

435 3571 648 3621 llesiod.
689 3570 746 3620 Ο.
788 3572 842 3620 et
865 3572 925 3621 D.
955 3572 1082 3621 230:
1123 3573 1286 3623 Τοῖσι
1319 3577 1481 3645 φέρει

428 3644 541 3710 μὲν
573 3649 712 3712 γαΐα
746 3641 929 3696 πολὺν
960 3644 1094 3705 βίον
1116 3685 1127 3707 ,
1188 3641 1385 3716 οὔρεσι
1419 3647 1480 3699 δὲ

428 3716 564 3788 δρῦς
581 3712 756 3790 ’Ἁκρη
805 3719 916 3785 μὲν
958 3722 1120 3790 φέρει
1153 3717 1444 3785 βαλάνους
1463 3761 1477 3783 ,

429 3796 624 3859 μέσση
658 3792 720 3844 δὲ
753 3794 1053 3860 μελίσσας.
1125 3796 1265 3857 Virg.
1295 3796 1398 3846 Ecl.
1427 3797 1475 3858 4,

431 3868 494 3917 30
518 3882 528 3915 :
567 3870 630 3917 Et
654 3870 814 3920 durae
836 3884 1048 3933 quercus
1064 3870 1311 3920 sudabunt
1331 3873 1484 3920 rosci-

430 3943 498 3991 da
535 3943 702 3992 mella.

495 4017 575 4065 η.
613 4017 816 4080 iterare]
852 4017 1021 4068 Nolim
1057 4019 1319 4083 explicare
1355 4029 1479 4067 cum

429 4089 577 4140 aliis:
640 4090 836 4140 «semel
872 4095 1032 4155 atque
1069 4095 1260 4144 iterum
1296 4105 1481 4143 narra—

431 4178 487 4213 re
502 4181 546 4220 n,
602 4178 731 4215 nec:
788 4168 939 4228 «post
989 4166 1119 4216 alios
1155 4180 1476 4232 exponere.»

1550 1336 1840 1399 describit,
1887 1352 2025 1403 quae
2059 1346 2336 1405 μιμεῖται.
2405 1345 2597 1395 Asellio

1548 1412 1691 1475 apud
1727 1410 1855 1463 Gell.
1895 1415 1951 1473 ὅ,
1991 1415 2081 1464 48;
2132 1418 2272 1477 Quae
2303 1431 2360 1467 eo
2394 1420 2446 1469 in
2479 1420 2601 1469 bello

1547 1491 1689 1548 qesta
1737 1487 1863 1548 sint,
1924 1489 2047 1551 (non
2100 1489 2372 1554 explicatis
2424 1496 2600 1544 causis

1550 1562 1604 1608 et
1651 1559 1908 1623 consiliis)
1956 1563 2171 1625 ware,
2223 1590 2252 1601 -
2292 1592 2322 1602 -
2363 1568 2417 1616 id
2457 1568 2606 1630 fabu-

1548 1634 1627 1683 las
1667 1636 1842 1697 pueris
1890 1641 1962 1685 cst
2010 1651 2257 1699 narrare,
2314 1654 2415 1690 non
2447 1642 2601 1690 histo-

1547 1710 1659 1758 rias
1704 1709 1933 1760 scribere.
2025 1713 2109 1762 Sic
2161 1716 2242 1763 est
2310 1729 2597 1776 «narrare,

1552 1796 1691 1847 quae
1741 1786 1864 1834 ante
1917 1785 2054 1836 sacta
2105 1791 2296 1850 sunt»,
2343 1790 2395 1839 in
2436 1790 2604 1841 Plauti

1550 1858 1696 1908 Asin.
1736 1859 1794 1921 3,
1831 1860 1889 1921 2,
1935 1861 2034 1910 2⁴:
2093 1867 2184 1911 lua
2234 1877 2428 1926 quoquo
2473 1866 2605 1916 ηιαίο

1548 1933 1691 1995 facta
1722 1935 1900 1984 iterari
1932 1937 2095 1986 multa
2116 1964 2146 1974 -
2169 1944 2455 1999 -possunt,
2510 1939 2601 1990 ubi

1552 2020 1714 2057 nemo
1747 2008 2017 2072 supplebit
2051 2014 2203 2074 «post
2235 2009 2418 2062 alios.»

1620 2080 1700 2130 43.
1725 2080 1805 2131 u.
1834 2082 2022 2147 beatae]
2058 2078 2518 2152 ἄποθεωθείσης.
2546 2116 2599 2123 -

1552 2155 1805 2220 conitaqis]
1848 2157 2111 2208 Ariadnae
2134 2197 2145 2219 ‚
2195 2161 2381 2211 Minois
2417 2164 2471 2211 et
2506 2163 2606 2210 Pa-

1554 2228 1770 2291 siphaes
1804 2227 1940 2280 filiae
1964 2270 1976 2292 ,
2029 2234 2179 2295 prius
2230 2247 2261 2282 a
2312 2235 2520 2286 Theseo
2557 2235 2608 2285 in

1555 2304 1701 2351 Naxo
1724 2303 1891 2354 insula
1917 2306 2183 2367 desertae,
2220 2321 2286 2357 ex
2310 2321 2415 2371 qua
2442 2309 2608 2358 Cera—

1556 2388 1705 2426 mum
1737 2378 1977 2429 Bacchus
2000 2383 2253 2445 suscepit.
2292 2384 2514 2432 Pausan.
2556 2384 2603 2441 4,

1557 2448 1621 2512 3,
1670 2452 1716 2502 4.
1771 2479 1826 2490 -
1872 2454 2001 2505 Vide
2048 2456 2342 2507 Excursum
2391 2456 2458 2506 ad
2502 2456 2606 2506 hoc

1557 2538 1794 2577 carmen.
1847 2556 1898 2564 -
1946 2527 2090 2579 Iliad.
2130 2545 2196 2590 σ,
2245 2531 2360 2580 592.
2409 2531 2599 2595 Odyss.

1557 2597 1607 2658 λ,
1646 2601 1758 2650 32⁴.
1812 2603 2025 2652 Hesiod.
2062 2606 2155 2654 Th.
2196 2604 2316 2655 947:
2372 2605 2608 2676 Χρυσο-

1556 2670 1748 2739 κόμης
1780 2672 1842 2725 δὲ
1875 2673 2170 2740 Διώνυσος
2210 2674 2433 2743 ξανθὴν
2468 2674 2608 2750 Ἀρι-

1556 2743 1739 2812 άδνην
1762 2777 1792 2788 -
1814 2778 1844 2788 -
1869 2749 2133 2815 ποιήσατ’
2166 2745 2407 2803 ἄκοιτιν.
2466 2755 2607 2804 Varii

1557 2821 1627 2872 de
1663 2823 1777 2873 eius
1812 2837 2010 2874 corona
2049 2826 2185 2875 inter
2219 2826 2395 2876 sidera
2441 2826 2605 2878 relata

1555 2891 1740 2960 μῦθοι
1774 2900 1959 2956 erant;
2004 2913 2056 2948 v.
2096 2915 2144 2948 c.
2184 2900 2329 2950 Theo
2364 2902 2431 2951 ad
2464 2904 2605 2952 Arati

1559 2973 1752 3021 Phaen.
1792 2972 1881 3021 7⁴:
1935 2969 2038 3023 τὸν
2080 2976 2344 3025 κίσσινον
2388 2978 2606 3038 στέφα-

1556 3061 1689 3108 νον,
1735 3041 1804 3096 ὃν
1838 3043 2037 3118 ἐφόρει
2063 3043 2095 3098 ὁ
2120 3046 2421 3113 Διόνυσος,
2457 3045 2604 3116 μετὰ

1557 3118 1814 3171 θάνατον
1868 3119 1973 3188 τῆς
2022 3118 2310 3192 Ἀριάδνης
2367 3129 2608 3196 ἰσχυρο-

1558 3194 1764 3247 παθῶν
1805 3192 2055 3248 ἀπέθετο
2095 3201 2194 3250 καὶ
2227 3204 2603 3272 κατηστέρισε

1555 3269 1941 3337 μνημόσυνον
2017 3271 2122 3339 τῆς
2200 3275 2285 3326 ἐπ’
2350 3270 2606 3347 Ἀριάδνῃ

1556 3344 1886 3417 συμφορᾶς.
1959 3348 2063 3398 Sed
2114 3348 2443 3412 frequentior
2492 3353 2607 3399 erat

1557 3420 1730 3472 fabula
1749 3436 1969 3473 auream
1993 3423 2152 3473 fuisse
2172 3436 2445 3485 coronam,
2472 3436 2607 3487 opus

1554 3496 1790 3557 Volcani,
1827 3495 1896 3546 ab
1931 3496 2035 3547 hoc
2070 3497 2291 3557 Veneri,
2328 3510 2357 3544 a
2392 3498 2603 3546 Venere

1555 3571 1792 3633 Baccho,
1844 3570 1913 3620 ab
1957 3571 2062 3621 hoc
2096 3570 2358 3620 Ariadnae
2394 3573 2603 3620 muneri

1544 3646 1755 3702 datum.
1812 3645 1917 3695 Cfr.
1956 3645 2230 3709 egregium
2264 3643 2443 3694 locum
2480 3645 2605 3695 Ovi-

1554 3720 1626 3768 dii
1662 3721 1798 3769 Fast.
1838 3719 1896 3778 3,
1935 3719 2031 3769 1459
2066 3731 2220 3782 seqq.
2282 3720 2520 3782 Propert.
2550 3719 2599 3780 3,

1557 3794 1646 3853 ⁴7,
1700 3793 1756 3842 8:
1810 3793 2055 3853 Lync-ibus
2102 3795 2170 3843 ad
2221 3793 2415 3842 caelum
2460 3799 2605 3843 vecla

1552 3867 1783 3915 Ariadna
1824 3868 1936 3917 tuis.
2020 3867 2166 3917 Ovid.
2214 3869 2338 3918 Her.
2377 3868 2438 3929 6,
2479 3868 2597 3917 ⁴⁴5:

1553 3941 1735 3989 Bacchi
1768 3942 1957 3990 conitar
1987 3944 2219 3992 redimita
2239 3957 2429 3992 corona
2454 3943 2606 3992 Prae-

1553 4015 1727 4063 radiat
1758 4016 1907 4063 stollis
1937 4016 2083 4078 signa
2114 4018 2313 4068 mirwra
2336 4018 2453 4067 suis.
2504 4018 2602 4066 Se-

1555 4102 1689 4137 neca
1741 4089 1897 4138 Herc.
1952 4091 2050 4138 sur.
2107 4092 2185 4140 48.
2248 4094 2376 4142 luno
2435 4092 2597 4140 irata:

1558 4162 1806 4211 «Mundus
1830 4163 2029 4224 puellae
2060 4171 2195 4214 serta
2218 4166 2498 4215 Gnosiacae
2517 4178 2603 4228 9ο-

429 4239 684 4289 Nimirum
729 4240 880 4289 iterat
911 4245 1102 4303 poeta,
1156 4256 1292 4305 quae
1329 4245 1476 4305 gesta
1549 4238 1672 4287 rit.»
1724 4238 1942 4288 Nonnus
1983 4239 2040 4298 8,
2079 4239 2170 4288 98:
2226 4240 2333 4289 Καὶ
2382 4241 2598 4299 στέφος

597 4330 780 4376 nonu.
816 4342 926 4375 voi..
962 4332 992 4377 l.
1055 4345 1133 4378 an.
1169 4345 1320 4379 mion
1353 4333 1422 4378 lll.

2202 4332 2251 4375 2¹
