3234 4975
630 395 646 459 l
661 395 743 458 92

1382 395 1637 445 HORATII
1674 393 2009 445 CARMINUM

1046 533 1381 639 Utcunque
1425 560 1667 617 mutata
1713 560 2009 637 potentes

1131 676 1319 740 Veste
1364 671 1594 738 domos
1642 670 1895 736 inimica
1941 667 2196 756 linquis.

964 839 1041 900 At
1082 832 1310 920 volgus
1357 830 1625 896 infidum
1669 839 1733 894 et
1774 829 2082 895 meretrix
2126 838 2300 894 retro

2715 828 2796 891 25

966 957 1232 1021 Periura
1278 952 1479 1029 cedit,
1526 948 1868 1038 diffugiunt
1910 949 2093 1016 cadis

1050 1076 1210 1141 Cum
1254 1074 1434 1140 faece
1478 1072 1735 1139 siccatis
1781 1071 1968 1137 amici

1136 1199 1333 1262 Ferre
1378 1195 1600 1281 iugum
1643 1193 1886 1280 pariter
1929 1190 2157 1259 dolosi.

762 1433 845 1483 23.
878 1431 1096 1494 potentis
1132 1430 1191 1479 B.
1243 1457 1295 1464 -
1340 1427 1422 1480 24.
1466 1429 1674 1478 inimica
1704 1429 1872 1478 vertis.
1917 1428 2037 1478 Tum
2078 1428 2255 1492 volgus
2292 1426 2531 1480 malebat
2563 1428 2731 1479 Bentl.

694 1648 777 1697 23.
808 1644 1075 1709 Utcunque]
1102 1644 1170 1694 de
1195 1647 1456 1707 tempore,
1485 1655 1683 1706 «quan-

633 1722 947 1784 docunque,
986 1718 1143 1770 simul
1179 1731 1308 1777 ac»;
1348 1720 1405 1767 ut
1440 1731 1566 1778 nos,
1619 1731 1681 1766 so

632 1797 745 1845 wie
778 1797 857 1844 du
879 1796 961 1856 1⁸0·
1010 1795 1236 1857 Dempta
1272 1792 1524 1853 imagine,
1578 1791 1681 1841 hoc

634 1869 784 1920 dicit:
859 1868 1196 1918 «Miserrima
1261 1867 1452 1929 cuique
1508 1864 1682 1929 aliqua

634 1948 812 1994 tamen
857 1944 1099 1992 remanet
1141 1954 1290 2005 spes;
1346 1938 1543 2003 aliquot
1576 1938 1684 1989 sal-

636 2023 745 2070 tem
770 2018 962 2068 sinceri
987 2016 1142 2065 amici
1160 2016 1209 2064 ei
1234 2013 1398 2064 fldem
1414 2017 1681 2065 servant.»

636 2096 782 2144 Nova
838 2091 1065 2154 imagine
1122 2090 1225 2139 hoc
1283 2089 1351 2138 ita
1407 2089 1680 2153 exprimit:

639 2169 896 2218 «Fortuna
916 2203 928 2225 ,
967 2177 1104 2228 quae
1140 2166 1293 2213 antea
1318 2176 1576 2227 prospera
1601 2162 1686 2212 fu-

638 2242 781 2300 erat,
829 2238 1196 2309 Εἱμαρμένῃ,
1247 2238 1330 2288 cui
1372 2237 1456 2289 illa
1499 2239 1686 2301 pareat

638 2327 861 2365 necesse
898 2314 1005 2373 est,
1055 2314 1123 2362 ita
1163 2311 1399 2373 volente,
1447 2313 1681 2373 inimica,

639 2389 863 2439 adversa
888 2401 1013 2438 cum
1037 2388 1111 2448 fit,
1148 2389 1263 2452 ipsa
1288 2400 1501 2450 quoque
1527 2399 1687 2449 squa-

638 2464 808 2516 lorem
854 2463 1017 2513 sumit
1060 2465 1219 2526 atque
1264 2475 1370 2512 una
1418 2473 1541 2511 cum
1585 2475 1681 2522 eo,

639 2540 728 2604 qui
766 2536 884 2588 exul
909 2538 1179 2601 miserque
1206 2537 1373 2586 factus
1397 2541 1496 2597 est,
1535 2550 1688 2600 egre-

639 2614 781 2664 ditur
816 2626 845 2663 e
882 2612 1046 2663 domo
1092 2612 1215 2662 olim
1246 2616 1474 2673 potentem
1527 2610 1684 2662 simul

638 2693 818 2740 tamen
835 2687 1059 2738 comites
1077 2685 1143 2736 illi
1163 2687 1296 2736 deae
1313 2688 1537 2736 haerent
1552 2688 1687 2750 Spes

639 2768 694 2815 et
727 2763 931 2814 Fides.»
1003 2764 1128 2812 Post
1161 2761 1297 2811 exilii
1331 2765 1509 2812 autem
1542 2761 1687 2812 cala-

641 2839 879 2889 mitatem
910 2849 1077 2885 vacua
1111 2840 1350 2887 remanet
1376 2838 1499 2886 aula
1522 2839 1683 2901 regia,

640 2917 699 2962 ut
732 2912 827 2961 Od.
852 2911 910 2971 4,
948 2910 1039 2970 44,
1078 2910 1171 2971 36,
1214 2910 1299 2960 vel
1334 2925 1430 2975 pro
1466 2912 1687 2975 expulso

641 2987 801 3036 intrat
832 2984 989 3044 alius,
1027 2984 1078 3033 in
1114 2986 1327 3048 tempus
1352 2984 1565 3049 aliquod
1589 2984 1690 3036 sal-

644 3062 755 3109 tem
790 3058 1128 3118 fortunatior,
1179 3060 1453 3121 tyrannus,
1496 3086 1551 3094 —
1589 3061 1692 3110 Per

643 3136 808 3183 totam
842 3133 980 3182 hanc
1015 3134 1269 3206 strophen
1304 3146 1409 3182 non
1433 3134 1548 3183 sine
1572 3147 1691 3183 ma-

644 3220 746 3271 gna
777 3208 890 3256 arte
918 3207 1307 3271 permiscentur
1329 3208 1441 3256 sive
1467 3208 1693 3258 confun-

645 3282 844 3332 duntur
861 3281 1257 3346 (significatione
1281 3280 1515 3332 Tulliana
1533 3283 1688 3333 Tusc.

648 3357 702 3419 l,
742 3357 843 3421 Η.)
883 3357 1123 3407 notiones
1169 3354 1396 3407 dearum
1430 3360 1486 3407 et
1517 3358 1695 3408 homi—

646 3446 776 3483 num
810 3431 1047 3496 ipsorum
1081 3443 1203 3480 cum
1237 3430 1464 3480 adversa
1487 3431 1695 3480 fortuna

647 3505 1086 3564 conflictantium,
1147 3506 1505 3568 sperantium,
1560 3504 1696 3554 flde-

644 3582 791 3632 lium.
830 3581 940 3630 Hoc
977 3581 1119 3629 enim
1156 3580 1321 3643 ipsius
1354 3581 1547 3642 poetae
1579 3569 1697 3628 ani-

647 3668 795 3705 mum
830 3654 991 3705 veluti
1026 3652 1250 3714 solatur,
1298 3653 1499 3703 homini
1537 3653 1697 3703 etiam

647 3728 866 3788 infelici,
905 3730 1002 3780 etsi
1033 3729 1250 3779 omnino
1284 3729 1353 3778 sit
1385 3740 1505 3776 rara
1540 3727 1695 3788 fideS,

647 3800 963 3867 plerumque
1000 3807 1178 3854 tamen
1208 3815 1375 3852 unum
1400 3801 1696 3853 alterumve

648 3888 928 3927 remanere
964 3879 1235 3928 sincerum
1267 3877 1520 3927 amicum.

715 3951 797 4001 26.
851 3954 990 4001 cadis
1022 3979 1051 3989 -
1083 3979 1113 3989 -
1144 3951 1358 4016 siccatis]
1395 3949 1696 4001 Archiloch.

649 4039 701 4089 p.
758 4023 871 4075 468.
923 4026 1126 4088 Bergk:
1199 4024 1412 4076 κοίλων
1475 4023 1700 4092 πώματ’

652 4089 872 4160 ἄφελκε
892 4095 1101 4160 κάδων,
1123 4094 1307 4171 'Hypsa
1329 4100 1374 4150 δ’
1397 4097 1558 4151 οἶνον
1581 4101 1706 4171 ἐρυ-

653 4170 800 4245 θρὸν
844 4167 961 4223 ἀπὸ
1004 4172 1227 4244 τρυγός.
1301 4175 1472 4227 «Falsi
1523 4177 1700 4236 amici,

654 4251 866 4315 parasiti
892 4251 944 4300 et
967 4251 1217 4300 meretrix
1243 4264 1411 4313 usque
1435 4251 1503 4301 ad
1527 4253 1703 4314 ipsum

1752 1639 1880 1692 illud
1914 1643 2171 1707 temporis
2214 1646 2500 1707 punctum,
2555 1656 2663 1706 quo
2710 1657 2805 1693 rex

1755 1716 1839 1767 vel
1889 1720 2146 1782 patronus
2189 1719 2243 1767 in
2288 1718 2557 1768 miseriam
2601 1718 2802 1777 incidit,

1755 1790 1938 1841 dolum
1980 1791 2126 1842 voltu
2164 1794 2405 1855 tegentes
2441 1793 2488 1842 ei
2525 1791 2809 1843 adulantur

1756 1867 2097 1930 gaudentque
2167 1867 2463 1918 commodis
2519 1867 2770 1918 omnibus
2793 1907 2805 1929 ,

1758 1956 1896 2006 quae
1932 1941 2182 2005 opulenta
2216 1940 2410 1992 domus
2434 1940 2627 1991 offerre
2652 1941 2805 2001 solet;

1758 2019 1884 2065 tunc
1929 2029 2059 2065 vero
2104 2014 2241 2064 illico
2283 2012 2430 2064 illum
2466 2015 2723 2065 deserunt
2755 2017 2809 2064 in

1758 2086 2056 2139 calamitate
2082 2090 2283 2152 pariter
2308 2086 2387 2153 (ἐξ
2409 2086 2559 2153 ἴσου)
2589 2089 2807 2140 ferenda

1758 2162 2131 2215 fraudulenti.»

1822 2240 1905 2288 28.
1927 2239 2078 2287 Ferre
2094 2238 2494 2302 iuqumparitor]
2515 2238 2620 2288 Cfr.
2638 2236 2805 2288 Plaut.

1759 2312 1927 2363 Aulul.
1966 2315 2026 2373 2,
2064 2312 2124 2371 2,
2162 2313 2252 2361 52:
2289 2311 2374 2361 ubi
2407 2317 2567 2361 tecum
2597 2314 2812 2361 coniun-

1758 2394 1865 2438 ctus
1896 2389 2043 2447 siem,
2105 2387 2192 2435 Ubi
2228 2400 2352 2435 onus
2387 2400 2632 2448 nequeam
2673 2387 2813 2450 serre

1752 2463 1980 2526 pariter,
2031 2462 2224 2511 iaceam
2270 2474 2360 2524 eqo
2394 2461 2563 2511 asinus
2595 2461 2648 2511 in
2682 2461 2807 2511 luto.

1759 2540 1982 2588 Theocr.
2025 2537 2115 2596 ⁴2,
2154 2538 2248 2586 ⁴5:
2282 2529 2583 2601 Ἀλλήλους
2608 2534 2656 2585 δ’
2681 2537 2816 2599 ἐφί-

1759 2611 1945 2677 λησαν
1970 2609 2076 2677 ἴσῳ
2100 2608 2264 2677 ζυγῷ.
2291 2609 2405 2660 Val.
2433 2612 2568 2661 Max.
2595 2614 2645 2674 2,
2676 2614 2721 2674 4,
2748 2612 2808 2662 6:

1758 2691 1812 2738 in
1827 2688 1949 2750 pari
1970 2688 2089 2749 iuqo
2112 2674 2359 2735 caritatis.
2382 2686 2622 2750 Propert.
2649 2685 2698 2746 3,
2725 2687 2808 2743 25,

1760 2765 1815 2815 8:
1854 2762 2089 2824 Cynthia,
2124 2786 2232 2797 --·
2260 2762 2330 2810 Tu
2380 2761 2498 2810 bene
2528 2763 2819 2814 conveniens

1761 2852 1862 2888 non
1893 2838 2015 2886 sinis
2040 2836 2330 2899 ireiuqmn.
2373 2836 2523 2885 Ovid.
2563 2837 2713 2886 Trist.
2752 2839 2811 2898 5,

1762 2915 1823 2972 2,
1862 2911 1954 2961 39:
1990 2912 2074 2961 Me
2104 2911 2369 2972 miserum,
2408 2912 2527 2972 quid
2548 2925 2731 2974 aqam,
2769 2912 2818 2960 si

1756 2988 2001 3050 proxima
2052 2999 2275 3047 quaeque
2322 2985 2650 3047 relinquunt?
2690 2985 2820 3036 Sub-

1763 3062 1923 3113 trahis
1955 3063 2162 3124 effracto
2195 3065 2250 3110 tu
2290 3073 2481 3122 quoque
2514 3060 2644 3109 colla
2677 3060 2813 3124 iuqo.

1770 3164 1825 3172 —
1847 3135 1928 3186 Ad
1946 3137 2111 3185 totam
2135 3136 2451 3185 sententiam
2471 3134 2563 3184 cfr.
2587 3136 2820 3184 Graeco-

1768 3223 1891 3260 rum
1937 3209 2313 3274 proverbium:
2372 3210 2460 3272 ζεῖ
2487 3204 2701 3279 χύτρα,
2750 3205 2818 3280 ζῇ

1767 3283 1951 3348 φιλία.
1990 3285 2137 3335 Pind.
2177 3286 2328 3334 Nem.
2365 3299 2415 3344 ι,
2452 3284 2546 3334 78:
2606 3279 2822 3353 παῦροι

1767 3358 1815 3410 ὅ·
1868 3358 1932 3410 ἐν
1981 3354 2140 3424 πόνῳ
2186 3359 2381 3409 πιστοὶ.
2427 3354 2654 3429 βροτῶν
2699 3357 2821 3407 Κα-

1766 3431 1959 3501 μάτου
2002 3429 2485 3498 μεταλαμβάνειν.
2538 3459 2592 3468 -
2648 3433 2821 3497 dolosi]

1772 3508 1987 3558 «dolose
2023 3521 2084 3558 se
2120 3507 2497 3558 subtrahentes
2534 3509 2654 3570 iugo
2680 3508 2823 3572 pari—

1771 3587 1854 3634 ter
1886 3582 2169 3633 ferundo.»

1835 3658 1917 3707 29.
1967 3657 2270 3706 Sententiae
2318 3656 2394 3716 ita,
2436 3658 2560 3706 sunt
2600 3657 2827 3707 coniun-

1772 3731 2002 3796 gendae:
2044 3732 2167 3792 «Tu,
2207 3731 2459 3790 Fortuna,
2498 3732 2649 3782 cuius
2673 3745 2825 3781 sum-

1774 3821 1860 3858 ma
1885 3808 1967 3858 est
1990 3819 2173 3856 rerum
2191 3806 2546 3855 humanarum
2567 3808 2824 3869 potestas»,

1772 3884 1831 3932 ut
1892 3881 2021 3931 alias
2079 3879 2338 3944 opprimis
2396 3882 2682 3942 tyrannos,
2755 3880 2827 3929 ita

1773 3969 1915 4006 nunc
1949 3969 2136 4006 serves
2173 3955 2463 4004 Caesarem
2493 3955 2700 4018 imperii
2725 3956 2830 4004 Ro-

1776 4031 1915 4080 mani
1950 4029 2417 4094 pacificatoreml»
2459 4056 2514 4064 -
2552 4030 2606 4077 in
2631 4029 2832 4077 ultimos

1775 4104 1919 4153 Orbis
1968 4103 2260 4166 Britannos]
2320 4103 2415 4153 Od.
2470 4101 2530 4164 4,
2592 4102 2683 4163 44,
2744 4100 2828 4152 47.

1776 4177 1938 4227 iidem
1987 4179 2163 4228 remoti
2212 4176 2565 4241 appellantur.
2637 4174 2826 4226 Catuli.

1739 4295 1742 4304 .
1780 4253 1869 4310 Μ,
1920 4253 2007 4301 4⁴⁵:
2063 4252 2314 4302 Gallicum
2360 4253 2578 4303 Rhenum
2611 4250 2832 4300 hom-ibi-
