3234 4975
627 370 748 435 742

879 529 954 594 Et
997 539 1092 602 tu,
1140 540 1327 616 potes
1377 549 1557 608 nam,
1604 529 1784 598 solve
1835 550 1941 597 me
1983 529 2339 606 dementia,

1423 373 1681 426 uotum
1716 373 1972 425 EPODON

877 649 935 716 O
978 669 1100 716 nec
1141 649 1425 736 paternis
1470 649 1762 718 obsoleta
1800 650 2102 718 sordibus
2124 702 2138 726 ,

876 770 1102 857 Neque
1151 770 1216 836 in
1259 770 1577 858 sepulcris
1626 791 1990 859 pauperum
2038 771 2328 859 prudens
2375 791 2541 838 anus

877 890 1307 958 Novendiales
1351 891 1671 979 dissipare
1721 891 2045 980 pulveres.

875 1010 1011 1078 Tibi
1058 1010 1374 1100 hospitale
1417 1021 1647 1099 pectus
1697 1020 1763 1079 et
1814 1031 2019 1100 purae
2058 1031 2289 1079 manus
2310 1064 2324 1086 ,

875 1133 1179 1219 'suusque
1229 1141 1454 1198 venter
1497 1132 1938 1208 Pactumeius,
1986 1142 2052 1199 et
2099 1143 2212 1200 tuo

2707 1134 2791 1198 50

751 1320 833 1372 47.
869 1321 971 1371 Nec
1002 1320 1209 1380 B,LCtF
1244 1320 1367 1383 (non
1400 1319 1546 1383 ch).
1587 1345 1644 1357 -·
1681 1319 1762 1371 48.
1798 1319 2120 1371 Nouendialis
2150 1320 2208 1369 Β.
2249 1344 2305 1356 -
2352 1319 2434 1369 60.
2464 1324 2725 1382 pacciano,-

687 1396 792 1445 eius
822 1397 890 1455 Τ,
936 1395 1254 1456 pao-tamem
1284 1395 1515 1445 Pottierii
1547 1393 1812 1459 quinque,
1865 1394 2009 1444 LtFJ.
2049 1394 2127 1457 (Ut
2159 1405 2284 1456 nos,
2337 1395 2437 1456 Bc,
2490 1396 2620 1446 item
2654 1395 2720 1454 b,

689 1468 786 1519 sed
819 1469 907 1518 hic
938 1470 992 1518 in
1026 1481 1241 1530 rasura,
1292 1466 1530 1519 Blandin.
1555 1505 1568 1529 ,
1626 1482 1723 1520 «ex
1768 1469 1966 1519 nostris
2015 1480 2205 1519 omues
2253 1470 2470 1531 praeter
2503 1468 2633 1519 Cod.
2672 1472 2725 1519 et

689 1545 846 1593 notae
897 1544 954 1592 et
1000 1543 1186 1593 aetatis
1235 1543 1499 1606 sequioris
1532 1544 1845 1594 Petrensem
1877 1542 1993 1608 (μ)ιο
2027 1543 2213 1593 Brun..
2234 1579 2247 1603 ,
2299 1543 2531 1594 Pottierii
2563 1541 2726 1607 pleri—

688 1629 827 1680 que,
864 1614 1056 1678 Aldus,
1094 1616 1165 1677 C,
1200 1614 1495 1676 Bentleius,
1531 1616 1622 1679 M.)

689 1773 772 1825 46.
800 1771 882 1824 46.
911 1777 1054 1835 potos
1071 1772 1210 1836 naon]
1232 1770 1486 1838 Exempla
1508 1773 1668 1824 huius

625 1846 882 1898 formulae
917 1848 971 1898 in
992 1846 1245 1910 precibus
1269 1848 1491 1897 usitatae
1514 1859 1670 1910 prae-

624 1921 759 1973 bent
793 1923 1115 1985 interpretes
1158 1920 1229 1973 ad
1259 1920 1372 1972 Val.
1409 1919 1577 1972 Flacc.
1616 1922 1666 1981 4,

627 1995 1182 2057 ⁴3:170an
1212 1995 1518 2057 timpanum
1547 1995 1671 2045 Idu—

622 2081 736 2118 men
771 2069 1023 2131 (quue
1045 2068 1243 2130 potest).
1291 2067 1539 2129 Agathias
1560 2070 1671 2118 An-

625 2141 752 2192 thol.
788 2141 952 2192 Palat.
978 2143 1016 2191 1.
1057 2154 1111 2205 p.
1136 2142 1225 2192 244
1256 2156 1267 2189 :
1300 2135 1496 2202 Ἀλλά,
1531 2136 1668 2203 θεά,

623 2212 868 2267 δύνασαι
899 2212 1028 2286 γάρ,
1064 2209 1107 2280 ἢ
1127 2209 1397 2285 eserie&
1427 2230 1504 2281 με
1540 2212 1672 2267 τοῦ·

623 2286 728 2354 §ov
761 2288 880 2341 κτλ.
921 2317 977 2328 -
1014 2291 1056 2340 0
1087 2304 1176 2341 nec
1201 2289 1457 2354 paternis]
1512 2291 1673 2341 Cani-

624 2364 745 2415 diae
790 2364 1036 2415 sordidos
1077 2367 1327 2427 parentes
1370 2363 1568 2415 obiicit.
1610 2392 1665 2401 —

623 2440 865 2505 οὐιοιοια]
925 2441 1252 2505 «inquinata,
1311 2438 1668 2502 deformata»,

630 2518 691 2566 ut
722 2517 848 2566 sunt
879 2527 969 2565 res
1014 2516 1280 2566 vetustate
1329 2514 1667 2578 absumptae.

625 2590 735 2641 Cic.
772 2602 871 2653 pro
911 2589 1081 2638 Sestio
1125 2588 1468 2639 28:Vi1·tus
1463 2614 1505 2624 —
1526 2616 1557 2627 -

624 2675 721 2724 que
763 2662 941 2711 alienis
981 2675 1209 2723 tamam
1254 2661 1481 2712 sordibus
1527 2661 1673 2712 obso-

623 2737 776 2787 uncie.
835 2735 910 2785 Ex
943 2733 1202 2786 adulterio
1224 2749 1346 2786 eam
1370 2737 1574 2796 natam,
1610 2738 1673 2786 ut

625 2809 809 2860 volunt
839 2808 1013 2859 Schol.
1035 2847 1047 2869 ,
1083 2810 1380 2871 significare
1413 2811 1615 2874 nequit.

688 2883 772 2935 47.
809 2882 891 2934 48.
931 2883 1478 2945 sepulcrispmcpennn]
1505 2886 1670 2934 «Nam

623 2956 846 3007 divitum
878 2955 1121 3019 sepulcra
1156 2958 1267 3007 suis
1302 2960 1455 3008 erant
1488 2959 1671 3008 custo-

625 3031 783 3081 dibus
808 3042 1022 3081 curae.»
998 3032 1231 3081 ιο8οιιοι..
1270 3031 1472 3082 Horum
1494 3034 1672 3083 custo-

624 3103 755 3154 dum
798 3104 1125 3154 mentionem
1173 3103 1296 3154 facit
1328 3105 1576 3155 manetho
1616 3106 1666 3167 6,

622 3177 752 3228 53⁴:
822 3173 1262 3227 νεκυοστόλοι-
1284 3171 1364 3227 Ἤ
1416 3179 1669 3267 φρουροὶ

623 3245 841 3301 νεκύων
873 3244 1184 3315 τύμβοις
1154 3266 1242 3301 ενι
1283 3266 1664 3317 vatatam-sq.

624 3325 932 3376 Cir.1uscr.
970 3338 1121 3376 meas
1154 3326 1265 3376 Lat.
1300 3327 1363 3376 N.
1387 3326 1519 3377 4366
1542 3340 1663 3392 sqq.

628 3426 684 3436 —-
713 3399 951 3463 prudens]
987 3400 1148 3450 etiam
1171 3399 1240 3450 de
1265 3398 1417 3451 malis
1440 3400 1663 3452 artibus.

623 3476 802 3526 iuven.
856 3474 913 3535 3,
965 3475 1064 3526 86·
1134 3474 1376 3527 Graeculi
1424 3477 1669 3526 adulandi

621 3562 742 3613 aem
777 3549 1182 3611 prudentissima.
1228 3575 1283 3587 -
1341 3551 1671 3601 Nouendiales

622 3623 881 3687 dissipare]
931 3637 1153 3675 «eruere
1200 3637 1230 3674 e
1281 3623 1540 3689 sepulcris
1595 3624 1666 3675 ad

621 3713 782 3753 usum
846 3712 1123 3751 sacrorum
1190 3701 1401 3750 tuorum
1456 3701 1667 3752 cineres

625 3786 816 3825 recens
865 3773 1108 3824 conditos
1172 3786 1237 3822 ac
1303 3774 1509 3823 tantum
1559 3786 1666 3823 nou

623 3847 831 3911 tepidos
851 3885 864 3907 ,
900 3847 1098 3910 quippe
1132 3848 1221 3911 qui
1255 3846 1324 3897 ad
1355 3847 1667 3910 praestigias

623 3922 857 3984 magicas
890 3920 1218 3972 efficaciores
1250 3921 1356 3971 sint
1387 3933 1550 3984 quam
1575 3921 1665 3971 diu

623 3995 892 4059 repositi.»
927 3994 1074 4045 ovid.
1103 3995 1226 4045 Her.
1253 3994 1309 4053 6,
1335 3994 1430 4044 90:
1487 3994 1666 4045 Certa—

623 4081 719 4132 que
778 4070 838 4119 de
886 4070 1063 4131 tepidis
1108 4068 1297 4132 colligit
1345 4081 1460 4118 ossa
1505 4069 1659 4132 roqis.

625 4145 818 4193 Lucan.
852 4143 909 4204 6,
936 4142 1057 4193 530:
1116 4143 1444 4205 ανάοηϋαᾳιιο
1476 4155 1588 4193 ossa
1619 4143 1665 4191 Ε

623 4217 796 4269 mediis
825 4217 963 4280 rapit
995 4216 1085 4268 illa
1115 4217 1267 4282 roais.
1313 4216 1447 4269 Cum
1480 4217 1664 4267 autem

1742 1775 1863 1825 usui
1907 1771 1979 1825 im
2023 1773 2256 1825 nefando
2287 1774 2438 1824 vivos
2489 1773 2791 1824 incantandi

1742 1847 2153 1908 adhiberentur,
2220 1849 2525 1899 necessario
2574 1848 2792 1910 dissipa-

1743 1920 1956 1984 bantur,
2024 1923 2078 1973 in
2126 1921 2405 1986 pulverem
2454 1923 2790 1973 comminue-—

1743 1994 1957 2046 bantur.
1994 1996 2246 2047 Ceterum
2280 1994 2470 2061 triplex
2504 1996 2676 2045 exstat
2707 1996 2793 2045 in-

1745 2071 2052 2134 terpretatio
2092 2084 2147 2120 v.
2181 2067 2539 2129 Nouamuiam,
2591 2069 2663 2119 ita
2703 2071 2786 2129 ιιι,

1745 2156 1871 2195 cum
1910 2144 1999 2195 hic
2040 2145 2301 2195 iustorum
2334 2142 2558 2195 mortuis
2590 2143 2793 2193 facien-

1744 2216 1937 2268 dorum
1988 2219 2105 2269 dies
2152 2217 2222 2268 ab
2272 2217 2385 2268 aliis
2443 2216 2792 2281 scriptoribus

1745 2304 2013 2356 nusquam
2034 2294 2391 2353 memoretur,
2417 2293 2630 2355 optione
2652 2292 2793 2341 inter

1743 2365 1844 2416 has
1877 2378 2014 2429 opus
2048 2366 2149 2416 sit:
2186 2366 2234 2429 4)
2270 2363 2621 2416 «Novendiale
2655 2365 2792 2415 diei—

1744 2441 1830 2490 tur
1879 2438 2226 2501 sacriflcium,
2280 2438 2426 2503 quod
2471 2441 2681 2491 mortuo
2733 2438 2794 2490 fit

1744 2527 1887 2564 nona
1919 2513 2007 2564 die
2024 2551 2037 2575 ,
2074 2527 2180 2577 qua
2213 2512 2453 2578 sepultus
2486 2514 2620 2563 est.»
2656 2515 2791 2562 Pou-

1745 2601 1887 2639 rma.
1960 2588 2009 2650 2)
2065 2587 2260 2651 «Apud
2322 2589 2568 2651 antiquos
2623 2588 2790 2637 moris

1743 2662 1867 2724 fuit,
1912 2663 1972 2712 ut
2002 2661 2179 2712 triduo
2213 2674 2408 2725 corpus
2441 2660 2675 2711 defuncti
2709 2661 2790 2710 ia-

1744 2737 1895 2786 ceret
1925 2735 2099 2797 domi,
2149 2738 2203 2786 et
2234 2737 2357 2800 post
2388 2734 2623 2786 triduum
2656 2747 2789 2797 rogo

1744 2810 2141 2873 imponeretur-3
2200 2810 2330 2859 item
2382 2810 2506 2873 post
2552 2809 2789 2859 triduum

1746 2883 1877 2935 cinis
1918 2884 1972 2933 in
2016 2895 2207 2933 urnam
2250 2881 2582 2933 condebatur
2614 2883 2670 2931 et
2701 2884 2789 2932 tu-

1745 2956 1889 3009 mulo
1932 2956 2321 3017 mandabatur3
2373 2956 2495 3006 ideo
2527 2954 2657 3005 dixit
2688 2969 2789 3005 no-

1742 3029 2016 3081 vendiales
2037 3028 2314 3094 pulveres,
2352 3029 2406 3080 id
2430 3033 2537 3090 est,
2575 3030 2786 3079 cineres

1744 3106 2042 3155 recentes.»
2080 3104 2248 3154 Con.
2286 3104 2444 3162 Cano.
2513 3103 2560 3165 3)
2600 3102 2786 3168 «Apud

1743 3180 2001 3238 maiores,
2046 3176 2143 3228 ubi
2186 3176 2269 3241 (al.
2305 3177 2627 3240 ubicunque)
2663 3177 2785 3240 quis

1741 3252 1928 3304 fuisset
1946 3252 2264 3313 exstinctus,
2296 3250 2366 3301 ad
2387 3250 2610 3301 domum
2629 3263 2785 3301 suam

1740 3325 2100 3385 reret-ebatum
2134 3352 2164 3362 -
2185 3351 2215 3361 -
2239 3327 2294 3375 et
2313 3322 2415 3375 illic
2436 3326 2646 3388 septem
2669 3327 2787 3375 erat

1739 3399 1949 3460 diebus,
1984 3401 2173 3451 octavo
2207 3397 2608 3459 incendebatur,
2642 3410 2787 3449 nono

1740 3472 2131 3538 sepeliebatur:
2199 3473 2345 3525 unde
2390 3473 2636 3523 Horatius
2682 3473 2788 3522 No-

1738 3547 1989 3599 vmdiales
2022 3550 2160 3598 cet.»
2218 3549 2426 3599 Snwus
2460 3545 2529 3597 ad
2561 3548 2692 3596 Aen.
2729 3547 2782 3606 δ,

1741 3621 1824 3672 64.
1870 3622 2223 3673 commentat.
2263 3621 2481 3684 cruquii
2522 3620 2785 3670 rationem

1740 3698 1888 3747 recte
1905 3732 1918 3756 ,
1954 3697 2014 3745 ut
2044 3695 2277 3754 videtur,
2324 3693 2521 3759 probat
2552 3695 2785 3744 Torren-

1742 3771 1862 3820 tius.
1932 3768 2082 3819 Conf.
2135 3767 2288 3832 Apul.
2325 3770 2538 3821 Metam.
2576 3768 2636 3828 9,
2683 3767 2738 3817 34
2771 3781 2783 3816 2

1738 3845 1946 3906 lacuque
1975 3858 2107 3894 nono
2140 3845 2221 3893 die
2248 3845 2347 3894 rite
2376 3842 2628 3904 completis
2647 3842 2788 3902 apud

1740 3918 1988 3968 tmmhom
2033 3917 2362 3968 comnibus.
2431 3916 2668 3967 Donatus
2715 3913 2785 3963 ad

1740 3994 1949 4043 Terent.
1976 3993 2190 4043 Phorm.
2211 3993 2266 4052 4,
2295 3992 2352 4053 4,
2378 3991 2474 4040 46ε
2508 3991 2569 4039 lu
2598 3988 2790 4051 nuptiis

1737 4141 1841 4191 voti
1872 4141 2040 4203 habet,
2076 4146 2133 4191 ut
2165 4141 2220 4190 ia
2249 4140 2427 4203 funere
2455 4149 2621 4188 nonus
2651 4136 2782 4195 dies,

1738 4227 1836 4277 quo
1863 4214 2154 4278 pao-evitatio
2195 4213 2572 4266 concinam.
2631 4208 2778 4260 Cous.
