3234 4975
1224 416 1339 464 ΜΒ.
1378 416 1460 464 lv.
1534 418 1589 465 C.
1632 417 1690 464 V,

707 570 918 635 Curvo
964 589 1085 635 nec
1130 570 1359 635 faciem
1401 569 1587 637 litore
1632 571 1946 639 dimovet:
2046 595 2057 605 ·

702 691 808 757 Sic
852 689 1194 757 desideriis
1240 692 1365 758 icta
1406 691 1708 759 fidelibus

782 812 1048 890 Quaerit
1088 812 1293 899 patria
1336 813 1702 880 Caesarem.

702 979 899 1044 Tutus
942 978 1062 1044 bos
1106 981 1345 1046 etenim
1388 1001 1540 1046 rura
1583 979 2018 1067 perambulat,

703 1101 909 1166 Nutrit
952 1121 1102 1166 rura
1147 1101 1346 1167 Ceres
1388 1102 1687 1189 almaque
1733 1103 2070 1179 Faustitas,

704 1223 1007 1313 Pacatum
1048 1221 1313 1289 volitant
1356 1243 1476 1310 per
1517 1243 1698 1289 mare
1742 1225 2025 1300 navitae,

874 1342 1132 1429 Culpari
1177 1345 1397 1410 metuit
1443 1344 1668 1413 Fides,

2539 1351 2619 1413 '20

583 1549 662 1600 ⁴4.
701 1550 920 1600 demovet
952 1550 1017 1609 T,
1066 1551 1195 1600 item
1231 1551 1290 1610 S,
1339 1551 1438 1601 sed
1470 1563 1740 1615 superscr.
1777 1568 1825 1611 ι,
1876 1554 2007 1602 Pott.
2036 1556 2309 1616 quattuor,
2362 1556 2468 1605 LCt
2502 1560 2556 1606 et

513 1622 680 1674 Bentl.
739 1624 825 1686 (Ut
858 1636 982 1683 nos,
1018 1622 1169 1673 thd
1203 1628 1259 1673 et
1291 1626 1423 1675 Pott.
1462 1626 1667 1688 cetefi.)
1708 1653 1762 1663 --
1790 1627 1870 1676 47.
1894 1628 2074 1677 etenim
2106 1627 2190 1678 bos
2222 1630 2277 1679 T.
2321 1658 2373 1665 -
2395 1635 2554 1691 prata

508 1697 827 1760 perambulat
874 1698 1125 1760 Tanaquil
1176 1697 1362 1749 Faber.
1419 1725 1477 1735 —
1526 1700 1606 1750 48.
1643 1701 1916 1749 Nutritur-a
1961 1702 2001 1750 Τ
2043 1703 2097 1751 et
2144 1715 2225 1765 pr.
2262 1701 2329 1763 β,
2384 1705 2556 1752 Nun-it

511 1773 664 1836 sarra
697 1771 962 1824 Bentleius
998 1774 1135 1823 coni.
1157 1811 1169 1834 ,
1206 1774 1378 1823 Nutrt‘t
1414 1774 1551 1823 culta
1584 1774 2014 1837 Cuninghamius.

449 1955 662 2008 πόντον
704 1952 963 2021 ὀπωπάς.
1024 1960 1276 2010 Ceterum
1326 1961 1495 2010 Bern-

449 2032 623 2096 hardy
676 2035 732 2083 et
770 2031 1140 2097 Dillenburger
1186 2034 1497 2098 praeferunt

450 2110 694 2167 dornowa
732 2106 891 2170 Rege}
926 2120 1014 2158 me
1038 2121 1297 2172 meosque
1323 2108 1489 2159 Codd.

448 2181 560 2232 Bbc
592 2184 810 2232 secutus
843 2183 1069 2232 dlnwvet.

516 2293 593 2341 45.
664 2292 793 2355 icta]
856 2305 1184 2357 «percussa,
1240 2293 1492 2343 affecta.»

448 2367 795 2429 Frequentius
841 2366 908 2416 de
954 2366 1256 2428 doloribus,
1309 2370 1456 2418 metu
1480 2406 1491 2428 ,

354 2491 357 2494 ,
449 2439 618 2500 luctu3
656 2443 836 2492 tamen
873 2442 1033 2492 etiam
1058 2443 1267 2493 Lucret.
1293 2443 1343 2505 2,
1371 2442 1490 2493 360:

448 2517 687 2566 desiderio
722 2519 943 2581 perfixa.
1013 2516 1261 2580 Aeschyl.
1309 2523 1490 2580 Agam.

449 2590 572 2642 544:
614 2592 792 2663 ἱμέρῳ
826 2589 1237 2658 πεπληγμένος.

513 2705 593 2754 47.
652 2717 785 2753 rura
830 2703 1178 2767 perambulat]
1237 2704 1494 2756 Consulto

448 2779 761 2829 immoratur
805 2779 857 2828 in
901 2781 1042 2828 rna-is
1084 2781 1139 2828 et
1180 2779 1405 2840 imagine
1442 2778 1496 2826 et

449 2854 694 2913 nomine;
750 2866 873 2905 uam
910 2867 1011 2918 ope
1046 2855 1124 2903 rei
1159 2854 1388 2902 rusticae
1440 2853 1495 2901 et

449 2929 697 2978 strenuae
751 2928 1131 2990 agriculturae,
1200 2940 1299 2990 per
1354 2925 1491 2976 bella

448 3001 617 3052 civilia
652 3005 707 3051 et
738 3004 1070 3054 intermissae
1107 3004 1162 3051 et
1194 3002 1339 3051 varie
1375 3014 1496 3065 per-

449 3075 721 3137 turbatae,
776 3090 840 3126 ex
887 3080 1067 3127 mente
1113 3076 1330 3139 Augusti
1369 3078 1490 3125 ante

448 3153 624 3202 omnia
670 3151 932 3202 firmanda
978 3153 1093 3201 erat
1124 3153 1201 3201 rei
1244 3149 1489 3215 publicae

447 3224 635 3276 salus.·
678 3226 809 3275 Hinc
864 3229 1012 3288 grata
1066 3224 1153 3276 illa
1208 3225 1454 3290 repetitio
1478 3262 1489 3284 ,

448 3312 611 3361 quam
644 3300 802 3350 variis
826 3300 1026 3360 modis,
1064 3300 1162 3350 sed
1199 3299 1491 3360 infeliciter,

448 3372 654 3422 amoliri
690 3374 865 3423 conati
910 3377 1034 3425 sunt
1075 3375 1278 3435 Critici,
1331 3374 1494 3425 veluti

449 3447 539 3508 qui
565 3447 789 3496 coniecit
808 3461 938 3497 nora
951 3450 1289 3511 perambulat,
1314 3452 1378 3501 N.
1394 3450 1498 3500 oul-

448 3521 971 3583 taCuuiughamius;
1010 3522 1351 3585 Faberprata
1366 3537 1494 3587 pro-

448 3606 656 3658 ponens
701 3607 912 3644 memor
958 3594 1121 3646 fuisse
1154 3598 1365 3647 videtur
1398 3599 1493 3649 Od.

450 3670 508 3729 3,
565 3669 654 3728 48,
709 3669 801 3718 44;
872 3668 1041 3718 Festus
1088 3671 1143 3718 in
1182 3673 1351 3731 pratis
1406 3686 1497 3721 va-

447 3748 532 3792 cat
563 3743 718 3792 otioso
751 3743 877 3792 Cum
907 3742 1027 3792 bove
1051 3756 1231 3805 papus.
1292 3747 1495 3796 Pastio—

451 3830 574 3869 nem
610 3819 792 3867 autem
824 3817 878 3867 h.
906 3816 940 3866 l.
973 3817 1232 3880 significat
1267 3821 1408 3882 (nam
1442 3821 1491 3870 in

447 3895 549 3943 liae
600 3891 875 3942 dumtaxat
929 3891 1031 3942 bos
1079 3891 1247 3943 libere
1298 3906 1493 3957 pascua

449 3965 837 4031 perambulat);
876 3967 928 4016 in
964 3967 1222 4025 aratione,
1267 3980 1404 4030 quae
1440 3981 1488 4016 v.

448 4055 565 4106 seq.
630 4042 954 4101 continetur,
1014 4039 1240 4092 stimulis
1298 4040 1491 4091 durum

448 4117 518 4168 ad
550 4116 793 4167 laborem
825 4116 1086 4167 incitatur.
1126 4117 1333 4176 Notavi,
1369 4115 1492 4179 quia

448 4190 682 4242 nonnulli
707 4204 757 4239 V.
778 4191 1136 4253 perambulare
1161 4190 1229 4239 de
1256 4190 1491 4240 aratione

450 4267 778 4331 interpretati
812 4269 951 4317 suut.

1637 1960 1811 2011 48-20.
1849 1962 2023 2011 Nutrit
2053 1963 2199 2026 rura]
2236 1962 2453 2014 «fertilia
2489 1965 2617 2013 red-

1569 2035 1699 2085 dit.»
1750 2034 1904 2088 Silius
1950 2038 2039 2098 ⁴2,
2089 2037 2212 2088 375:
2271 2039 2619 2089 arva--Ce-

1567 2111 1698 2160 reris
1729 2113 1924 2161 nutrita
1965 2111 2156 2174 favore.
2219 2114 2361 2163 luter
2399 2115 2619 2175 Augusti

1570 2197 1820 2235 nummos
1881 2185 1968 2234 hic
2023 2198 2236 2249 quoque
2294 2189 2410 2237 est:
2484 2188 2615 2237 ΙΜΡ.

1569 2258 1830 2308 CAESAR.
1887 2260 2234 2309 AVGVSTVS.
2294 2260 2479 2323 (Caput
2518 2275 2619 2310 nu-

1570 2331 1731 2392 dum.)
1766 2332 1901 2381 COL.
1937 2333 2061 2382 IVL.
2117 2332 2366 2395 (Berytm.
2405 2335 2616 2384 Gelonus

1569 2405 1770 2469 arans.)
1805 2405 2000 2455 Eckhel
2024 2408 2084 2456 D.
2114 2408 2173 2456 N.
2202 2408 2284 2455 Vl.
2311 2420 2363 2470 p.
2395 2407 2506 2457 432.
2549 2432 2604 2443 -

1568 2479 1838 2546 Faustitas]
1885 2479 2051 2531 Nobis
2085 2494 2227 2531 nunc
2260 2472 2418 2545 ἅπαξ
2450 2478 2616 2548 λεγό-

1566 2568 1763 2618 μενον.
1834 2557 2001 2605 Deam
2045 2568 2269 2618 gregum
2309 2557 2617 2619 praesidem

1568 2630 1947 2692 interpretatur
1966 2628 2303 2679 ForcellinuS.
2342 2630 2447 2679 Sed
2470 2633 2616 2680 reete

1568 2700 1776 2752 Schol.:
1851 2703 2037 2751 «Nove
2105 2700 2341 2753 Felicitas
2397 2703 2615 2763 dictam

1567 2776 1806 2826 omnium
1842 2787 2023 2824 rerum
2055 2774 2396 2826 abundantia.
2437 2779 2612 2827 Carm.

1567 2852 1686 2900 Sec.
1724 2850 1817 2898 59:
1871 2848 2018 2898 beata
2051 2849 2202 2911 plano
2245 2850 2402 2912 Copia
2438 2864 2613 2900 cornu.

1572 2953 1627 2960 -
1681 2925 1893 2974 Novitas
1943 2926 2123 2974 autem
2172 2925 2409 2988 videtur,
2469 2926 2616 2990 quod

1566 2999 1893 3049 Faustitatam
1925 3000 2054 3049 dixit
2083 3012 2182 3064 pro
2215 3001 2407 3050 Fausta
2439 3001 2618 3051 Felici-

1563 3077 1690 3133 tato,
1730 3074 1880 3124 cuius
1913 3072 2171 3124 sollemne
2208 3079 2538 3126 memoratur
2564 3075 2617 3126 in

1566 3146 1785 3198 Kalend.
1824 3148 2153 3199 Amiternino
2175 3151 2340 3200 lusor.
2384 3163 2454 3201 m.
2503 3152 2612 3200 Lat.

1566 3223 1630 3272 11.
1677 3235 1730 3285 p.
1768 3222 1883 3273 442.
1938 3250 1991 3258 -
2039 3224 2306 3287 Pacatum]
2345 3238 2376 3274 a
2411 3225 2613 3288 piratis.

1569 3297 1714 3347 Suet.
1755 3297 1866 3347 Oct.
1895 3298 1987 3348 98:
2026 3298 2280 3350 vectores
2316 3302 2615 3363 nautaeque

1570 3373 1638 3423 de
1666 3373 1786 3422 navi
1809 3372 2162 3423 Alexandrina
2184 3376 2420 3436 Augusto
2447 3371 2618 3422 accla-

1571 3448 1803 3508 marunt,
1823 3461 1917 3509 per
1931 3448 2074 3497 illum
2088 3461 2140 3497 so
2158 3449 2343 3506 vivere,
2362 3461 2458 3508 per
2475 3447 2616 3495 illum

1567 3523 1840 3585 naviqaro,
1878 3521 2103 3570 libertate
2126 3527 2277 3582 atque
2295 3521 2512 3582 fortunus
2521 3533 2616 3580 per

1567 3596 1711 3644 illum
1729 3595 1853 3658 [mi.
1877 3622 1932 3630 —
1958 3594 2184 3657 volitant]
2211 3593 2397 3642 utiam
2419 3593 2616 3642 Ennius

1570 3669 1701 3719 dixit
1727 3668 1963 3717 velivolas
1992 3681 2159 3717 naves,
2229 3666 2367 3728 Virg.
2407 3671 2537 3716 Aen.
2563 3665 2613 3726 3,

1571 3744 1690 3794 424:
1711 3743 1988 3805 pelagoque
2002 3742 2250 3799 volamus,
2280 3739 2348 3788 de
2368 3739 2529 3790 celeri
2553 3755 2617 3789 ac

1568 3820 1681 3868 tuto
1700 3830 1862 3868 cursu
1879 3854 1891 3876 ,
1918 3829 2027 3866 non
2052 3814 2120 3863 de
2142 3813 2354 3863 lascivia
2380 3816 2435 3864 et
2456 3815 2618 3865 auda·-

1570 3892 1650 3940 eia
1674 3895 1953 3941 nautarum
1969 3928 1982 3951 ,
2008 3891 2066 3939 ut
2093 3886 2178 3938 alii
2202 3887 2402 3939 volunt.
2429 3916 2484 3925 --
2504 3890 2617 3940 Cul-

1561 3967 1684 4027 pari
1726 3964 1924 4027 metuit]
1964 3966 2117 4013 «Non
2161 3960 2401 4027 culpatur
2434 3964 2615 4014 cuius-

1567 4052 1732 4102 quam
1773 4038 1933 4096 fides,
1987 4038 2110 4101 quia
2157 4050 2316 4088 nemo
2360 4041 2466 4098 est,
2521 4039 2612 4101 qui

1569 4126 1691 4163 eam
1741 4110 1927 4172 violet,
1988 4112 2086 4162 sed
2137 4115 2320 4163 sancte
2370 4116 2615 4163 servatur

1568 4186 1637 4236 ab
1683 4184 1985 4239 omnibus»
2044 4186 2149 4236 Cir.
2188 4187 2286 4237 Od.
2325 4187 2384 4248 2,
2436 4187 2494 4245 Ξ,
2551 4186 2612 4234 7:

1562 4275 1730 4325 pamm
1761 4265 2003 4312 metuente
2034 4261 2178 4311 solvi.
