3234 4975
630 402 757 465 676

1456 403 1711 454 nolum
1747 403 2005 454 EPODON

1055 558 1240 625 Dulci
1286 578 1522 645 sopore
1566 558 1954 646 languidae,

972 682 1238 756 Senem,
1287 679 1466 767 quod
1512 699 1738 745 omnes
1785 679 2067 757 rideant,
2117 681 2482 746 adulterum

1054 800 1313 887 [gatrent
1355 797 1736 866 Suburanae
1781 821 1978 866 canes

972 919 1185 986 Nardo
1230 929 1646 1006 perunctum,
1694 920 1890 1007 quale
1935 942 2062 986 non
2108 921 2457 1009 perfectius

1052 1041 1235 1106 Meae
1280 1039 1630 1106 laborarint
1674 1061 1922 1108 manus.

970 1159 1140 1240 Quid
1185 1157 1470 1225 accidit?
1528 1158 1660 1225 Cur
1700 1159 1842 1225 dira
1885 1158 2205 1228 barbarae
2249 1163 2462 1228 miuus

1055 1281 1315 1346 Venena
1358 1279 1628 1346 Medeae
1672 1278 1887 1345 valent
1909 1281 1941 1344 Ῥ

761 1480 886 1528 Post
926 1491 976 1527 v.
1015 1477 1097 1526 57.
1136 1475 1318 1526 deficit
1364 1476 1544 1526 Codex
1580 1474 1617 1525 d
1649 1488 1823 1539 usque
1870 1477 1940 1526 ad
1980 1478 2146 1542 Epod.
2183 1480 2241 1540 8,
2278 1480 2328 1528 Ξ.
2387 1507 2441 1516 -
2498 1481 2582 1531 59.
2617 1482 2734 1545 non]

697 1565 784 1603 nec
819 1553 873 1600 L.
916 1577 971 1586 -
1009 1550 1089 1600 60.
1129 1549 1411 1600 laborarint
1443 1549 1572 1610 bSc,
1615 1548 1798 1601 Bland.
1837 1553 2114 1616 antiquiss.
2141 1591 2154 1614 ,
2202 1553 2369 1605 Bentl.
2393 1592 2405 1616 ,
2452 1555 2540 1605 FJ:

698 1629 883 1675 ramml
915 1625 1153 1685 B,LctM.

630 1801 801 1851 bonas
835 1799 1000 1849 habet
1032 1799 1376 1851 auctoritates
1419 1802 1474 1850 et
1517 1814 1679 1865 prae—

629 1877 797 1927 fertur
830 1889 860 1925 a
893 1875 1260 1936 Bernhardyo.

694 1949 775 1999 57.
812 1947 895 1997 58.
947 1949 1107 1997 Totus
1147 1946 1298 1997 locus
1333 1961 1457 1998 cum
1489 1949 1676 1999 Bothio

628 2023 706 2073 sic
730 2019 1098 2085 explicandus:
1128 2022 1418 2084 «Principio
1434 2022 1676 2072 venefica

628 2097 800 2160 optat,
825 2095 885 2143 ut
906 2106 1093 2143 senem
1116 2096 1275 2143 noctu
1296 2097 1679 2157 properantem

626 2170 698 2221 ad
720 2169 951 2219 amicam
983 2166 1214 2230 aliquam
1238 2167 1571 2218 Suburanam
1595 2169 1679 2219 al-

624 2244 818 2296 latrent
845 2241 1287 2305 absterreantque
1311 2256 1342 2292 a
1367 2242 1567 2293 foribus
1591 2257 1679 2293 ca-

627 2332 724 2370 nes
781 2317 895 2367 eius
950 2316 1082 2376 vici,
1143 2328 1251 2379 quo
1307 2316 1445 2367 sacto
1496 2316 1563 2365 ad
1614 2330 1675 2367 se

624 2393 798 2456 ipsam
849 2389 1147 2440 rediturum
1191 2402 1318 2439 eum
1358 2391 1539 2454 sperat
1578 2403 1677 2439 eu-

625 2465 804 2531 pidine
839 2463 1144 2527 abreptum.
1214 2463 1320 2514 Sed
1363 2466 1542 2516 tacent
1581 2478 1677 2516 ca-

627 2553 740 2590 nes.
809 2538 888 2588 lbi
923 2536 1117 2588 mulier
1148 2550 1199 2587 v.
1238 2539 1326 2587 6⁴:
1380 2539 1545 2599 «Quid
1580 2554 1675 2590 ac-

624 2612 788 2663 cidit?
838 2624 936 2662 cur
967 2624 1075 2663 non
1107 2613 1256 2661 venit
1287 2612 1484 2673 Varus3
1536 2627 1676 2677 quo—

623 2686 786 2738 modo
853 2685 960 2735 mei
1027 2697 1132 2734 non
1195 2686 1461 2747 meminit,
1533 2700 1673 2750 quae

625 2758 799 2810 cubile
842 2760 956 2809 eius
1000 2772 1066 2807 eo
1117 2758 1510 2810 medicamento
1555 2773 1676 2811 ma-

624 2836 741 2899 gico
787 2833 1061 2893 unxerim,
1124 2832 1271 2896 quod
1327 2835 1673 2885 meretricum

624 2909 891 2967 omnium,
946 2908 1207 2971 quotquot
1244 2909 1395 2968 sunt,
1450 2905 1676 2957 oblivio-

626 2994 752 3031 nem
802 2979 1057 3031 inducere
1107 2980 1414 3031 videretur?
1469 2982 1676 3032 Dormit

624 3059 831 3113 tamen,
886 3068 992 3104 non
1028 3054 1220 3115 surgit,
1275 3067 1450 3117 neque
1498 3054 1676 3103 Subu-

622 3141 740 3178 ram
790 3139 890 3177 nec
939 3138 1027 3175 me
1079 3127 1271 3189 petit.»
1348 3128 1492 3176 Haec
1542 3128 1674 3177 dum

624 3202 776 3262 dicit,
831 3200 1126 3264 propinqua
1168 3198 1342 3262 aliqua
1378 3200 1563 3261 domo,
1615 3205 1677 3252 ut

626 3277 892 3328 coniicere
929 3273 1081 3333 licet,
1136 3275 1423 3324 exeuntem
1460 3277 1677 3340 conspi-

625 3351 698 3401 cit
746 3360 934 3400 senem
974 3349 1028 3397 et
1069 3346 1139 3397 ad
1183 3350 1360 3397 scorta
1394 3360 1453 3398 se
1491 3350 1677 3400 confe-

622 3425 835 3475 rentem
868 3435 999 3471 cane
1033 3420 1258 3472 latrante
1288 3420 1447 3473 nullo.
1522 3422 1673 3483 Quod

622 3498 861 3549 sentiens
889 3494 1151 3546 exclamat
1173 3510 1224 3546 v.
1245 3497 1327 3546 7⁴.
1352 3497 1453 3558 Ah,
1479 3497 1545 3548 al·
1567 3500 1671 3547 eet.

625 3570 909 3630 «Video»,
959 3570 1129 3633 inquit
1176 3583 1362 3633 maga,
1427 3573 1519 3621 «vi
1554 3585 1674 3621 mea

622 3645 828 3698 solutus
850 3644 988 3705 abit,
1026 3658 1189 3708 quam
1213 3646 1415 3694 irritam
1439 3657 1537 3695 suo
1561 3658 1678 3694 car-

623 3721 768 3771 mine
807 3717 1040 3769 reddidit
1071 3718 1170 3769 alia
1209 3717 1475 3782 quaedam
1504 3719 1677 3769 scien-

624 3796 727 3846 tior
761 3806 849 3844 me
878 3793 1136 3843 venefica.
1175 3793 1407 3842 Festinat
1438 3791 1506 3842 ad
1530 3805 1676 3842 amo-

625 3881 731 3919 res.
803 3867 909 3918 Sed
944 3866 1013 3916 ad
1046 3879 1135 3917 me
1176 3879 1453 3926 recurres,
1499 3867 1671 3925 Vare3

623 3940 861 3993 insolitas
895 3954 1073 4005 neque
1105 3941 1397 3992 vincendas
1428 3941 1674 4004 potiones

624 4014 851 4081 parabo,
891 4013 1088 4078 quibus
1121 4016 1263 4065 totus
1286 4026 1470 4064 amore
1494 4014 1676 4065 incen-

623 4091 767 4141 deris
802 4092 1093 4153 menteque
1137 4087 1492 4140 alienabere.»
1549 4089 1673 4151 (Re-

621 4164 741 4229 gelii
781 4165 1276 4229 interpretationem
1309 4162 1432 4214 vide
1468 4163 1522 4213 in
1567 4164 1673 4213 Ex-

624 4252 784 4291 cursu
827 4239 886 4301 l.)
941 4267 995 4274 —
1046 4237 1566 4300 Senem--LatrentJ
1614 4238 1674 4287 ut

2594 1556 2738 1604 labo-

1752 1802 1883 1866 Epp.
1923 1804 1979 1862 ⁴,
2017 1803 2074 1863 2,
2112 1803 2205 1853 65:
2252 1804 2803 1867 venaticus-—pellem

1750 1875 2004 1924 latravit-
2021 1877 2278 1927 -catulus.
2307 1876 2472 1927 Plaut.
2500 1877 2715 1928 Poenul.
2740 1880 2797 1938 5,

1751 1947 1807 2010 4,
1835 1947 1924 1999 64:
1961 1950 2391 2000 Etiammemeae
2417 1951 2613 2001 latrant
2633 1965 2797 2001 canes.

1757 2049 1807 2059 —
1848 2021 2165 2088 Suburanae]
2211 2024 2417 2074 Subura
2460 2025 2610 2076 vicus
2650 2025 2800 2075 urbis

1751 2096 1977 2156 Romae,
2014 2096 2107 2145 ubi
2144 2096 2454 2147 babitabant
2486 2097 2795 2161 prostibula.

1751 2170 1897 2219 Pers.
1936 2171 2042 2219 Sat.
2079 2172 2137 2232 ὅ,
2193 2172 2274 2221 32.
2335 2170 2554 2222 Martial.
2592 2173 2649 2230 6,
2703 2173 2794 2222 66:

1749 2242 1938 2292 Famae
1967 2258 2069 2292 non
2101 2245 2313 2296 nimium
2344 2245 2503 2294 bonae
2530 2246 2792 2307 puellam,

1751 2317 1934 2377 Quales
1962 2317 2017 2366 in
2048 2319 2216 2367 media
2248 2320 2413 2368 sedent
2452 2319 2655 2369 Subura
2687 2323 2791 2370 cet.

1754 2415 1809 2425 —
1835 2391 2034 2439 Veram
2067 2393 2386 2456 scripturam
2421 2393 2622 2443 Sabin-a
2642 2407 2799 2458 prae-

1748 2462 1879 2513 bent
1916 2465 2207 2529 Inscriptt.;
2244 2464 2397 2529 volgo
2446 2467 2702 2527 Sabim-a,
2738 2470 2801 2518 ut

1748 2551 1808 2587 re
1827 2552 1970 2588 =vera
2005 2541 2089 2590 est
2122 2540 2173 2588 in
2207 2541 2349 2591 Sexti
2382 2542 2495 2592 Rufi
2528 2543 2791 2607 Descript.

1749 2610 1897 2663 urbis
1948 2614 2144 2663 Romae
2195 2613 2339 2677 apud
2389 2616 2587 2666 Canina
2640 2619 2798 2667 Bonna

1748 2687 1920 2735 antica
1960 2700 2008 2749 p.
2047 2686 2127 2737 34.
2188 2687 2316 2738 Erat
2362 2691 2540 2740 autem
2592 2691 2690 2741 sita
2740 2692 2795 2742 in

1749 2758 1901 2810 Urbis
1934 2760 2214 2823 regionum
2257 2762 2444 2812 tertiae
2479 2764 2534 2812 et
2574 2766 2794 2827 quartae

1750 2832 1995 2884 confinio.
2057 2833 2190 2884 ibid.
2228 2849 2281 2899 p.
2319 2837 2401 2886 77.

1816 2907 1896 2956 59.
1936 2907 2015 2956 60.
2052 2907 2247 2969 Nardo]
2286 2912 2587 2973 «unguento
2610 2910 2796 2960 nardi-

1749 2992 1849 3039 no,
1942 2978 2010 3028 de
2051 2981 2202 3031 cuius
2242 2982 2459 3033 mistura
2506 2983 2613 3033 vid.
2662 2983 2790 3034 Plin.

1750 3054 1811 3103 H.
1840 3054 1902 3102 N.
1931 3052 2088 3113 ⁴3,.4
2136 3079 2190 3089 —
2238 3057 2797 3120 penmcmlutsta-

1747 3125 1854 3177 lino
1879 3127 2117 3177 comicus
2140 3140 2307 3178 senex
2340 3131 2392 3179 in
2422 3129 2587 3180 Plauti
2612 3132 2789 3182 Casia.

1747 3202 1811 3260 2,
1864 3199 1922 3259 3,
1976 3200 2029 3249 9:
2079 3207 2349 3264 postquam
2396 3216 2511 3253 amo
2559 3203 2795 3254 Cariam

1746 3275 1910 3337 magis
1941 3275 2084 3324 initio
2104 3277 2362 3326 munditiis
2381 3278 2683 3328 Mamiliam
2702 3292 2797 3327 an—

1747 3350 1902 3407 tideo,·
1924 3349 2218 3410 Myropolas
2239 3363 2406 3399 omnes
2423 3352 2660 3410 sollicito:
2679 3351 2796 3401 ubi-

1746 3434 1940 3483 cunque
1968 3428 2275 3485 unguentium
2307 3429 2378 3474 est
2408 3425 2650 3487 lepidam,
2692 3437 2796 3474 un-

1746 3508 1869 3559 aor,
1921 3497 1981 3545 Ut
2010 3497 2085 3546 illi
2127 3497 2377 3559 placeam.
2421 3526 2477 3535 —
2514 3500 2661 3560 quale
2692 3512 2795 3547 non

1740 3569 2023 3634 perfectius]
2048 3570 2247 3621 Eadem
2266 3573 2658 3622 constructione
2682 3573 2791 3621 Sat.

1750 3644 1808 3703 4,
1861 3645 1921 3702 5,
1976 3643 2069 3695 4⁴:
2133 3644 2362 3706 animae,
2421 3647 2594 3706 quala
2638 3658 2799 3708 neque

1747 3718 2060 3767 candidior-ea
2096 3718 2249 3768 Terra
2281 3720 2396 3769 nolit
2426 3722 2530 3770 cet.
2571 3748 2626 3756 —
2652 3718 2797 3769 labo-
2832 3734 2841 3743 ·

1746 3792 1939 3854 rar-int]
1990 3804 2162 3855 «quo,
2200 3794 2243 3844 si
2277 3791 2364 3843 vel
2398 3794 2629 3844 maxime
2678 3791 2798 3842 vel-

1748 3864 1880 3925 lem,
1936 3864 2204 3917 odoratius
2239 3869 2294 3917 et
2345 3867 2611 3918 efficacius
2651 3866 2796 3917 aliud

1747 3952 2070 4004 praeparare
2136 3953 2239 3990 uon
2299 3953 2566 4005 possem.»
2652 3941 2799 3990 Haec

1749 4012 1904 4064 lectio
1948 4012 2298 4078 praeferenda
2332 4013 2614 4064 videbatur
2646 4011 2797 4063 alteri

1747 4087 2072 4138 laborarunt:
2131 4106 2155 4133 α
2171 4088 2457 4153 perfectius
2506 4086 2756 4137 omnibus
2780 4125 2793 4149 ,

1749 4174 1886 4225 quae
1922 4175 2158 4226 unquam
2192 4162 2560 4227 praeparavi.»
2602 4185 2656 4195 —
2697 4161 2798 4211 Ca·

1748 4235 1889 4286 nidia
1932 4236 2142 4287 deridet
2182 4249 2370 4287 senem
2402 4247 2598 4286 vanum
2632 4237 2797 4297 atque
