3234 4975
704 398 818 462 ¹94

1448 392 1700 443 HORATII
1737 389 2069 440 CARMINUM

1196 548 1572 638 Liquimus?
1615 547 1788 613 unde
1834 567 2092 612 manum
2134 544 2429 609 iuventus

1032 712 1197 775 Metu
1243 709 1511 774 deorum
1554 705 1908 774 continuit?
1951 703 2186 793 quibus

1031 831 1322 918 pepercit
1364 829 1539 894 aris?
1585 829 1641 895 Ο
1686 829 1926 892 utinam
1967 846 2134 891 nova

1117 950 1353 1018 lnoude
1397 949 1688 1036 diffingas
1732 957 2020 1014 retusum
2062 946 2127 1011 in

1197 1074 1584 1159 Massagetas
1629 1069 2001 1156 Arabasque
2045 1068 2312 1134 ferrum!

2756 1066 2836 1129 40

825 1256 905 1305 36.
973 1252 1260 1315 Linquimus
1291 1251 1347 1300 B.
1388 1277 1443 1285 —
1480 1263 1660 1299 manus
1702 1250 1833 1298 Pott.
1872 1261 2008 1298 unus
2045 1248 2097 1297 Η
2120 1285 2131 1307 ,
2179 1245 2367 1307 Aldus,
2413 1247 2489 1295 Lt.
2529 1246 2606 1310 (Ut
2646 1259 2768 1305 noa,

760 1330 925 1379 nostri
958 1330 1012 1378 et
1042 1324 1235 1387 βκλω.)
1276 1351 1329 1360 -
1366 1324 1448 1373 39.
1486 1325 1706 1388 defiuyas
1736 1323 1826 1383 Bc,
1863 1320 1970 1371 duo
2005 1321 2246 1384 Cruquii,
2284 1322 2393 1371 tres
2427 1321 2583 1381 Pott„
2622 1320 2685 1369 Ct
2719 1322 2774 1370 et

758 1401 947 1462 BentL,
983 1403 1076 1466 defi
1105 1413 1221 1464 aas,
1261 1414 1325 1448 «u
1355 1411 1454 1463 per
1485 1396 1683 1448 malam
1715 1408 1935 1446 manum
1969 1409 2151 1445 erasa»
2186 1410 2251 1454 κ,
2300 1395 2541 1458 defflnqas
2571 1410 2622 1458 y.

2697 1393 2774 1456 (Ut

760 1490 885 1537 nos,
924 1476 1088 1526 ceteri
1120 1474 1308 1532 nostri,
1345 1474 1504 1523 etiam
1538 1470 1611 1535 d.)
1657 1498 1709 1509 —-
1751 1485 1979 1523 recusmn
2009 1485 2146 1522 unus
2170 1471 2407 1534 Cruquii‚
2445 1468 2633 1531 AlduS,
2672 1471 2770 1530 LC,

756 1556 1003 1600 recoctum
1041 1547 1272 1599 malebat
1303 1547 1584 1598 Bentleius.

757 1708 836 1758 37.
883 1709 1043 1758 Metus
1073 1708 1277 1756 deorum
1310 1709 1391 1756 est
1435 1698 1725 1765 εὐσέβεια,
1801 1705 1983 1754 Senon..
2039 1703 2423 1755 «refabrices».
2485 1701 2650 1754 Gloss.
2706 1702 2834 1754 Cod.

693 1782 853 1832 timor
893 1781 1117 1831 deorum
1159 1781 1340 1830 contra
1379 1776 1730 1844 δεισιδαιμο-

691 1856 803 1905 νία.
842 1855 945 1906 Cfr.
985 1856 1089 1905 Sat.
1127 1855 1176 1915 2,
1213 1854 1261 1914 3,
1299 1854 1411 1903 295.
1451 1853 1581 1904 Hinc
1607 1866 1731 1917 pro-

693 1928 894 1992 selytae
918 1930 1160 1979 Iudaicae
1184 1928 1446 1992 religionis
1467 1932 1731 1977 metuentes

692 2004 787 2064 dei,
824 2017 930 2053 non
964 2004 1198 2053 timentes.
1242 2030 1296 2039 —
1333 2002 1587 2067 continuit]
1614 2003 1729 2051 Non

689 2064 923 2141 prorsus*
961 2090 1321 2139 synonymum
1362 2076 1530 2127 verbo
1576 2076 1730 2126 absti-

690 2153 818 2212 nuit,
840 2164 962 2201 cum
975 2151 1232 2214 significet
1247 2150 1477 2215 aliquem
1493 2152 1730 2215 sapiente

693 2224 1054 2276 moderatione
1082 2225 1157 2274 uti
1181 2225 1234 2275 in
1257 2224 1570 2276 abstinendo
1594 2238 1627 2274 a
1649 2237 1733 2273 re-

691 2299 793 2350 bus
826 2300 1016 2349 vetitis.

757 2374 836 2424 38.
875 2374 916 2423 0
957 2373 1167 2438 utinam]
1214 2376 1488 2431 precatur,
1536 2377 1595 2424 ut
1629 2372 1731 2422 dea

693 2448 890 2500 serrum
931 2447 1081 2500 bellis
1124 2449 1381 2499 intestinis
1419 2448 1730 2499 hebetatum

691 2525 744 2573 in
777 2537 972 2574 novam
1007 2524 1232 2573 [ormam
1266 2523 1515 2584 reducat,
1551 2536 1620 2573 ne
1655 2521 1734 2572 ul-

690 2597 801 2649 lum
843 2599 897 2648 in
944 2612 1008 2648 eo
1042 2599 1309 2661 sanguinis
1354 2598 1517 2649 civilis
1551 2611 1731 2648 rema-

691 2674 816 2724 neat
834 2674 1139 2736 vestigium,
1177 2676 1336 2737 atque
1360 2676 1421 2723 ut
1442 2685 1608 2723 novos
1633 2674 1730 2723 hos

691 2746 889 2812 gladios
934 2749 986 2798 in
1031 2748 1352 2811 Massagetas
1398 2746 1727 2811 Arabasque,

694 2823 889 2872 «iustos
922 2822 1155 2882 hostes‚»
1192 2823 1427 2885 stringat.

757 2896 836 2946 39.
886 2896 1158 2959 Diffluqero
1203 2898 1285 2946 est
1325 2895 1476 2946 aliter
1513 2894 1728 2959 aliquid,

695 2983 757 3018 ac
780 2970 925 3032 prius
950 2969 1132 3030 iuerat,
1172 2969 1398 3019 formare
1426 2969 1731 3032 (reformare

1800 1778 1990 1841 Turio.)
2027 1779 2125 1829 Od.
2164 1779 2222 1839 3,
2259 1779 2352 1839 29,
2390 1777 2478 1830 47:
2533 1792 2689 1840 neque
2720 1778 2838 1842 Dif-

1796 1855 1942 1917 finyit
1971 1854 2299 1917 infectumque
2317 1854 2503 1903 reddet.
2539 1853 2678 1915 Virg.
2705 1854 2833 1902 Aen.

1801 1927 1850 1989 7,
1888 1928 2012 1977 636:
2047 1933 2322 1989 recoquunt
2337 1929 2535 1990 patrios
2554 1926 2842 1991 fornacibus

1803 2013 1950 2051 enses.

1866 2074 1946 2125 40.
2015 2077 2355 2139 Massagetae,
2416 2075 2658 2138 Scythiae
2710 2088 2840 2139 gens

1803 2149 1937 2199 intra
1991 2151 2196 2199 Imaum
2252 2152 2505 2199 montem.
2592 2148 2718 2199 Plin.
2773 2150 2834 2199 H.

1801 2224 1862 2273 N.
1900 2224 1960 2285 6,
1998 2224 2075 2273 47.
2104 2224 2171 2273 de
2195 2224 2432 2287 scythis:
2468 2224 2733 2274 Multitudo
2747 2236 2842 2285 po-

1792 2297 2032 2360 pulorum
2063 2298 2328 2348 innumera
2371 2304 2418 2348 et
2439 2312 2565 2360 quae
2585 2312 2698 2347 own
2715 2299 2842 2347 Par-

1802 2372 1896 2422 this
1952 2385 2017 2421 ex
2069 2385 2228 2434 aequo
2283 2373 2445 2436 degat.
2531 2371 2842 2422 celeberrimi

1801 2460 1972 2498 eorm
2021 2446 2205 2509 Sacae,
2257 2447 2668 2511 Massayetao,
2736 2448 2837 2497 cet.

1802 2523 2020 2573 Vossius
2042 2521 2273 2572 malebat
2292 2524 2697 2588 Massaqemsque
2717 2522 2844 2571 Ara-

1802 2597 2009 2659 basque,
2059 2598 2120 2645 ut
2167 2597 2500 2659 Rhoetumque
2546 2598 2841 2659 Pholumque

1804 2671 1944 2736 apud
1978 2669 2243 2733 Virgilium
2278 2671 2488 2735 (Georg.
2537 2672 2593 2729 2,
2628 2671 2740 2722 456.
2773 2670 2837 2720 cs.

1803 2749 1932 2796 Aen.
1961 2746 2018 2806 8,
2045 2744 2158 2795 ἳ94.
2191 2746 2271 2806 42,
2301 2745 2455 2810 344.),
2491 2746 2589 2797 sed
2613 2760 2708 2796 cur
2729 2747 2843 2795 tan-

1805 2821 1965 2870 dem‘?
2014 2820 2183 2869 Immo
2218 2818 2439 2883 copulae
2472 2819 2710 2870 absentia
2733 2832 2844 2870 me-

1803 2892 1903 2945 lius
1949 2893 2204 2956 significat
2256 2907 2421 2944 unum
2470 2892 2722 2958 populum
2773 2891 2841 2942 ab

1804 2966 1969 3018 altero
2003 2967 2156 3031 longe
2193 2981 2312 3018 esse
2346 2971 2629 3019 remotum.

1355 3233 1412 3288 Ε
1450 3236 1520 3291 Χ
1560 3238 1611 3294 C
1650 3238 1806 3296 ΠΒ
1843 3238 1891 3294 S
1932 3239 1992 3296 U
2031 3240 2079 3296 S
2156 3243 2210 3296 1.

1379 3369 1463 3418 AD
1499 3368 1557 3417 C.
1604 3369 1798 3418 XXXV.
1835 3383 1919 3418 vv.
1961 3372 2168 3421 ⁴7-28.

829 3492 929 3555 Ipsi
972 3492 1286 3554 scriptorum
1327 3489 1457 3550 loci,
1500 3503 1635 3554 quos
1679 3488 2033 3554 appellamus»,
2083 3492 2137 3542 hi
2169 3495 2306 3543 sunt.
2377 3493 2608 3544 Macrob.
2647 3495 2750 3544 Sat.
2790 3495 2837 3553 4,

704 3575 763 3624 ⁴9
813 3575 887 3639 (p.
924 3575 1093 3637 295.):
1146 3575 1501 3640 Argumentum
1545 3575 1750 3623 caducei
1793 3575 1862 3624 ad
1904 3575 2189 3638 ymssturam
2234 3590 2425 3639 quoque
2469 3577 2723 3627 homanum
2752 3602 2782 3612 -
2815 3602 2844 3612 -

703 3658 929 3722 Aoqyptu
978 3659 1315 3721 protondwtt,
1379 3659 1494 3709 ὼοε
1542 3659 1806 3721 praestitos
1864 3658 2050 3709 honuni·
2107 3662 2328 3710 nascmti
2388 3666 2624 3723 quattuor
2681 3662 2848 3710 adosse

701 3746 1055 3802 mennon-mm,
1091 3740 1379 3808 Δαίμονα,
1419 3738 1638 3807 Τύχην,
1671 3736 1919 3813 Ἔρωτα,
1962 3736 2251 3809 Ἀνάγκην.
2288 3772 2318 3781 -
2350 3771 2378 3781 -
2412 3745 2682 3793 Necessitas
2718 3745 2847 3794 nodo

703 3825 1040 3888 amineam:
1090 3825 1181 3875 ubi
1226 3826 1375 3877 vides
1416 3824 1558 3876 aliud
1592 3841 1624 3875 a
1658 3824 1817 3877 clavis
1862 3826 2151 3878 trabalibus
2193 3831 2294 3877 cet.
2353 3824 2488 3878 illius
2522 3826 2843 3891 symbolum.

707 3906 949 3971 Aeschyl.
976 3906 1150 3972 Suppl.
1177 3908 1289 3960 944.
1317 3909 1384 3959 de
1418 3908 1596 3974 populi
1631 3911 1789 3959 scito:
1842 3908 1956 3960 τῶν
1987 3908 2034 3959 δ’
2069 3907 2360 3976 ἐφήλωται
2393 3907 2575 3981 τορῶς
2609 3908 2848 3978 Γόμφος

706 3987 976 4058 διαμπάξ,
1013 3985 1091 4054 ὦς
1120 3993 1312 4056 μένειν
1344 3985 1658 4062 ἀραρότως.
1701 4020 1756 4029 -
1793 3994 1939 4043 Pind.
1972 3995 2123 4057 Pyth.
2150 3994 2205 4054 4,
2244 3995 2298 4043 7⁴
2325 4009 2336 4043 :
2374 3994 2459 4058 τίς
2492 3991 2554 4045 δὲ
2589 3993 2848 4059 κίνδυνος

707 4079 999 4147 κρατεροῖς
1031 4068 1357 4140 ἀδάμαντος
1389 4071 1565 4140 δῆσεν
1596 4068 1792 4139 diois-,-
1833 4104 1884 4113 —-
1924 4078 2031 4127 Cic.
2068 4079 2217 4128 Verr.
2254 4078 2378 4128 Ace.
2417 4080 2477 4140 5,
2527 4081 2617 4131 24:
2670 4085 2726 4130 ut
2756 4081 2847 4130 hoc

709 4161 1005 4223 benefic-itm»,
1041 4160 1450 4222 quomadmodum
1482 4161 1691 4221 dicitur,
1739 4160 1879 4209 clavo
1911 4159 2096 4211 trabali
2122 4164 2310 4226 flueret.
2354 4190 2409 4200 —
2446 4161 2610 4214 Plaut.
2644 4164 2845 4215 Asinar.

716 4245 759 4302 4,
798 4243 846 4303 3,
884 4243 941 4293 4:
980 4244 1137 4293 Finis
1167 4244 1245 4292 hic
1278 4244 1414 4305 apud
1444 4257 1533 4292 uos
1564 4244 1762 4293 auitum
1794 4248 1905 4293 tuus
1926 4244 2067 4294 clavo
2088 4251 2159 4295 ost
2179 4246 2447 4309 Cupidinis.
2517 4251 2649 4297 Ante
2673 4247 2846 4298 omnia
