3234 4975
669 405 793 469 544

1440 403 1698 456 nomm
1733 403 2070 469 cmumuu

924 561 1105 628 Venti
1146 568 1514 645 paventem,
1562 579 1711 626 mox
1755 560 1819 624 in
1863 558 2055 626 ovilia

921 680 1192 748 Demisit
1233 681 1486 748 hostem
1526 680 1781 747 vividus
1825 681 2133 768 impetuS‚

2755 679 2835 744 ι10

1007 804 1189 870 Nunc
1234 803 1297 868 in
1341 802 1731 870 reluctantes
1774 801 2095 869 dracones

1092 924 1233 1013 Egit
1274 943 1456 990 amor
1497 922 1683 1011 dapis
1727 932 1922 1011 atque
1964 943 2257 1010 pugnae3

922 1101 1277 1182 Qualemve
1323 1099 1506 1167 laetis
1548 1119 1787 1187 caprea
1830 1101 2089 1187 pascuis

922 1224 1168 1289 Intenta
1210 1220 1420 1288 fulvae
1464 1220 1685 1287 matris
1729 1218 1811 1286 ab
1856 1219 2059 1286 ubere

1006 1345 1140 1409 lam
1182 1342 1346 1409 lacte
1390 1340 1736 1429 depulsum
1779 1339 2038 1408 leonem

2759 1343 2836 1408 ⁴5

802 1581 881 1629 ⁴5.
919 1579 1027 1629 Iam
1057 1589 1208 1628 mane
1228 1575 1311 1626 vel
1334 1576 1442 1626 Iam
1458 1581 1629 1639 speum
1650 1573 1885 1626 malebat
1903 1574 2072 1626 Bentl.
2094 1615 2105 1637 ,
2145 1576 2254 1626 Iam
2277 1577 2477 1638 iamque
2494 1577 2769 1628 Kusterus.

671 1793 879 1843 Lucret.
930 1792 961 1841 6
982 1829 994 1852 ,
1054 1790 1184 1841 833;
1249 1791 1527 1853 pinnae-iem
1579 1791 1720 1840 rii-ms

669 1868 856 1916 inanis.

735 1941 785 1990 9.
824 1941 905 1989 40.
954 1940 1233 2002 pauentem]
1277 1939 1480 2003 «primo
1520 1941 1714 1990 conatu

668 2011 950 2079 pavidum;
1000 2012 1098 2064 sed
1144 2026 1269 2063 mox
1302 2012 1558 2063 audacter
1591 2026 1717 2063 cum

669 2089 781 2138 acri
815 2088 1016 2151 impetu
1047 2086 1286 2138 defertur
1317 2088 1373 2137 in
1404 2087 1715 2151 praedam.»

671 2159 920 2226 Apuleius
964 2160 1097 2212 Flor.
1147 2163 1204 2211 l:
1257 2161 1443 2224 Aquila
1491 2161 1715 2224 quaerit,

670 2249 883 2299 quorsus
907 2237 1221 2298 potissimam
1252 2237 1309 2286 in
1341 2237 1593 2299 praedam
1629 2249 1718 2285 su—

662 2310 1515 2374 pemesesematmhninisvice.
1556 2310 1719 2358 ——ei-

666 2385 828 2446 vidus]
885 2386 1157 2436 Poeticum
1220 2398 1340 2436 esse
1396 2383 1718 2435 vocabulum

670 2458 830 2511 tradit
850 2459 1061 2519 Festus;
1088 2462 1172 2510 est
1187 2460 1368 2511 tamen
1391 2460 1553 2510 etiam
1575 2457 1719 2523 apud

670 2535 779 2585 Liv.
808 2535 865 2595 6,
886 2535 979 2584 22:
1016 2535 1073 2584 in
1090 2534 1257 2583 vivido
1265 2538 1483 2595 pectore,
1504 2535 1558 2583 et
1573 2531 1713 2583 alibi.

736 2609 817 2659 44.
846 2607 929 2658 ⁴2.
954 2607 1268 2668 reluctantes]
1293 2606 1420 2658 Plin.
1450 2609 1511 2658 H.
1538 2608 1599 2658 N.
1624 2608 1715 2669 40,

669 2682 726 2732 4:
785 2681 873 2732 1110
907 2681 1390 2745 (draco)multiplici
1428 2695 1568 2731 nemu
1610 2682 1722 2731 alas

671 2753 910 2820 (aquilae)
930 2756 1081 2820 ligat,
1105 2757 1182 2807 ita
1202 2770 1253 2806 se
1272 2757 1553 2819 implicans,
1577 2760 1636 2805 ut
1655 2757 1722 2805 si-

667 2831 776 2881 mul
816 2831 1062 2881 decidant.
1122 2831 1343 2880 Luctam
1383 2831 1519 2880 inter
1563 2831 1720 2892 aqui—

669 2905 776 2955 lam
800 2905 854 2954 et
876 2906 1185 2968 serpentem
1207 2905 1430 2968 pingunt
1452 2905 1718 2955 Homerus

668 2976 814 3028 iliad.
846 2993 919 3041 μ,
953 2978 1068 3028 200.
1108 2978 1373 3028 Nicander
1404 2979 1561 3028 Ther.
1598 2977 1714 3029 458.

671 3053 860 3101 Cicero
881 3052 933 3101 in
963 3052 1142 3102 Mario.
1172 3051 1256 3115 (de
1283 3054 1438 3115 Legg.
1468 3054 1522 3114 4,
1562 3053 1629 3115 4.)
1658 3079 1712 3089 -

671 3127 733 3177 Ut
765 3126 818 3174 in
852 3125 1082 3185 Horatio,
1120 3126 1197 3175 sic
1231 3125 1405 3191 aquila
1441 3139 1566 3176 cum
1590 3126 1718 3175 dra-

670 3212 804 3249 cone
839 3197 1045 3249 luctans
1079 3199 1255 3263 imago
1284 3202 1367 3250 est
1401 3201 1717 3252 fortitudinis

670 3271 891 3323 bellicae
941 3273 994 3323 in
1044 3286 1205 3324 ocrea
1259 3275 1426 3326 Musei
1482 3274 1712 3326 Borbon.

670 3349 777 3397 vn.
814 3347 870 3397 T.
909 3346 989 3398 ⁴4.
1049 3374 1106 3384 —
1159 3361 1306 3398 amor
1352 3349 1522 3412 dapis]
1580 3349 1717 3401 «cibi

669 3421 980 3486 cupiditas»
1013 3421 1323 3473 Admirabili
1346 3426 1459 3474 arte
1482 3426 1594 3476 tres
1616 3425 1718 3474 de-

668 3496 855 3547 scribit
892 3495 1055 3547 veluti
1097 3497 1292 3560 gradus
1331 3497 1539 3562 aquilae
1574 3499 1716 3549 vires

668 3585 794 3623 suas
828 3569 1099 3636 paullatim
1136 3570 1461 3636 explicantis.

736 3647 926 3698 43-46.
964 3647 1215 3709 Capream
1250 3647 1461 3710 (nostris
1482 3645 1714 3710 zoologis

667 3735 871 3771 cervum
901 3722 1218 3784 capreolum,
1254 3721 1373 3785 Βοὴ)
1407 3733 1534 3771 cum
1554 3735 1719 3784 capra

667 3795 919 3846 contundi
954 3809 1062 3845 non
1094 3794 1297 3846 debere
1320 3795 1606 3845 dicendum
1632 3798 1716 3846 est

668 3872 889 3933 propter
930 3882 1197 3933 nuperum
1240 3868 1510 3933 quendam
1551 3870 1719 3919 inter-

670 3945 895 4006 pretem.
939 3970 993 3979 —
1030 3944 1160 3994 lacte
1190 3944 1463 4006 depulsum]
1500 3937 1720 4011 ἀπογα-

668 4016 1065 4068 amavorum.
1113 4020 1281 4071 Unam
1313 4020 1585 4069 notionem
1622 4032 1718 4069 ex-

669 4092 874 4157 primit,
912 4105 1075 4157 quam
1108 4094 1404 4157 posteriore
1427 4095 1622 4155 aetate,
1658 4094 1718 4143 ut

671 4179 700 4216 e
724 4166 999 4218 Glossariis
1023 4170 1256 4230 constat,
1291 4182 1399 4220 uno
1433 4167 1600 4220 verbo
1631 4168 1719 4219 ab·

668 4242 884 4293 lactatus
914 4243 1204 4306 signarunt.
1267 4244 1398 4294 Hinc
1442 4245 1590 4295 recte
1626 4243 1719 4293 ad-

1791 1791 1934 1853 iungi
1956 1792 2166 1855 poterat
2187 1790 2252 1840 ab
2271 1790 2438 1852 ubere,
2469 1804 2530 1840 «a
2547 1802 2835 1842 mammen:

1792 1862 2012 1929 falsique
2047 1867 2197 1925 sunt,
2242 1865 2333 1928 qui
2375 1864 2526 1914 ubere
2554 1877 2653 1928 pro
2687 1866 2838 1916 adie-

1791 1939 1930 1989 ctivo
1963 1937 2227 1989 habentes
2262 1937 2617 2003 explicarunt:
2658 1953 2721 1988 «a
2742 1952 2839 1989 co·

1791 2013 1942 2076 pioso
1976 2011 2196 2063 leaenae
2224 2011 2411 2073 lacte»,
2449 2011 2594 2077 quod
2617 2013 2838 2076 quidem

1790 2086 2057 2137 ἐπίθετον
2089 2087 2177 2137 hic
2209 2099 2431 2150 prorsus
2463 2087 2694 2137 otiosum
2707 2124 2719 2148 ‚
2763 2088 2841 2137 in-

1791 2173 1881 2211 mo
1915 2162 2156 2225 ineptum
2190 2163 2363 2219 esset;
2407 2173 2510 2210 nec
2542 2173 2672 2211 vero
2706 2174 2840 2211 con-

1790 2236 1936 2285 venit
1979 2248 2106 2285 cum
2149 2238 2284 2299 part.
2329 2235 2461 2296 iam,
2515 2248 2623 2300 quo
2667 2235 2840 2298 posita

1792 2311 1876 2359 est
1908 2308 2045 2359 loco.
2084 2308 2190 2360 Cir.
2228 2309 2352 2359 Em.
2384 2307 2513 2359 Guil.
2542 2308 2840 2360 Weberum

1792 2384 1863 2434 ad
1900 2383 2133 2434 luvenal.
2171 2396 2224 2447 p.
2263 2384 2378 2434 350.
2416 2383 2511 2434 Ed.
2549 2397 2679 2434 suae
2721 2383 2841 2434 Wi-

1792 2471 1929 2509 mar.
1989 2458 2153 2510 Recte
2204 2458 2366 2509 etiam
2417 2457 2610 2523 Regel:
2672 2458 2840 2509 «Cum

1791 2533 1967 2583 mater
2005 2534 2257 2583 invenem
2297 2531 2510 2584 leonem
2554 2532 2624 2583 ab
2669 2532 2839 2583 ubere

1792 2604 2050 2671 depellat,
2093 2608 2155 2658 ut
2194 2607 2332 2658 lacte
2374 2620 2503 2658 eum
2535 2607 2838 2672 prohibeat,

1792 2681 1907 2732 sine
1941 2679 2235 2733 verborum
2267 2680 2594 2732 abundantia
2626 2680 2710 2732 leo
2736 2680 2842 2731 dici

1792 2756 1971 2819 potest
2010 2755 2076 2806 ab
2116 2756 2266 2806 ubere
2293 2757 2476 2806 maa-is
2505 2757 2634 2807 lacte
2663 2755 2840 2818 depul-

1791 2842 1896 2888 εως
1950 2828 2191 2881 additum
2234 2830 2379 2880 enim
2421 2830 2551 2880 lacte
2581 2829 2842 2894 significat

1792 2903 1875 2964 id,
1911 2917 1942 2954 a
1976 2905 2129 2956 cuius
2161 2918 2264 2956 usu
2295 2905 2636 2969 prohibetur,
2683 2906 2773 2968 qui
2806 2918 2839 2954 a

1792 2979 1976 3028 matris
2009 2978 2181 3029 ubere
2216 2977 2547 3043 depellitur.»
2582 2979 2838 3041 Depelle-o

1791 3065 1827 3101 a
1864 3053 1992 3103 lacte
2027 3052 2157 3104 dixit
2192 3053 2334 3117 virg.
2377 3052 2486 3104 Ecl.
2527 3053 2586 3115 7,
2626 3055 2737 3113 45.,
2774 3053 2840 3103 ab

1789 3126 1939 3177 ubere
1974 3127 2157 3177 maa-is
2192 3128 2286 3176 Ge.
2327 3126 2386 3189 3,
2430 3127 2567 3190 ⁴87„
2602 3127 2842 3190 depellere

1792 3200 2035 3252 absolute
2071 3201 2179 3252 Ecl.
2217 3200 2248 3250 3
2263 3239 2275 3263 ,
2315 3201 2398 3252 82.
2438 3202 2652 3265 (Animi,
2688 3204 2835 3265 puto,

1792 3289 1954 3327 causa
1975 3277 2059 3326 vir
2089 3272 2497 3347 κριτικώτατος
2517 3289 2690 3340 nuper
2708 3287 2841 3340 pro-

1790 3351 1968 3414 posuit
2006 3351 2119 3400 Iam
2155 3350 2385 3415 (mactel)
2429 3350 2726 3415 deputam.)
2780 3378 2834 3386 —

1791 3424 1948 3474 Dente
1994 3425 2140 3488 novo]
2193 3422 2413 3476 «novelli
2463 3423 2658 3486 leonis,
2709 3426 2840 3474 tunc

1790 3499 2026 3562 primum
2045 3499 2304 3563 praedam
2325 3499 2545 3563 rapturi.
2565 3517 2591 3543 a
2621 3526 2675 3534 —
2695 3499 2841 3561 peri—

1788 3574 1932 3634 tura]
1975 3574 2162 3623 «certo
2196 3574 2353 3623 exitio
2387 3572 2703 3622 destinata.»

1858 3646 1938 3696 47.
1993 3649 2174 3710 Raetis]
2219 3660 2319 3712 pro
2356 3647 2602 3698 Raeticis.
2662 3648 2838 3709 Haec,

1790 3723 1850 3771 ut
1883 3720 2080 3772 docent
2121 3722 2385 3785 Inscriptt.
2402 3758 2415 3782 ,
2463 3721 2662 3772 rectior
2704 3722 2842 3771 scri-

1790 3797 1948 3858 ptura
1983 3798 2068 3846 est
2099 3808 2264 3859 quam
2296 3796 2511 3847 Rhoeti-s.
2568 3796 2707 3846 Vera
2741 3807 2841 3845 au-

1792 3872 1903 3920 tem
1936 3869 2092 3920 lectio
2129 3871 2309 3934 (quam
2342 3882 2470 3920 cum
2502 3870 2687 3934 paucis
2724 3867 2840 3919 aliis

1792 3942 1957 3994 habet
1990 3945 2239 4008 antiquus
2274 3944 2405 3995 Cod.
2446 3943 2670 4007 sangall.
2699 3956 2729 3993 a
2751 3955 2834 4006 pr.

1791 4018 1895 4082 m.)
1951 4021 2203 4082 corrupta
2260 4020 2345 4068 est
2407 4018 2602 4082 partim
2657 4028 2839 4067 errore

1791 4094 1960 4156 Raeti,
1996 4094 2193 4157 partim
2227 4091 2630 4157 interpolatione
2665 4089 2833 4141 Codd.

1792 4168 1946 4232 aliq.:
2000 4174 2048 4220 et
2101 4168 2352 4219 Vindelici.
2425 4166 2841 4230 Cuninghamius

1790 4243 2102 4295 Animadvv.
2140 4256 2194 4307 p.
2232 4242 2314 4293 50.
2353 4242 2570 4293 adnotat
2607 4242 2715 4291 iam
2748 4240 2841 4290 diu
