3234 4975
638 362 759 425 572

1409 364 1662 412 noRATu
1695 363 2034 442 CARfflNUM

724 519 987 605 Frigora
1032 518 1371 584 mitescunt
1415 516 1757 605 ZephyriS‚
1807 538 1921 583 ver
1965 516 2234 603 proterit
2278 528 2489 582 aestas

984 639 1316 705 interitura
1337 691 1348 713 ‚
1398 637 1584 703 simul

2735 637 2805 700 ll)

723 759 999 826 Pomiser
1040 764 1434 826 Auctumnus
1479 759 1694 846 fruges
1740 758 2069 829 effuderit.
2127 770 2189 826 et
2235 782 2380 826 mox

976 882 1212 945 Bruma
1258 879 1531 946 recurrit
1576 880 1766 944 iners.

724 1039 966 1104 Damna
1010 1002 1223 1101 tamen
1267 1033 1515 1102 celeres
1560 1047 1863 1122 reparant
1907 1036 2208 1103 caelestia
2252 1037 2474 1103 lunae:

976 1158 1136 1229 Nos,
1185 1155 1293 1222 ubi
1339 1155 1704 1223 decidimus
1726 1208 1738 1233 ‚

773 1384 851 1433 40.
888 1381 1194 1443 Impar-itura
1215 1382 1280 1440 Τ,
1317 1394 1424 1444 quo
1448 1382 1730 1432 manifesto
1766 1395 1948 1433 errore
1983 1381 2136 1432 valde
2173 1382 2396 1433 dubium
2429 1383 2512 1444 fit,
2560 1386 2742 1434 utrum

704 1457 1017 1519 impermissa
1049 1455 1144 1505 Od.
1183 1455 1240 1513 3,
1281 1456 1338 1516 6,
1385 1457 1467 1505 27.
1506 1458 1735 1519 genuina
1771 1457 1838 1506 sit
1886 1454 2043 1507 lectio
2080 1470 2265 1507 necne.
2310 1484 2364 1494 -
2405 1458 2484 1507 42.
2521 1463 2747 1508 recurret

622 1556 668 1588 0,
705 1533 759 1580 L.
804 1530 987 1592 (Codd.
1031 1531 1137 1581 mei
1170 1530 1425 1590 recurrit.)

640 1764 836 1826 Theog.
863 1764 976 1813 902.
1016 1766 1124 1812 tres
1159 1763 1295 1814 Iovis
1329 1765 1384 1812 et
1416 1761 1685 1813 Themidis
1757 1775 1854 1823 que
1887 1763 2139 1812 ἀαηιηοεᾰε
2169 1764 2446 1814 imitantem
2474 1764 2658 1828 finibus
2688 1766 2806 1813 oris.

640 1835 806 1898 filiae,
860 1830 1124 1901 Εὖνομιη
1175 1849 1237 1885 τε
1284 1834 1429 1901 Δίκη
1472 1849 1536 1886 τε
1587 1836 1687 1885 καὶ
1758 1836 1909 1886 Idem
1944 1837 2002 1896 3,
2040 1838 2169 1888 286ε
2213 1839 2349 1887 Haec
2380 1843 2496 1887 eunt
2527 1839 2598 1888 ad
2628 1838 2811 1888 Librae

640 1906 859 1981 Εἰρήνη
925 1908 1219 1961 τεθαλυῖα.
1231 1910 1252 1973 )
1322 1938 1376 1947 -
1442 1909 1684 1973 proterit]

1758 1911 1894 1960 sidus
1935 1911 2248 1975 surgentibus
2280 1912 2433 1961 astris
2463 1912 2803 1969 Inerevuevzta,
2800 1926 2809 1935 ·

642 1983 852 2048 «pellit,
914 1984 1096 2047 fugat»
1166 1983 1380 2048 (dranyt
1441 1984 1682 2046 zuo-tiele).
1752 1985 1877 2047 pari
1898 1991 2145 2035 momento
2168 1987 2358 2036 damna
2377 1986 2665 2036 trahmttur.
2704 1987 2811 2036 Lu-

640 2058 991 2121 Aptissimum
1040 2070 1169 2108 sane
1220 2060 1303 2109 est
1341 2057 1570 2108 verbum
1617 2057 1686 2107 de
1763 2072 1881 2109 can.
1901 2059 1952 2117 8,
1972 2058 2092 2109 467·
2129 2061 2360 2120 noctique
2375 2060 2599 2122 rependit
2617 2059 2808 2123 (Libra)

641 2131 828 2196 rapido
872 2132 1014 2182 veris
1062 2134 1116 2181 in
1160 2134 1422 2182 aestatem
1463 2133 1687 2182 transitu

641 2208 695 2257 in
729 2205 890 2256 ltalia.
960 2206 1207 2258 Martialis
1240 2208 1298 2268 2,
1335 2207 1425 2267 46,
1461 2207 1526 2256 2:
1565 2207 1691 2257 Cam

642 2279 785 2330 breve
816 2281 1054 2331 Sicaniae
1080 2295 1172 2331 ver
1196 2282 1511 2343 populantur
1550 2292 1686 2342 apes.

647 2382 701 2391 -
726 2355 943 2418 Pmnifer
973 2356 1297 2417 Auctumnus]
1337 2355 1415 2405 Cf.
1444 2354 1609 2418 Epod.
1635 2355 1686 2414 2,

644 2430 705 2478 47
725 2442 891 2493 sq.—
929 2430 1115 2494 maes]
1142 2430 1209 2480 de
1234 2430 1489 2479 arborum
1513 2428 1692 2477 fructi-

643 2502 761 2554 bus.
813 2503 919 2554 Cfr.
950 2504 1264 2555 Cornificius
1286 2503 1428 2567 apud
1451 2504 1598 2552 Serv.
1621 2502 1691 2551 ad

643 2579 734 2628 Ge
764 2580 819 2638 4
857 2579 956 2628 55;
1003 2578 1250 2641 ιιιῙοΙία,
1299 2577 1693 2639 ᾳυαοῇνςίὁω

641 2651 867 2701 arboreis
919 2653 1139 2714 tefflmna
1199 2652 1491 2714 qiymmmr.
1568 2648 1692 2700 Cal-

641 2727 864 2791 purnius
898 2723 1005 2775 Ecl.
1031 2727 1092 2787 8,
1120 2726 1216 2775 67·
1206 2762 1218 2774 .
1255 2726 1486 2788 omnique
1517 2739 1584 2775 ex
1605 2740 1694 2775 ar-

641 2800 758 2850 bore
792 2802 979 2864 [maes.
1018 2825 1077 2836 -
1115 2800 1359 2863 effoderit]
1386 2813 1415 2849 e
1439 2801 1557 2850 sinu
1591 2812 1691 2850 suo

641 2874 728 2925 vel
764 2888 829 2925 ex
862 2873 1173 2926 Amaltheae
1209 2887 1394 2924 cornu.
1438 2902 1492 2910 —
1538 2875 1689 2936 iners]

644 2946 803 2998 «nihil
820 2947 1177 3012 producens.»
1204 2947 1301 2997 Od.
1326 2948 1376 3010 2,
1403 2948 1452 3008 9,
1478 2950 1539 2997 5:
1575 2949 1694 3011 ala-

643 3024 741 3073 cies
772 3024 924 3072 iners.
961 3023 1103 3085 virg.
1140 3024 1231 3071 Ge.
1266 3023 1322 3082 4,
1359 3021 1489 3072 299;
1541 3024 1693 3073 hiems

642 3099 834 3161 iqnava
855 3096 1045 3146 colono.
1073 3095 1191 3158 (Ein
1214 3096 1396 3160 ewiyer
1411 3098 1695 3147 anutirksa-

642 3184 752 3221 mer
778 3171 985 3220 Winter.
1018 3172 1242 3220 Gonrnss.
1270 3171 1494 3221 B.XL11.
1515 3173 1566 3222 S.
1587 3171 1690 3233 25.)

710 3244 790 3294 43.
847 3242 926 3294 44.
979 3243 1209 3304 Damna]
1266 3245 1441 3295 «Luna
1475 3259 1691 3309 quoque

644 3317 1012 3370 decrescendo
1058 3319 1211 3381 quasi
1257 3320 1447 3369 damna
1479 3321 1688 3384 accipit,

645 3405 784 3456 quae
835 3396 1000 3443 mon
1050 3405 1268 3457 semper
1321 3397 1689 3458 reparantur.»

645 3468 743 3527 Qui
794 3468 1070 3531 proposuit
1130 3468 1282 3517 etiam
1330 3481 1429 3532 pro
1489 3473 1689 3529 tamen,

643 3542 1028 3592 sententiarum
1051 3555 1249 3592 nexum
1273 3555 1378 3592 non
1403 3543 1531 3593 satis
1564 3555 1694 3606 per·

644 3616 830 3680 spexit.
852 3642 906 3652 -
929 3618 1106 3666 Lunae
1131 3627 1254 3665 cum
1278 3617 1469 3665 damna
1490 3615 1690 3677 tribuit,

643 3689 857 3753 proprie
894 3689 1103 3740 locutus
1137 3691 1222 3740 est
1254 3688 1323 3739 de
1358 3687 1469 3749 illa,
1530 3693 1588 3740 ut
1623 3691 1695 3739 ait

647 3764 774 3815 Plin.
799 3766 860 3815 Η.
883 3766 944 3814 N.
964 3765 1015 3826 2,
1037 3765 1084 3826 9,
1108 3765 1188 3827 6.,
1214 3768 1484 3814 senescente
1502 3778 1696 3827 semper

645 3844 734 3889 aut
767 3845 1025 3890 crescente.
1076 3838 1249 3889 Manil.
1276 3840 1334 3899 2,
1362 3837 1453 3889 94:
1490 3838 1567 3888 Aa
1586 3841 1693 3888 Lu-

644 3927 743 3964 nae
788 3920 978 3963 motum
1024 3915 1232 3963 variant
1281 3913 1530 3963 animalia
1584 3928 1697 3963 cor-

640 4002 760 4051 pus,
800 3988 862 4036 Et
895 3992 985 4037 tua
1012 3989 1225 4049 domm,
1263 3992 1377 4037 tuas
1405 3987 1690 4049 imitantur,

642 4060 810 4120 Delia,
846 4061 990 4110 vices.
1028 4061 1133 4111 Sed
1156 4061 1313 4111 Iacob
1350 4073 1473 4110 cum
1507 4059 1688 4112 libris:

646 4138 710 4187 Et
742 4149 857 4185 cum
890 4137 1081 4186 damna
1113 4141 1226 4186 tuas
1260 4137 1552 4196 innitantur,
1590 4139 1694 4187 De·

645 4212 749 4272 lia,
786 4212 930 4262 vires.
969 4224 1018 4259 v.
1053 4210 1177 4261 945:
1220 4211 1504 4272 (Phoeben)
1541 4212 1695 4262 Fata—

1761 2133 1877 2182 Lux
1923 2146 2094 2181 nuno»-
2139 2133 2375 2183 hibernae
2429 2135 2570 2183 verni
2631 2134 2813 2183 edacia

1759 2207 1949 2256 damni.
2009 2204 2226 2257 Rutilius
2261 2208 2314 2268 4,
2359 2209 2471 2259 422.
2530 2205 2597 2256 ad
2617 2207 2813 2258 urbem

1763 2283 2019 2331 Romam:
2056 2281 2301 2342 Emnplo
2323 2281 2449 2330 caeli
2472 2282 2598 2330 ditia
2620 2283 2810 2332 damna

1761 2355 1910 2404 subis,
1951 2353 2182 2416 Fulgent.
2209 2353 2426 2417 Mythol.
2454 2356 2509 2416 2,
2538 2355 2624 2404 49;
2662 2357 2812 2405 detri-

1760 2434 1931 2479 menta
1962 2428 2112 2477 lunae
2144 2434 2191 2478 et
2222 2434 2508 2493 ammenta.
2547 2429 2650 2479 Cfr.
2679 2432 2812 2479 Gro-

1763 2517 1885 2554 noV.
1934 2504 2004 2554 ad
2048 2502 2174 2553 Gell.
2221 2504 2314 2564 20,
2358 2505 2406 2553 8.
2468 2506 2814 2568 opponuntur

1762 2577 1974 2627 lunaria
2007 2580 2314 2627 incrementa
2335 2578 2479 2640 apud
2505 2579 2700 2628 Lucan.
2731 2579 2808 2638 40,

1764 2653 1882 2702 245.
1923 2653 2062 2701 Dum
2085 2653 2264 2701 autem
2289 2652 2563 2710 HoratiuS,
2599 2654 2658 2701 ut
2678 2656 2812 2715 poe·

1764 2728 1875 2776 tam
1926 2725 2190 2783 decebat,
2251 2725 2318 2774 de
2369 2724 2492 2775 luna
2537 2724 2814 2775 dumtaxat

1764 2798 1909 2864 loqui
1947 2798 2183 2859 videtur,
2222 2801 2387 2849 totam
2428 2799 2612 2849 mundi
2649 2801 2811 2849 vitam

1763 2888 1828 2924 ac
1862 2875 2088 2924 formam
2124 2872 2417 2923 identidem
2450 2874 2693 2923 renovari
2737 2876 2812 2924 si-

1765 2951 2008 3013 gnifieat:
2062 2961 2190 2999 «nos
2225 2960 2353 2998 vero
2384 2948 2638 2999 mortales
2671 2950 2811 2998 vitae

1765 3038 1871 3075 non
1893 3023 2278 3074 restituimur.»
2328 3021 2576 3072 Similiter
2606 3021 2674 3072 de
2697 3021 2810 3073 sole

1765 3096 1951 3149 Catuli.
1977 3099 2035 3157 5,
2073 3096 2134 3147 4:
2184 3096 2322 3146 Soles
2353 3097 2574 3146 occidere
2605 3102 2653 3145 et
2682 3097 2815 3145 redi-

1762 3186 1819 3222 re
1845 3176 2081 3235 poseium:
2111 3171 2290 3231 Nobis,
2321 3183 2436 3219 eum
2461 3171 2609 3219 semel
2637 3171 2813 3219 occidit

1763 3246 1924 3297 brevis
1965 3246 2092 3306 tun,
2144 3247 2263 3295 Nox
2303 3249 2374 3294 est
2411 3249 2658 3305 perpetua
2703 3258 2811 3293 ana

1763 3321 2072 3371 definienda.
2116 3348 2170 3355 —
2224 3319 2509 3380 decidimus]
2561 3317 2812 3368 Similiter

1763 3396 1894 3458 Epp.
1921 3396 1979 3455 2,
2009 3395 2030 3443 4
2056 3431 2067 3455 ,
2094 3392 2190 3443 36;
2238 3393 2469 3454 scriptor
2501 3393 2680 3443 abhinc
2713 3407 2813 3442 an—

1761 3482 1853 3518 nos
1891 3472 2088 3518 ceritum
2129 3468 2215 3529 quc·
2248 3468 2443 3518 decidit.
2504 3467 2653 3517 Ovid.
2686 3468 2808 3517 Met.

1763 3545 1857 3605 40,
1896 3545 1994 3593 47τ
2054 3543 2095 3591 0
2124 3543 2275 3604 positi
2306 3541 2394 3592 sub
2428 3548 2568 3592 terra
2599 3542 2813 3592 ninnivta

1763 3619 1971 3678 mundi,
2023 3619 2082 3666 In
2132 3630 2280 3678 quem
2312 3618 2604 3678 deeidimm,
2661 3616 2812 3676 quid—

1765 3693 1886 3754 quid
1915 3693 2128 3741 mortale
2161 3705 2410 3741 cremar.
2481 3692 2692 3740 Frustra
2715 3690 2813 3752 igi-

1767 3769 1853 3815 tur
1884 3767 1987 3816 HP.
2026 3767 2254 3816 coniecit
2285 3766 2567 3815 recidivans.

1833 3841 1912 3889 45.
1970 3840 2049 3889 46.
2105 3842 2213 3902 Quo
2242 3845 2393 3902 pater
2423 3837 2634 3900 Aeneas]
2679 3835 2814 3887 Soli-

1770 3917 1884 3964 tum
1958 3911 2225 3964 ἐπιθετον
2291 3910 2635 3975 virgilianum
2697 3912 2817 3973 ptus

1768 3987 1945 4038 multis
1961 3986 2189 4038 librariis
2208 3988 2377 4051 magis
2393 3984 2607 4050 placuit,
2629 3998 2816 4048 quam-

1768 4075 1929 4125 quam
1966 4063 2122 4112 etiam
2158 4063 2287 4111 Aen.
2327 4061 2382 4120 4,
2421 4060 2534 4110 699.
2582 4073 2645 4109 ac
2689 4071 2813 4108 sae-

1768 4138 1887 4201 pius
1942 4139 2024 4187 est
2061 4142 2213 4197 pater
2254 4136 2461 4185 Aeneas.
2535 4134 2811 4185 Praeterea

1767 4225 1854 4260 vv.
1887 4213 2004 4273 pius
2046 4212 2099 4261 et
2133 4212 2267 4261 dives
2300 4211 2481 4261 nescio
2517 4220 2681 4272 quam
2714 4219 2814 4270 op-
