3234 4975
1156 464 1163 481 ¹
1223 400 1485 451 omnen
1521 398 1866 452 secumnss.

2499 392 2623 457 633

792 556 1121 632 NasceriS,
1170 556 1383 643 possis
1428 553 1581 619 nihil
1627 552 1788 619 urbe
1833 554 2034 619 Roma

962 677 1183 744 Visere
1226 676 1450 742 maius.

793 837 931 903 Rite
977 846 1263 905 maturos
1308 833 1563 921 aperire
1609 842 1830 919 partus

793 957 1009 1029 Lenis,
1060 954 1340 1042 Ilithyia,
1391 963 1575 1019 tuere
1623 962 1877 1023 matres,

796 1078 945 1143 Sive
992 1087 1056 1142 tu
1102 1076 1344 1142 Lucina
1388 1073 1626 1161 probas
1669 1073 1884 1139 vocari

959 1198 1088 1263 Seu
1134 1195 1457 1263 Genitalis.

584 1359 662 1408 46.
699 1356 963 1418 Gor-omnis
992 1355 1258 1407 Bentleius
1291 1357 1427 1405 coni.

452 1492 691 1567 ἁμέραν.
717 1524 770 1533 -
789 1496 937 1560 celas]
960 1495 1177 1547 «condis
1194 1494 1500 1546 occidens.»

459 1599 512 1607 —
539 1571 765 1632 aliusque
786 1575 833 1619 οι
853 1571 998 1630 idem]
1039 1569 1305 1633 «quotidie
1339 1581 1504 1618 reno-

454 1646 575 1693 vato
626 1643 910 1708 splendore
962 1642 1264 1706 eodemque
1321 1642 1501 1705 vigore

455 1718 727 1778 exoriens,
776 1717 913 1768 adeo
954 1719 1013 1766 ut
1046 1714 1360 1767 mortalibus
1406 1728 1503 1764 no-

453 1804 553 1842 vus
588 1791 833 1853 videare,
880 1803 1005 1842 cum
1038 1792 1218 1840 tamen
1251 1789 1396 1840 idem
1431 1789 1504 1839 sis

458 1878 523 1914 ac
548 1864 632 1915 die
662 1866 903 1929 proxime
925 1864 1255 1928 superiore.»
1291 1864 1499 1913 Lucret.

459 1941 517 1999 ὅ,
556 1940 678 1988 659:
724 1938 1507 2000 somina--ardoris--Quae

452 2013 644 2076 faciunt
708 2013 824 2063 solis
872 2026 1007 2062 nova
1064 2025 1257 2074 semper
1313 2012 1507 2062 lumina

455 2087 610 2150 qimai.
655 2114 710 2124 —
752 2087 913 2137 Visere
944 2087 1130 2149 maius]
1182 2087 1319 2149 Virg.
1371 2087 1500 2135 Aen.

457 2161 513 2221 7,
568 2160 692 2209 602:
728 2161 961 2209 ηιαωίτηα
990 2174 1166 2210 rerum
1196 2161 1371 2209 Roma.

528 2233 589 2283 43
612 2260 641 2269 -
668 2235 747 2283 46.
784 2234 908 2296 Rite]
947 2233 1116 2283 «bene
1141 2247 1205 2283 ac
1228 2234 1375 2282 recte
1393 2269 1405 2293 ,
1432 2233 1506 2282 uti

452 2307 538 2357 Ios
588 2310 671 2357 est
719 2320 816 2356 nos
865 2319 1084 2369 sperare
1137 2307 1204 2355 de
1254 2308 1333 2364 te,
1404 2305 1506 2356 dea

456 2381 701 2445 propitia,
730 2380 880 2430 cuius
897 2381 1173 2444 proprium
1192 2382 1274 2429 est
1291 2392 1503 2442 munus,

456 2456 515 2505 ut
565 2453 794 2518 benigne
846 2466 910 2504 ac
954 2451 1182 2504 molliter
1237 2456 1419 2517 partus
1452 2453 1506 2503 in

455 2529 634 2581 lucem
657 2528 948 2593 proferas.»
987 2527 1118 2580 Male
1143 2527 1317 2577 Schol.
1341 2530 1501 2592 Cruq.

456 2618 506 2654 v.
532 2606 628 2653 rite
663 2604 826 2666 iungit
860 2614 985 2653 cum
1015 2616 1067 2652 v.
1093 2608 1343 2662 maturos,
1381 2616 1505 2652 cum

454 2677 719 2741 pertineat
763 2675 834 2725 ad
866 2690 917 2726 v.
954 2676 1171 2737 aperire.
1215 2703 1270 2711 -
1307 2676 1508 2737 aperire

448 2756 633 2814 pareus
652 2750 812 2812 Lenis]
849 2751 1048 2799 Graeca
1074 2749 1466 2799 constructione
1489 2763 1499 2797 ε

457 2827 634 2885 «Quae
670 2823 848 2873 lenem
891 2826 942 2872 te
992 2822 1224 2887 praebes
1275 2823 1328 2873 in
1378 2837 1505 2887 par-

456 2898 616 2948 tubus
684 2897 905 2947 maturis
970 2898 1024 2946 in
1092 2894 1269 2946 lucem
1324 2897 1506 2961 profe-

455 2973 687 3023 rendis.»
741 2972 817 3022 Ct'.
869 2971 964 3021 Od.
1016 2972 1069 3032 4,
1114 2970 1203 3032 24,
1243 2972 1333 3020 ⁴7:
1393 2972 1506 3021 Non

453 3047 577 3097 lenis
611 3045 934 3110 (Mercurius)
964 3045 1196 3107 precibus
1214 3045 1327 3107 fata
1348 3045 1508 3094 reclu-

455 3122 584 3172 dere.
641 3148 693 3157 -
750 3118 1145 3185 Πολυωνυμία
1196 3117 1504 3169 numinibus

455 3195 643 3246 divinis
701 3195 1099 3259 exoptatissima
1155 3195 1238 3243 est
1303 3191 1500 3256 gloria,

456 3282 616 3332 quam
640 3282 683 3317 -a
718 3270 839 3317 Iove
873 3266 1108 3332 postulat
1148 3267 1315 3317 Diana
1362 3266 1505 3331 apud

457 3341 658 3393 Gallim.
686 3342 877 3403 Hymn.
905 3341 936 3391 3
954 3379 966 3402 ,
1004 3341 1063 3391 6:
1098 3337 1213 3403 Δός
1240 3355 1346 3406 μοι
1367 3351 1507 3412 παρ-

453 3414 653 3480 θενίην
701 3410 968 3474 αἰώνιον,
1026 3406 1220 3475 ἅκπα,
1272 3410 1505 3477 φυλάσ-

455 3504 578 3538 σειν
629 3488 738 3539 Καὶ
795 3486 1223 3555 πολυωνυμιην.
1300 3490 1504 3540 Eodem

456 3564 610 3626 igitur
634 3562 975 3626 antiquorum
1012 3576 1164 3613 more
1197 3575 1361 3624 usu3‚
1398 3576 1504 3627 quo

456 3639 561 3687 Sat.
600 3639 659 3697 2,
698 3637 759 3697 6,
796 3637 888 3687 20:
942 3638 1191 3688 Matutino
1226 3642 1380 3699 pater
1420 3651 1508 3687 seu

453 3714 573 3762 Iane
605 3711 833 3762 libentius
863 3712 1028 3761 audis.
1087 3711 1338 3774 Aeschyl.
1365 3714 1506 3776 Aga-

456 3799 656 3836 memn.
719 3786 848 3837 ⁴47:
919 3780 1091 3846 Ζεύς,
1162 3777 1324 3847 ὅστις
1380 3788 1504 3836 ποτ’

455 3861 631 3921 ἐστίν,
669 3861 723 3909 εἰ
753 3855 871 3910 τόδ’
906 3854 1064 3925 αὐτῷ
1100 3857 1275 3921 φίλον
1309 3858 1509 3924 κεκλη-

453 3937 609 4002 μένῳ
627 3972 640 3996 ,
711 3931 899 3986 Τοῦτό
966 3949 1056 3984 νιν
1117 3934 1501 4003 προσεννέπω.

456 4009 600 4061 Plato
637 4009 836 4073 Cratyl.
874 4023 927 4074 p.
959 4008 1072 4059 400.
1112 4010 1179 4058 E:
1216 3999 1412 4094 ὥσπερ
1445 4006 1506 4057 ἐν

456 4090 582 4148 ταῖς
637 4079 838 4147 εὐχαῖς
903 4080 1088 4148 νόμος
1143 4081 1301 4132 ἐστὶν
1367 4086 1505 4147 ημῖν

457 4154 761 4220 εὔχεσθαι,
829 4157 1035 4220 οἵτινές
1090 4171 1150 4207 τε
1206 4157 1305 4206 καὶ
1362 4150 1506 4205 ὁπό-

456 4235 558 4285 θεν
609 4236 914 4306 χαίρουσιν
966 4227 1509 4298 ὀνομαζόμενοι(οἱ

2543 1071 2622 1135 45

1574 1492 1743 1556 θεοί).
1779 1489 1982 1542 Phileb.
2021 1503 2139 1554 pag.
2170 1492 2248 1540 42.
2272 1492 2346 1540 C:
2385 1489 2486 1541 νῦν
2520 1486 2626 1556 τὴν

1573 1566 1683 1631 μὲν
1714 1560 2076 1635 Ἀφροδίτην,
2132 1556 2247 1635 ὅπῃ
2299 1563 2489 1637 ἐκείνῃ
2522 1568 2627 1629 φι-

1574 1640 1697 1701 λον,
1735 1638 1914 1710 ταύτῃ
1951 1634 2380 1710 προσαγορεύω.
2436 1639 2622 1691 Catuli.

1575 1716 1656 1767 32.
1715 1713 1807 1777 (al.
1860 1712 1969 1775 34),
2027 1713 2109 1762 24.
2157 1712 2225 1763 de
2281 1714 2475 1764 Diana:
2546 1715 2628 1764 Sis

1575 1801 1869 1851 quocunque
1924 1787 2012 1837 tibi
2059 1787 2228 1848 placet
2288 1788 2479 1838 Sancta
2531 1803 2630 1838 no-

1573 1866 1732 1925 mino,
1775 1864 1828 1913 h.
1879 1861 1912 1912 Ι.
1956 1862 2092 1912 deae
2158 1862 2428 1927 optionem
2504 1863 2624 1923 dat,

1574 1941 1758 1988 utrum
1823 1948 2021 1987 nomen
2088 1935 2138 1985 ei
2211 1937 2485 2000 acceptius
2539 1937 2624 1997 sit,

1576 2014 1912 2064 Graecumue
1948 2008 2074 2060 illud
2104 2007 2432 2072 Εἰλειθυίας
2467 2011 2624 2074 (quae

1576 2087 1646 2137 ad
1682 2087 2038 2151 parturientes
2065 2085 2211 2135 venit
2244 2098 2406 2150 opem
2438 2084 2625 2147 latura)

1577 2174 1648 2210 an
1680 2161 1920 2211 Latinum
1951 2158 2035 2209 vel
2069 2160 2289 2210 Lucinae
2323 2160 2478 2224 (quoe
2514 2158 2628 2209 aliis

1579 2232 1773 2284 eadem
1823 2235 1908 2283 est
1955 2245 2081 2282 cum
2130 2234 2360 2294 Iunone,
2414 2236 2473 2282 ut
2504 2232 2623 2282 Ter.

1577 2307 1742 2358 Andr.
1780 2308 1839 2367 3,
1877 2308 1934 2366 4,
1983 2308 2074 2356 ⁴5:
2127 2309 2252 2357 Iuno
2285 2309 2508 2364 Lucina,
2550 2307 2630 2369 for

1577 2381 1768 2444 opem.)
1835 2379 1919 2430 vel
1971 2381 2239 2442 Genitalis,
2291 2378 2624 2442 Γενεθλίοις,

1577 2454 1825 2520 gignendi
1858 2453 2144 2519 praesidis,
2191 2454 2291 2506 alia
2325 2455 2508 2519 utique
2553 2455 2629 2506 si·

1578 2531 1912 2594 gnificutione
1977 2531 2138 2592 atque
2195 2530 2338 2594 apud
2401 2529 2627 2580 Ennium

1576 2610 1712 2655 Anu.
1743 2605 1802 2653 4;
1857 2603 2093 2654 Romnum
2133 2604 2186 2652 in
2226 2603 2365 2653 caelo
2408 2616 2524 2652 cum
2554 2603 2631 2651 dis

1575 2679 1873 2745 genitalibus
1918 2692 2094 2728 aevom
2139 2679 2312 2742 Deyic,
2367 2676 2457 2727 ubi
2507 2679 2631 2728 sunt

1577 2755 1684 2804 XII.
1724 2752 1778 2802 di
1819 2752 2050 2802 maiores
2089 2764 2134 2801 s.
2175 2753 2478 2801 consentes.
2536 2751 2629 2800 Di-

1577 2840 1735 2877 versa
1762 2827 1922 2877 etiam
1946 2823 2131 2876 Tibulli
2154 2824 2213 2885 4,
2240 2826 2299 2885 6,
2326 2827 2375 2875 4.
2432 2824 2632 2874 Natalis

1576 2902 1731 2961 Iuno,
1778 2900 1966 2963 genius
2006 2898 2314 2962 (muliebris)
2345 2897 2624 2963 Sulpiciae.

1578 2974 1804 3025 Hosman
1833 2972 2144 3036 Peerlkamp
2169 2971 2367 3023 mavolt
2389 2973 2626 3023 Genitalis,

1579 3049 1791 3099 Poterat
1840 3047 2033 3097 offerre
2085 3047 2299 3098 Festum
2342 3048 2396 3097 in
2439 3059 2491 3095 v.
2531 3047 2630 3097 Ge-

1576 3123 1736 3171 niales
1785 3123 1924 3179 «τοοκ
1979 3121 2077 3172 sed
2125 3134 2191 3171 ex
2237 3121 2472 3171 nummis
2512 3121 2632 3170 Cri-

1576 3197 1764 3261 spinae
1801 3195 2084 3246 Commodi
2116 3194 2418 3259 procedunt
2449 3207 2505 3244 οι
2540 3206 2632 3245 σε·

1573 3282 1807 3322 mmm.
1863 3268 2085 3320 Bentleii
2134 3273 2314 3319 autem
2366 3268 2632 3329 Gonetyuis

1577 3344 1775 3395 Latinis
1807 3343 2100 3394 inauditum
2137 3347 2191 3393 et
2217 3343 2433 3393 Graecis
2467 3342 2631 3405 turpi-

1578 3418 1758 3469 culum
1783 3418 1894 3468 fere
1913 3418 2242 3480 Venerisque
2264 3415 2441 3480 potius
2465 3428 2628 3478 quam

1576 3495 1775 3544 Dianae
1800 3492 2080 3543 ἐπίθετον.
2115 3488 2297 3540 Plures
2314 3487 2631 3540 Γενετυλλί-

1577 3565 1700 3630 δας,
1738 3579 1769 3616 a
1801 3563 2167 3616 Phocensibus
2200 3559 2505 3624 Γενναΐδας
2537 3576 2631 3627 ap-

1579 3640 1830 3705 pellatas,
1881 3638 2101 3689 Athenis
2147 3636 2315 3687 cultas
2365 3640 2630 3687 memorat

1577 3718 1733 3766 Paus.
1775 3715 1831 3773 4,
1883 3714 1936 3773 4,
1976 3714 2024 3763 5.
2072 3711 2288 3762 Lucian.
2324 3712 2506 3761 Amor.
2544 3709 2624 3761 42.

1578 3792 1657 3840 De
1690 3788 1891 3849 lamvio
1924 3789 2105 3837 autem
2141 3784 2402 3835 Plutarch.
2441 3786 2625 3849 Symp.

1579 3862 1638 3922 3,
1677 3863 1771 3920 40,
1814 3861 1870 3911 3:
1934 3857 2099 3925 οἶμαι
2147 3858 2248 3909 καὶ
2298 3854 2404 3924 τὴν
2438 3851 2630 3930 Ἄρτε-

1576 3952 1679 3999 μιν
1712 3934 1964 3994 Λοχείαν
2005 3934 2104 3983 καὶ
2138 3930 2471 3984 Εἰλείθυιαν
2516 3927 2628 3984 οὐκ

1581 3999 1766 4060 οὖσαν
1837 4006 2036 4077 ἑτέραν
2108 3999 2149 4071 ἢ
2203 4002 2309 4072 τὴν
2373 4004 2629 4073 Σελήνην

1577 4075 1945 4147 ὠνομάσθαι.
2024 4077 2310 4146 Τιμόθεος
2364 4080 2412 4131 δ’
2470 4074 2630 4132 ἅντι-

1579 4151 1722 4226 κρύς
1771 4169 1951 4220 φησι,
2003 4151 2111 4206 Διὰ
2157 4152 2402 4207 κυάνεον
2447 4150 2630 4205 πόλον

1575 4224 1826 4301 ἄστρων,
1862 4225 1971 4281 Διά
2005 4232 2052 4280 τ’
2089 4224 2412 4284 ὠκυτόκοιο
2448 4224 2628 4278 Σελά-
