3234 4975
1409 385 1663 435 HORATII
1700 386 2037 436 CARMINUM

981 543 1247 615 Cantus,
1295 562 1398 607 me
1444 539 1644 605 voluit
1685 538 1907 607 dicere
1951 539 2237 607 lucidum

977 661 1318 749 Fulgentes
1365 660 1590 727 oculos
1636 672 1701 727 et
1742 661 1911 727 bene
1955 662 2193 727 mutuis

2731 665 2810 730 45

1146 782 1377 849 Fidum
1419 793 1647 868 pectus
1692 781 2022 848 amoribus
2045 804 2059 861 ;

977 943 1185 1020 Quam
1227 962 1349 1007 nec
1396 940 1561 1008 ferre
1609 940 1849 1027 pedem
1894 939 2198 1007 dedecuit
2239 940 2455 1008 choris

976 1063 1109 1128 Nec
1153 1072 1401 1127 certare
1449 1061 1590 1127 ioco
1636 1081 1758 1127 nec
1805 1060 1962 1126 dare
2006 1060 2272 1127 brachia

975 1180 1332 1248 Ludentem
1377 1181 1594 1247 nitidis
1637 1181 1995 1269 virginibus
2039 1203 2226 1249 sacro

1145 1302 1388 1368 Dianae
1433 1301 1708 1369 celebris
1752 1302 1875 1369 die.

767 1519 848 1567 45.
885 1518 1134 1580 Fucymeis
1166 1517 1262 1566 ΒΤ.

639 1711 1031 1776 pulcherrima;
1071 1715 1126 1761 et
1161 1726 1218 1762 re
1255 1725 1382 1762 vera
1409 1713 1686 1763 formosis—

640 1788 776 1837 sima
812 1785 1003 1837 mulier
1045 1788 1163 1836 erat
1205 1788 1483 1846 Terentia,
1533 1788 1686 1837 cuius

638 1873 821 1910 amore
898 1864 1087 1924 captus
1164 1863 1280 1911 erat
1351 1861 1684 1911 Octavianus.

640 1936 801 1995 (Suet.
830 1936 942 1984 Oct.
972 1935 1073 1998 69.)

715 2006 794 2058 44.
831 2008 1054 2058 lucidum
1085 2008 1365 2072 myontes]
1403 2011 1463 2058 ut
1500 2008 1595 2059 Od.
1626 2011 1645 2059 4
1672 2048 1684 2069 ,

638 2084 721 2141 22,
748 2082 847 2132 23:
884 2084 1044 2133 Dulce
1079 2083 1334 2132 ridentem.
1374 2083 1469 2132 Od.
1497 2085 1558 2142 2,
1604 2083 1684 2144 49,

641 2158 707 2207 6;
761 2156 1016 2207 turbidum
1053 2158 1311 2206 Laetatur.
1361 2157 1456 2207 Od.
1499 2158 1560 2217 3,
1602 2158 1684 2217 27,

642 2231 704 2280 67
730 2245 741 2279 :
774 2232 1025 2295 Perfidiam
1044 2232 1228 2280 videns.
1281 2232 1451 2281 Etiam
1475 2232 1528 2281 in
1552 2232 1690 2280 Sati-

641 2306 734 2353 ris,
774 2305 848 2366 (4,
891 2304 949 2363 8,
991 2304 1047 2355 44
1080 2319 1092 2353 :
1147 2310 1444 2354 resonarent
1472 2307 1610 2356 triste
1644 2310 1691 2355 et

639 2378 888 2442 acutum.)
921 2379 1108 2443 Repeti
1129 2378 1218 2429 hic
1239 2391 1370 2429 usus
1395 2378 1689 2430 adiectivo-

638 2466 760 2503 rum
799 2456 979 2517 potest
1016 2453 1141 2503 inde
1178 2453 1246 2503 ab
1270 2453 1504 2506 Homero
1537 2453 1683 2505 Iliad.

636 2524 705 2587 β,
743 2528 874 2578 269:
912 2520 1148 2598 ἀχρεῖον
1173 2525 1339 2589 ἰδών,
1366 2529 1421 2578 id
1445 2530 1546 2590 est,
1585 2531 1687 2579 «ita

636 2600 822 2651 oculos
862 2605 1146 2665 torquens,
1192 2606 1253 2652 ut
1290 2602 1451 2654 homo
1491 2602 1688 2654 inutilis

636 2678 798 2738 atque
823 2675 1047 2726 stolidus
1063 2675 1366 2727 videretur»
1390 2691 1401 2736 ;
1429 2679 1506 2729 sic
1525 2679 1686 2729 etiam

635 2751 688 2800 in
725 2748 855 2801 locis
891 2752 1207 2802 Horatianis,

701 2826 780 2875 45.
819 2824 936 2875 bene
971 2825 1184 2888 mnis]
1222 2827 1279 2875 ut
1317 2826 1426 2875 Cic.
1471 2825 1541 2876 ad
1578 2829 1682 2876 Att.

636 2898 728 2958 44,
767 2899 830 2947 7:
881 2900 1076 2949 litterae
1113 2899 1231 2948 bene
1260 2899 1454 2962 longae.
1525 2902 1682 2951 Tusc.

633 2974 685 3033 2,
714 2973 810 3023 ⁴9:
848 2973 1130 3022 dolor-bene
1158 2973 1315 3034 plano
1347 2986 1593 3037 maanus,
1632 2977 1689 3026 et

634 3048 745 3097 bien
795 3045 1273 3109 Francogallorum.
1333 3047 1464 3098 Bone
1501 3051 1688 3100 mutuis

634 3122 791 3184 igitur
824 3124 908 3172 est
942 3119 1159 3186 «plene,
1195 3133 1418 3185 prorsus
1440 3159 1452 3182 ‚
1492 3122 1685 3174 eodem

636 3196 835 3246 amoris
852 3195 1045 3245 ardore
1065 3196 1315 3246 mutuis.»
1350 3194 1448 3246 Alii
1465 3198 1686 3261 iungunt

637 3283 761 3319 cum
800 3282 852 3317 ν.
894 3269 1108 3330 Fidiom,
1169 3269 1253 3320 cui
1295 3271 1486 3322 rationi
1527 3285 1688 3335 repu-

633 3355 796 3407 gnare
830 3342 1045 3394 videtur
1065 3342 1358 3396 verborum
1390 3347 1585 3409 positio
1621 3361 1686 3397 ac

635 3416 884 3468 versiculi
919 3419 1254 3482 compositio.

701 3493 780 3543 47.
833 3492 1181 3558 sev-repedem]
1220 3494 1414 3546 «cuius
1437 3508 1683 3548 summus

632 3569 717 3618 est
739 3566 905 3618 decor
920 3581 985 3618 ac
1001 3571 1254 3618 venustas
1276 3569 1330 3618 in
1349 3568 1657 3621 saltatione»
1668 3609 1680 3632 ,

632 3655 770 3705 quae
821 3641 1135 3693 iamdudum
1170 3641 1362 3693 saltem
1397 3644 1535 3693 intra
1569 3645 1684 3708 pri-

631 3719 782 3767 vatos
829 3719 1062 3782 parietes
1106 3717 1160 3766 in
1195 3728 1296 3766 usu
1329 3720 1447 3767 erat
1479 3721 1684 3769 matro-

626 3792 708 3842 nis
746 3791 821 3853 (ut
853 3791 1201 3855 Semproniae
1226 3790 1370 3853 apud
1393 3789 1682 3842 Salustium

629 3867 743 3914 Cat.
771 3865 903 3926 253,
957 3878 1082 3916 cum
1116 3863 1505 3927 antiquioribus
1541 3868 1683 3916 tem-

627 3938 848 4002 poribus
899 3936 1149 3988 indecora
1204 3937 1512 3989 haberetur.
1584 3941 1680 3991 Di-

626 4012 941 4074 stinguenda
987 4025 1017 4061 a
1055 4013 1255 4062 Dianae
1297 4012 1475 4063 choris
1517 4026 1567 4063 v.
1597 4015 1677 4066 48.

631 4086 764 4134 haec
787 4086 947 4135 etiam
970 4084 1179 4136 saltatio
1197 4085 1511 4148 domestica,
1538 4101 1678 4152 quae

627 4174 658 4208 a
694 4160 865 4222 poetis
887 4160 1028 4210 chori
1049 4160 1264 4212 nomine
1289 4162 1594 4226 insignitur,
1623 4165 1683 4213 ut

629 4234 864 4296 propert.
902 4233 953 4295 2,
980 4231 1062 4296 34,
1089 4232 1153 4286 42
1176 4249 1186 4283 2
1242 4236 1311 4286 ad
1331 4237 1500 4288 molles
1518 4250 1677 4290 mom-

2728 1309 2809 1375 20

1760 1715 1855 1764 bra
1874 1717 2063 1766 resolve
2082 1718 2273 1768 choros.
2329 1720 2583 1771 Ceterum
2623 1721 2810 1772 simili-

1762 1790 1845 1838 ter
1876 1790 2018 1853 Virg.
2067 1794 2159 1841 Ge.
2208 1793 2272 1853 4,
2316 1794 2411 1842 44;
2472 1794 2617 1844 Ferte
2663 1797 2812 1846 sitnia

1759 1863 2022 1925 Faunique
2057 1867 2236 1926 pedem
2268 1868 2371 1916 cet.

1829 1929 1907 1978 48.
1968 1936 2164 1980 cacare
2210 1932 2342 1995 ioco]
2395 1932 2529 1984 Nihil
2586 1935 2812 1999 impedit

1762 2016 1869 2065 quo
1904 2006 2081 2054 minus
2116 2005 2530 2069 interpretemur
2563 2007 2631 2059 de
2678 2023 2811 2061 con·

1760 2078 1943 2138 viviis,
1996 2079 2050 2128 in
2083 2078 2279 2141 quibus
2312 2081 2404 2141 iis,
2442 2084 2532 2145 qui
2568 2084 2810 2135 iocorum

1761 2151 1991 2214 salibus,
2031 2154 2193 2202 certis
2240 2156 2479 2205 convivis
2522 2157 2805 2218 iudicibus,

1761 2229 1972 2276 ceteros
2006 2230 2357 2289 superarent,
2406 2232 2643 2292 praemia
2680 2245 2812 2295 pro-

1760 2302 1934 2365 posita
1959 2304 2156 2351 essent.
2194 2303 2274 2351 De
2292 2301 2586 2354 saltationis
2611 2318 2808 2367 genere

1762 2374 1938 2439 aliquo
2005 2376 2175 2437 accipi
2243 2377 2427 2437 nequit
2482 2381 2537 2427 et
2591 2382 2812 2443 propter

1760 2451 1927 2501 verba
1978 2451 2123 2514 ipsa,
2193 2450 2247 2500 in
2299 2449 2495 2514 quibus
2545 2452 2650 2504 hoc
2700 2467 2808 2506 non

1761 2527 1932 2586 inest,
1971 2538 2071 2575 nec
2106 2527 2187 2575 ter
2209 2523 2546 2578 saltationem
2569 2542 2810 2580 comme-

1762 2613 1973 2651 morare
2008 2601 2220 2663 poterat
2240 2601 2419 2662 poeta.
2450 2627 2506 2636 —
2543 2603 2669 2651 dae-o
2688 2603 2810 2656 bra-

1760 2676 1897 2739 chia]
1956 2675 2100 2723 Haec
2148 2675 2383 2723 maxime
2439 2672 2811 2728 demonstrant

1761 2752 2061 2800 matronam
2077 2748 2371 2798 Romanam
2393 2748 2481 2798 bic
2504 2751 2805 2812 significari,

1762 2824 1957 2887 quibus
2003 2820 2129 2872 solis
2163 2821 2364 2872 ducere
2398 2821 2593 2873 licebat
2624 2837 2808 2876 sacros

1758 2899 1960 2949 Dianae
1983 2896 2194 2956 choroS,
2233 2909 2338 2946 una
2370 2909 2494 2948 cum
2518 2898 2808 2960 virginibus

1759 2972 2017 3036 ingenuis,
2072 2973 2132 3021 A.
2177 2972 2233 3020 P.
2279 2983 2329 3021 V.
2376 2971 2505 3021 232:
2587 2974 2647 3023 Ut
2676 2974 2811 3037 fectis

1758 3052 1997 3097 nmtrona
2031 3046 2223 3095 moveri
2259 3045 2395 3094 iussa
2432 3045 2616 3097 diebus.
2700 3047 2804 3098 Cir.

1760 3121 1855 3171 Od.
1882 3121 1932 3182 3,
1961 3120 2041 3181 44,
2070 3122 2149 3170 44.
2188 3119 2283 3169 Od.
2310 3119 2361 3180 4,
2387 3120 2437 3180 6,
2464 3121 2545 3171 34.
2618 3123 2716 3182 Qui
2739 3121 2807 3173 de

1758 3194 2003 3246 libertina
2044 3196 2488 3257 interpretantur,
2541 3197 2808 3259 privatum

1757 3269 1942 3320 volunt
1991 3282 2113 3320 esse
2149 3267 2405 3320 sollemne
2439 3270 2668 3331 Dianae,
2722 3273 2807 3322 cui

1759 3343 2093 3409 explicationi
2142 3343 2423 3394 manifesto
2469 3343 2685 3395 obstant
2718 3359 2804 3396 vv.

1758 3421 1957 3469 Dianae
1990 3417 2206 3468 celebris.

1825 3494 1904 3543 49.
1962 3492 2257 3556 Ludentem]
2319 3493 2516 3541 Ludum
2580 3493 2808 3543 choreas

1756 3565 1871 3618 illas
1904 3570 2064 3616 vocat
2093 3568 2316 3629 propter
2336 3568 2519 3628 gestus
2543 3579 2606 3616 ac
2631 3571 2808 3619 motus

1756 3643 2088 3692 varietatem.
2109 3642 2196 3690 Sic
2207 3641 2425 3703 παίζειν
2438 3641 2589 3690 Hom.
2609 3642 2801 3703 nyma.

1756 3713 1924 3779 Apoll.
1954 3717 2067 3765 20⁴.
2098 3717 2155 3765 et
2177 3715 2318 3777 Virg.
2347 3712 2454 3764 Ecl.
2484 3714 2532 3774 6,
2558 3715 2622 3764 27
2646 3729 2657 3762 z
2688 3716 2809 3765 Tum

1754 3803 1875 3840 vero
1913 3790 1967 3838 in
2004 3801 2270 3838 nunonem
2306 3789 2604 3849 Faunosque
2643 3789 2808 3852 feras-

1757 3877 1854 3926 que
1872 3865 2065 3914 videres
2085 3863 2293 3913 Ludere.
2327 3890 2382 3898 -
2418 3862 2613 3927 nitidis]
2643 3863 2807 3915 «festo

1757 3943 1947 3990 ornatu
1982 3940 2247 3990 decoris.»

1822 4015 1902 4064 20.
1961 4015 2165 4064 Dianae
2197 4012 2419 4077 octobris]
2474 4013 2657 4064 «cuius
2692 4013 2806 4064 dies

1757 4087 1923 4140 festus
1957 4101 2149 4153 magna
2173 4086 2355 4152 populi
2390 4087 2688 4152 frequentia
2712 4100 2808 4138 ce—

1755 4161 2043 4214 lebratur.»
2103 4160 2287 4214 Tibull.
2317 4161 2373 4223 4,
2400 4161 2449 4224 4,
2476 4162 2571 4212 23:
2604 4162 2803 4221 Phoebe,

1755 4262 1779 4274 -
1798 4237 1951 4287 -lam
1983 4238 2194 4298 camber,
2231 4238 2338 4288 iam
2370 4237 2530 4289 laem
2562 4238 2675 4288 eris.
