3234 4975
1251 353 1454 403 Lmen.
1528 353 1723 404 CARM.
1760 354 1893 404 xvi.
2534 355 2656 419 735

565 507 852 594 Iuppiter
895 505 1001 572 illa
1045 507 1192 593 piae
1237 508 1516 573 secrevit
1557 507 1745 575 litora
1789 509 1997 596 genti,

649 628 726 694 Ut
775 628 1126 714 inquinavit
1169 648 1325 693 aere
1368 637 1624 715 tempus
1670 649 1975 707 aureum;

565 751 758 824 Aere,
809 747 1042 814 dehinc
1085 748 1256 814 ferro
1301 748 1556 814 duravit
1598 749 1850 826 secula,
1902 770 2180 837 quorum
2570 755 2651 816 65

649 869 777 935 Piis
823 868 1114 935 secunda
1157 879 1302 935 vate
1346 890 1451 935 me
1496 869 1687 936 datur
1730 870 1896 957 fuga.

610 1063 690 1115 63.
727 1051 950 1114 saci-avie
979 1061 1047 1128 ξ,
1099 1067 1209 1115 tres
1243 1067 1518 1116 Torrentii.
1575 1092 1629 1102 -
1683 1069 1762 1118 65.
1800 1069 1948 1130 Aere,
2003 1069 2175 1119 dehinc
2215 1068 2391 1130 Bch,
2444 1071 2583 1129 LCt‚

547 1140 840 1203 BentleiuS,
880 1142 944 1191 F:
981 1143 1142 1192 Aet-ea
1174 1143 1345 1192 dehinc
1367 1144 1624 1209 8,γκμνω
1646 1178 1660 1202 ,
1698 1142 1931 1192 Pottierii
1954 1143 2011 1202 2,
2038 1142 2096 1203 3,
2121 1142 2186 1193 23
2210 1181 2221 1204 ,
2249 1144 2378 1193 item
2400 1144 2496 1195 MJ.
2529 1170 2582 1179 —

545 1215 775 1279 quorum]
811 1230 909 1278 quo
939 1230 1074 1266 nune
1106 1216 1412 1266 dubitanter
1444 1215 1722 1281 proposuit
1753 1214 2037 1267 Bentleius.

478 1393 867 1457 pravationem,
923 1393 978 1441 et
1020 1394 1102 1442 est
1151 1389 1311 1441 veluti
1362 1392 1526 1442 tristis

479 1465 811 1528 querimonia
845 1478 943 1529 per
974 1458 1290 1515 ἀσύνδετον
1317 1466 1530 1515 interie-

478 1542 582 1589 cta.
614 1538 789 1589 Altera
811 1552 965 1588 aerea
986 1539 1159 1588 dehinc
1183 1538 1524 1602 (monosyll.),

477 1612 546 1661 ad
595 1624 760 1675 quam
811 1614 1060 1675 repetunt
1109 1625 1174 1661 ex
1232 1611 1521 1676 praecedd.

477 1691 559 1746 ut,
614 1698 819 1736 meram
861 1685 1078 1735 exhibet
1126 1687 1538 1747 narrationem,

477 1772 707 1822 eamque
742 1759 1034 1810 admodum
1080 1759 1340 1823 frigidam.
1401 1760 1527 1823 (De-

476 1833 644 1883 fendit
674 1831 860 1896 Regel:
902 1834 1212 1897 «Anaphora
1235 1833 1347 1894 illa,
1386 1847 1525 1897 quae

474 1906 754 1971 perplacet
803 1905 1022 1968 Oreine,
1081 1908 1301 1957 nimiam
1352 1921 1526 1971 quan-

476 1983 604 2033 dam
634 1997 685 2032 v.
724 1996 841 2033 aere
883 1983 994 2032 vim
1037 1982 1239 2034 addere
1286 1982 1520 2044 videtur,

475 2070 651 2121 eoque
694 2056 967 2107 molestior
1018 2059 1129 2118 est,
1184 2056 1331 2120 quod
1375 2058 1523 2122 prius

475 2144 594 2180 aere
625 2130 694 2179 ab
730 2129 832 2179 alio
865 2130 1034 2179 verbo
1070 2132 1272 2192 regitur
1315 2144 1379 2180 ac
1424 2145 1526 2195 po-

478 2205 692 2255 sterius.
763 2202 933 2252 Facile
969 2205 1150 2253 autem
1183 2204 1300 2253 fleri
1333 2206 1521 2268 potuit,

474 2278 536 2326 ut
555 2275 775 2336 librarii,
813 2278 902 2339 qui
927 2275 1250 2339 bisyllabum
1286 2290 1406 2328 esse
1429 2290 1527 2341 pu-

477 2353 652 2401 tarent
702 2364 752 2399 v.
790 2351 993 2412 dehinc,
1031 2353 1205 2401 metro
1241 2350 1522 2402 consulere

475 2424 577 2476 sibi
609 2423 944 2484 viderentur,
989 2437 1113 2475 cum
1147 2438 1525 2490 praegressum

475 2514 594 2550 aere
625 2501 713 2550 hic
745 2500 1120 2563 repeterem»)
1161 2500 1390 2551 variatio
1426 2515 1525 2550 au-

478 2579 587 2626 tem
620 2588 706 2624 vv,
729 2574 1014 2636 inquinavit
1045 2588 1164 2624 aare
1183 2600 1212 2610 -
1232 2601 1262 2611 -
1285 2588 1403 2624 aere
1425 2577 1523 2625 du-

473 2651 611 2700 ravit
631 2648 757 2699 nihil
781 2649 996 2698 omnino
1018 2647 1184 2698 habet
1198 2648 1519 2700 offensionis.

481 2752 536 2761 —
570 2724 709 2788 ferro
742 2722 961 2787 duram]
998 2736 1096 2774 «ex
1137 2722 1280 2774 ferro
1324 2736 1523 2788 procu-

477 2799 579 2858 dit,
632 2797 806 2848 ferrea
856 2796 1138 2848 reddidit.»
1189 2826 1242 2834 —
1290 2800 1519 2861 quomam]

480 2874 672 2923 «Cuius
695 2872 901 2923 ferreae
926 2873 1112 2924 aetatis
1131 2872 1276 2936 naqa,
1303 2873 1515 2935 modus,

1602 1404 1709 1455 quo
1744 1391 1897 1455 longe
1934 1391 2002 1440 ab
2050 1391 2134 1442 his
2176 1391 2426 1442 sordibus
2461 1396 2652 1443 remoti

1600 1467 1764 1515 vitam
1817 1465 2084 1516 innoxiam
2136 1478 2200 1516 ac
2250 1479 2379 1517 vere
2436 1466 2652 1516 beatam

1601 1539 2016 1602 adispiscamur,
2057 1541 2146 1603 qui
2181 1541 2233 1590 in
2269 1543 2413 1590 tanta
2437 1553 2650 1590 morum

1600 1614 1941 1676 corruptione
1976 1614 2046 1677 pii
2088 1615 2422 1675 manserunt,
2460 1615 2522 1664 iis
2566 1615 2651 1664 os-

1601 1687 1769 1737 sertur
1800 1700 1889 1737 me
1912 1690 2130 1737 auctore
2155 1689 2209 1737 et
2233 1701 2453 1738 suasore
2468 1726 2479 1748 ,
2520 1691 2651 1739 tam-

1600 1773 1764 1824 quam
1804 1764 1924 1811 vate
1976 1761 2152 1811 divino
2204 1758 2457 1826 (μάντει,
2508 1776 2646 1812 non:

1601 1835 1860 1898 «poi-mn),
1899 1849 1999 1900 per
2030 1836 2134 1887 hoc
2164 1850 2383 1887 carmen
2417 1838 2647 1900 ipsum.»

1597 1907 1698 1958 Alii
1750 1911 2094 1959 construunt:
2153 1923 2369 1970 quorum
2408 1911 2540 1972 piis,
2594 1909 2648 1960 id

1599 1984 1709 2042 est,
1752 1982 1873 2044 «iis,
1912 1984 2005 2047 qui
2038 1984 2107 2048 pii
2132 1984 2308 2034 adhuc
2332 1988 2457 2035 sunt
2488 1985 2543 2034 in
2567 1985 2649 2035 his

1597 2056 1785 2107 ferreis
1841 2057 2066 2119 seculis,
2126 2058 2247 2122 fuga
2303 2058 2489 2117 datum
2510 2077 2533 2102 n
2592 2058 2648 2108 id

1598 2131 1745 2194 quod
1780 2132 1956 2182 minus
1989 2131 2192 2195 placet,
2230 2146 2352 2182 cum
2389 2135 2474 2182 vix
2513 2135 2651 2182 Lati-

1598 2217 1730 2254 num
1747 2205 1816 2255 sit
1830 2206 1905 2266 pii
1936 2206 2084 2254 huius
2111 2207 2278 2266 seculi,
2306 2207 2451 2269 quod
2476 2220 2648 2271 prope

1599 2277 1957 2328 Christianum
2023 2278 2188 2327 habet
2258 2278 2511 2329 colorem.
2588 2309 2643 2317 -

1598 2352 1723 2402 Post
1757 2352 2030 2414 copiosam
2065 2354 2246 2402 autem
2280 2351 2420 2402 illam
2456 2352 2651 2402 insula-

1596 2438 1720 2475 rum
1742 2425 2024 2475 beatarum
2046 2426 2399 2476 τοποθεσίαν
2421 2438 2648 2476 consen-

1598 2502 1815 2549 taneum
1839 2502 1976 2560 erat,
2003 2502 2078 2561 ut,
2105 2498 2566 2563 quemadmodum
2592 2499 2649 2549 fit

1595 2574 1651 2623 in
1670 2571 1868 2634 elegiis,
1891 2574 2198 2637 primariam
2215 2574 2375 2624 totius
2395 2573 2647 2623 carminis

1597 2648 1918 2698 sententiam
1952 2645 2104 2697 brevi
2149 2649 2422 2711 repeteret
2452 2648 2641 2711 poeta;

1596 2720 1742 2784 quod
1776 2733 1900 2771 cum
1936 2733 2127 2783 parum
2160 2720 2505 2772 intellexisset
2526 2720 2648 2770 Edi-

1595 2799 1680 2846 tor
1713 2796 2012 2857 Leidensi3‚
2050 2809 2149 2846 suo
2184 2810 2335 2847 more
2359 2797 2496 2847 duos
2529 2795 2648 2846 ulti-

1594 2885 1716 2923 mos
1748 2886 1833 2921 vv.
1873 2870 2132 2922 delendos
2167 2872 2389 2923 censuit.
