3234 4975
1216 406 1416 456 LlBER.
1489 407 1684 458 CARM.
1723 407 1851 457 xlll.

2475 403 2596 467 743

1126 858 1889 921 cmm

525 1027 799 1094 Horrida
845 1036 1192 1115 tempestas
1236 1026 1488 1093 caelum
1531 1028 1845 1093 contraxit
1886 1037 1952 1093 et
1995 1027 2235 1094 imbres

604 1149 929 1235 Nivesque
975 1147 1305 1214 deducunt
1347 1150 1595 1225 Iovem3
1643 1168 1813 1213 nunc
1857 1168 2067 1222 mare,
2116 1167 2286 1214 nunc
2329 1147 2533 1214 siluae

517 1268 811 1335 Thre'icio
857 1267 1170 1355 Aquilone
1216 1278 1473 1334 sonant:
1524 1270 1884 1355 rapiamuS,
1933 1268 2154 1344 amici,

560 1438 689 1487 XIII.
727 1439 891 1489 Inscr.
928 1436 1065 1500 volg.
1102 1437 1178 1487 Ad
1201 1438 1403 1487 amicos.
1437 1465 1490 1474 —
1526 1437 1724 1486 Amicos
1754 1436 1988 1485 hortatur
2018 1442 2074 1486 ut
2104 1437 2209 1485 vim
2232 1438 2536 1499 tempestatis

497 1515 556 1561 de
588 1513 667 1561 dte
698 1513 1041 1562 discumbendo
1071 1512 1226 1561 vitent
1257 1516 1306 1561 et
1338 1512 1457 1560 dum
1488 1511 1551 1559 sit
1583 1511 1930 1572 inipodimento
1962 1515 2184 1559 mecm-³
2203 1509 2539 1572 voluptatibus

497 1588 746 1636 vacentB.
773 1614 826 1622 —
854 1587 930 1636 Ad
946 1586 1134 1635 amicos
1148 1587 1359 1635 comicos
1373 1597 1421 1635 c.
1462 1611 1517 1620 —
1544 1586 1661 1634 Om.
1681 1584 1737 1632 T.
1779 1610 1834 1619 —
1878 1584 1924 1633 4.
1945 1584 2246 1633 constrinxit
2262 1596 2531 1647 superscr.

498 1661 757 1710 coneraoeit
777 1674 826 1711 c.
848 1687 902 1697 -
930 1660 978 1709 3.
1006 1660 1157 1708 amici
1178 1658 1364 1709 BbSTc
1382 1660 1656 1722 ceterique
1680 1659 1823 1708 noti:
1850 1659 2011 1707 antico
2026 1656 2196 1708 Bentl.
2225 1658 2362 1707 coni.
2389 1660 2443 1708 et
2464 1657 2532 1707 M.

498 1808 627 1858 XIII.
687 1809 782 1858 Die
820 1808 1048 1859 hiberno
1084 1810 1137 1858 et
1180 1806 1479 1872 procelloso

435 1879 645 1931 sodales
669 1882 995 1941 exhortatur,
1032 1882 1093 1930 ut
1124 1882 1278 1944 genio
1313 1878 1478 1930 indul-

435 1956 621 2016 geant,
658 1956 737 2015 et,
775 1958 835 2004 ut
868 1968 1056 2018 saepe,
1092 1954 1372 2005 laetiorem
1399 1956 1482 2005 vi-

437 2030 520 2077 tae
571 2041 730 2078 usum
779 2032 1000 2093 propter
1048 2031 1276 2079 mortem
1327 2028 1481 2079 brevi

436 2104 677 2166 tempore
713 2102 996 2152 instantem
1031 2103 1094 2153 iis
1116 2102 1479 2162 commendat,

437 2173 682 2239 exemplo
732 2175 1016 2239 desumpto
1068 2173 1100 2224 a*
1148 2177 1479 2240 praeceptis,

437 2262 574 2312 quae
611 2249 834 2309 Chiron,
883 2250 1307 2312 sapientissimus
1343 2251 1485 2298 Cen-

437 2329 647 2380 taurus„
694 2321 818 2372 olim
852 2321 1066 2372 alumno
1096 2321 1279 2372 Achilli
1315 2322 1485 2372 dede-

438 2398 522 2445 rit.
585 2397 834 2459 (Tempus
873 2397 1273 2458 compositionis
1308 2396 1486 2445 incer-

437 2473 551 2521 tum
570 2471 651 2520 est
668 2484 681 2529 ς
719 2469 958 2520 referunt
973 2469 1042 2519 ad
1059 2483 1108 2520 a.
1131 2471 1243 2520 724.
1263 2468 1348 2520 vel
1366 2471 1480 2520 722.

437 2543 523 2595 vel
557 2544 670 2593 723.
728 2542 854 2603 Alii,
913 2544 972 2592 ut
1018 2542 1387 2607 Dillenburger
1427 2557 1480 2607 p.

439 2618 521 2667 38.
540 2656 552 2677 ,
580 2619 757 2667 minus
774 2616 1121 2680 probabiliter
1138 2617 1482 2676 contendunt,

439 2683 584 2732 haud
617 2683 686 2732 ita
721 2680 886 2732 multo
931 2685 1055 2745 post
1095 2695 1329 2745 pugnam
1363 2683 1487 2731 Phi-

438 2755 736 2820 lippensem
761 2757 1020 2820 scriptum
1044 2756 1205 2818 esse.)
1235 2757 1292 2805 ln
1312 2754 1481 2805 Codd.

440 2830 561 2893 aliq.
589 2829 918 2880 inscribitur:
950 2829 1026 2878 Ad
1047 2830 1235 2878 armeus
1254 2830 1483 2889 comicos,

439 2905 492 2954 id
530 2907 636 2963 est,
672 2905 750 2954 Ad
782 2905 996 2965 amicos,
1033 2900 1319 2968 κωμικῶς.

507 2979 527 3027 4
558 3006 586 3016 -
610 2978 659 3029 4.
718 2979 939 3028 Horrida
971 2978 1262 3041 tempestas]
1314 2977 1486 3048 Φρισ-

440 3068 653 3115 σοντας
687 3043 949 3123 ὄμβρους
983 3053 1110 3101 dixit
1143 3051 1291 3102 Pind.
1330 3052 1482 3113 Pyth.

441 3126 497 3187 4,
535 3128 616 3177 8⁴.
659 3129 939 3178 Anacreon
977 3128 1148 3188 Frgm.
1187 3125 1234 3175 7.
1271 3127 1483 3189 Bergk:

441 3201 580 3264 Μεὶς
611 3201 721 3266 μὲν
741 3198 814 3265 δὴ
843 3196 1177 3265 Ποσιδηῖὠν
1188 3191 1484 3265 “Bormam

442 3274 676 3336 νεφέλαι
709 3273 753 3324 δ’
797 3268 958 3326 ὕδατι
993 3270 1379 3345 Βαρύνονται,
1419 3271 1487 3324 ἰδ’

441 3343 635 3418 ἄγριοι
655 3347 933 3414 χειμῶνες
954 3345 1313 3415 παταγοῦσιν
1326 3364 1338 3377 ·
1376 3351 1490 3413 qui-

442 3422 546 3473 bus
598 3422 782 3473 similis
831 3421 1032 3489 γνώμη
1084 3424 1152 3474 de
1195 3426 1298 3475 vita
1351 3425 1487 3475 laete

443 3496 684 3559 degenda
736 3497 1015 3547 subiuncta
1066 3498 1227 3547 fuisse
1263 3512 1293 3548 a
1331 3500 1490 3562 poeta

443 3569 670 3620 videtur.
736 3597 790 3605 —
860 3571 1149 3632 contraxit]
1220 3573 1488 3635 «spatium

446 3642 595 3703 caeli,
634 3645 893 3705 quantum
921 3643 1050 3695 alias
1072 3643 1239 3694 oculis
1263 3644 1486 3704 videtur,

445 3717 704 3768 coartavit
739 3717 970 3767 nubibus
997 3716 1291 3767 obductis.»
1329 3719 1493 3767 Inter-

443 3790 767 3855 polationem
800 3792 1100 3841 constrinxit
1133 3791 1297 3841 habet
1329 3793 1489 3843 etiam

445 3864 575 3914 Cod.
633 3865 854 3926 Franeq.
914 3891 968 3900 —
1015 3866 1260 3915 deducam
1311 3866 1488 3929 Iovem]

447 3941 518 3989 Ex
555 3938 920 4001 antiquissima
955 3939 1257 3989 Latinorum
1282 3942 1495 3990 senten-

445 4016 516 4063 tia
564 4013 799 4077 Iuppiter
848 4012 963 4076 ipse
1020 4013 1072 4061 in
1123 4014 1342 4063 Terram
1395 4027 1494 4076 per

445 4087 646 4138 imbres
681 4085 988 4146 descendit,
1043 4087 1096 4135 id
1132 4089 1241 4147 est,
1295 4088 1493 4150 princi-

445 4163 591 4225 pium
626 4173 889 4223 generans
923 4162 978 4210 in
1012 4159 1163 4221 illud,
1202 4159 1346 4223 quod
1370 4173 1494 4210 con·

447 4236 588 4300 cipit.
627 4237 835 4285 Lucret.
864 4235 920 4295 4,
958 4235 1081 4284 2ὅ4ε
1124 4235 1372 4285 Postremo
1399 4248 1493 4296 pe-

1551 1811 1700 1856 reum
1731 1805 1937 1865 imbres,
1972 1804 2056 1853 ubi
2080 1818 2161 1855 eos
2181 1809 2329 1866 pater
2349 1804 2526 1854 Aether
2547 1805 2603 1853 In

1553 1880 1801 1942 yremium
1820 1880 2003 1928 matris
2027 1878 2206 1927 Ter-rat·
2218 1878 2602 1941 praecipitavit:

1553 1954 1614 2002 At
1648 1953 1836 2002 nitidae
1868 1956 2082 2016 surgunt
2113 1952 2285 2015 fimes
2318 1955 2421 2001 cet.
2476 1952 2538 2000 H.
2567 1950 2599 2000 l.

1555 2026 1755 2075 omissa
1799 2024 2121 2075 fecundandi
2155 2026 2370 2075 notione
2417 2025 2606 2087 imagi-

1557 2112 1684 2149 nem
1719 2101 1789 2149 ita
1822 2100 2058 2158 invertIt,
2095 2101 2157 2148 ut
2189 2098 2392 2149 imbres
2424 2099 2605 2147 lovem

1557 2174 1609 2221 in
1634 2172 1834 2223 terram
1858 2172 2144 2222 deducant.
2191 2172 2298 2223 Cir.
2325 2173 2467 2235 virg.
2498 2169 2602 2220 Ecl.

1557 2246 1617 2303 7,
1656 2246 1737 2294 60.
1765 2247 1857 2294 Ge.
1891 2247 1949 2304 2,
1982 2246 2078 2295 325
2108 2259 2189 2308 sq.
2235 2246 2431 2294 Ennius
2464 2242 2604 2307 apud

1559 2319 1711 2367 Varr.
1729 2320 1784 2367 L.
1807 2320 1862 2367 L.
1885 2321 1933 2379 5,
1956 2319 2002 2380 g.
2026 2319 2119 2367 65:
2156 2319 2270 2367 Istic
2291 2324 2361 2368 est
2384 2319 2609 2379 isluppi-

1557 2396 1636 2440 ter
1668 2404 1813 2453 quem
1850 2392 1984 2452 dice,
2023 2404 2167 2452 quom
2206 2391 2388 2441 Graeci
2428 2395 2610 2440 vocant

1552 2459 1733 2535 Ἀέρα,
1771 2465 1859 2526 qui
1888 2472 2063 2515 vontus
2085 2468 2155 2515 est
2173 2468 2221 2514 et
2239 2463 2418 2526 nabes,
2453 2463 2610 2514 imber

1551 2544 1757 2601 poma,
1781 2539 1939 2599 Atque
1960 2552 2026 2589 σω
2047 2539 2204 2588 imbre
2221 2539 2385 2602 Maus
2399 2575 2412 2598 ,
2436 2543 2611 2588 ventus

1549 2618 1665 2675 post
1684 2615 1768 2675 fit,
1802 2615 1897 2662 aab·
1929 2614 2106 2662 denuo.
2145 2611 2357 2661 Aristid.
2393 2613 2475 2673 εἰς
2500 2610 2611 2662 Δία

1559 2700 1611 2751 p.
1636 2688 1684 2737 9.
1706 2686 1890 2737 Dind.:
1918 2679 1956 2750 ἦ
1974 2680 2235 2756 οὐρανοῦ
2259 2685 2356 2735 καὶ
2376 2678 2606 2755 ὄμβρου

1559 2761 1846 2810 συνουσία
1879 2755 2031 2822 Διός.
2076 2785 2129 2796 -
2180 2760 2357 2824 siluae]
2393 2759 2510 2809 vid.
2539 2759 2609 2809 ad

1559 2834 1655 2884 Od.
1686 2836 1741 2894 l,
1778 2834 1869 2894 23,
1907 2833 1956 2884 4.
1999 2861 2052 2870 —
2097 2834 2315 2882 Πινοϊοίο
2352 2834 2607 2899 Aquilone]

1559 2911 1639 2959 De
1657 2907 1804 2957 hiatu
1820 2907 1942 2956 vide
1960 2906 2029 2956 ad
2043 2907 2138 2957 Od.
2159 2907 2210 2965 2,
2230 2907 2314 2967 20,
2340 2906 2420 2956 43.
2445 2934 2499 2943 -
2524 2921 2613 2957 ra·

1553 2981 1781 3045 pianum]
1820 2978 2013 3031 Similis
2040 2980 2303 3030 sententia
2333 2980 2429 3029 Od.
2463 2980 2493 3029 3
2513 3018 2525 3041 ,
2557 2981 2607 3041 8,

1559 3056 1654 3104 27:
1691 3055 1845 3104 Dona
1869 3055 2150 3116 praesentis
2181 3067 2308 3116 cape
2339 3055 2498 3104 hem
2517 3054 2612 3103 ho-

1558 3141 1668 3178 rae.
1724 3129 2082 3192 «Arripiamus
2128 3128 2472 3178 occasionem
2515 3141 2612 3179 nos

1561 3201 1888 3254 exhilarandi
1929 3202 2121 3252 eadem
2164 3201 2436 3253 celeritate
2455 3240 2467 3262 ,
2505 3215 2611 3265 qua

1561 3277 1678 3328 dies
1728 3276 2018 3327 hodiernus
2063 3275 2205 3326 illam
2255 3276 2412 3326 offert
2428 3313 2440 3337 ,
2492 3289 2613 3325 cra-

1561 3353 1698 3402 stino
1731 3351 1950 3401 minime
1985 3350 2202 3410 confisi,
2246 3349 2314 3399 de
2349 3362 2457 3413 quo
2493 3349 2614 3411 qui-

1562 3425 1716 3483 dem,
1765 3424 1855 3474 ubi
1898 3425 2133 3483 venerit,
2184 3423 2328 3472 idem
2362 3420 2611 3472 valebit.»

1562 3498 1711 3549 Ovid.
1751 3497 1964 3547 Heroid.
2005 3497 2094 3555 49,
2131 3494 2219 3545 74:
2274 3509 2364 3545 nec
2404 3496 2492 3544 tibi
2519 3509 2614 3545 ra-

1555 3578 1651 3636 pta
1681 3573 1769 3620 via
1800 3570 1910 3621 est?
1966 3582 2099 3619 «nec
2133 3569 2317 3632 rapide
2355 3581 2474 3619 eam
2519 3582 2614 3619 ce-

1561 3646 1765 3709 pisti‘?»
1818 3645 1989 3694 Minus
2024 3645 2146 3707 apte
2181 3643 2265 3693 alii
2313 3641 2608 3705 explicant:

1566 3720 1866 3783 «rapiamus
1913 3716 1982 3767 ab
2034 3719 2137 3768 hac
2189 3719 2302 3781 ipsa
2350 3715 2481 3766 caeli
2532 3718 2615 3768 in-

1564 3794 1825 3856 temperie
1876 3792 2217 3842 occasionem
2268 3793 2405 3840 cet.»
2477 3792 2614 3850 «Qui

1566 3881 1692 3918 cum
1718 3866 2077 3931 Porphyrione
2098 3867 2413 3929 tempestiva
2437 3866 2617 3915 convi-

1565 3944 1669 3999 via.
1702 3940 2053 4004 intelligentes
2110 3940 2437 4003 intemretati
2489 3941 2614 3989 sunt

1558 4017 1728 4077 primo
1778 4028 1951 4074 maone,
2012 4014 2365 4064 vehementer
2415 4018 2609 4064 errant.

1566 4089 1770 4138 Sufficit
1814 4087 2163 4138 consumendi
2211 4090 2406 4138 notio.»
2468 4089 2613 4137 ΒΑΜ)

1565 4164 1699 4212 Turs
1738 4164 1799 4212 ll.
1838 4175 1890 4226 p.
1912 4162 2046 4212 2206.
2088 4191 2141 4198 —
2178 4163 2346 4227 amici]
2397 4163 2481 4211 Sic
2515 4161 2610 4211 Od.

1569 4237 1626 4295 4,
1654 4236 1743 4295 27,
1771 4236 1818 4285 7.
1858 4238 1911 4285 et
1935 4235 2028 4287 Od.
2060 4239 2106 4297 ⁴,
2133 4237 2214 4300 37,
2241 4236 2290 4287 4.
2328 4235 2521 4285 sodales
2545 4235 2611 4295 (et
