<?xml version="1.0" encoding="UTF-8"?>
<!DOCTYPE html PUBLIC "-//W3C//DTD XHTML 1.0 Transitional//EN"
    "http://www.w3.org/TR/xhtml1/DTD/xhtml1-transitional.dtd">
<html xmlns="http://www.w3.org/1999/xhtml" xml:lang="en" lang="en">
 <head>
  <title>
</title>
<meta http-equiv="Content-Type" content="text/html;charset=utf-8" />
  <meta name='ocr-system' content='tesseract 3.04.00' />
  <meta name='ocr-capabilities' content='ocr_page ocr_carea ocr_par ocr_line ocrx_word'/>
</head>
<body>
  <div class='ocr_page' id='page_1' title='image "./qhoratiusflaccu05baitgoog_0621.png"; bbox 0 0 3234 4975; ppageno 0'>
   <div class='ocr_carea' id='block_1_1' title="bbox 1232 422 1703 473">
    <p class='ocr_par' dir='ltr' id='par_1_1' title="bbox 1232 422 1703 473">
     <span class='ocr_line' id='line_1_1' title="bbox 1232 422 1703 473; baseline 0.006 -3"><span class='ocrx_word' id='word_1_1' title='bbox 1232 422 1347 471; x_wconf 88' lang='lat' dir='ltr'><strong>LIB.</strong></span> <span class='ocrx_word' id='word_1_2' title='bbox 1385 422 1469 471; x_wconf 83' lang='lat' dir='ltr'>lv.</span> <span class='ocrx_word' id='word_1_3' title='bbox 1523 424 1579 473; x_wconf 92' lang='lat' dir='ltr'>C.</span> <span class='ocrx_word' id='word_1_4' title='bbox 1619 422 1703 473; x_wconf 86' lang='lat' dir='ltr'>IX.</span> 
     </span>
    </p>
   </div>
   <div class='ocr_carea' id='block_1_2' title="bbox 2495 424 2617 487">
    <p class='ocr_par' dir='ltr' id='par_1_2' title="bbox 2495 424 2617 487">
     <span class='ocr_line' id='line_1_2' title="bbox 2495 424 2617 487; baseline 0 0"><span class='ocrx_word' id='word_1_5' title='bbox 2495 424 2617 487; x_wconf 78' lang='lat'>589</span> 
     </span>
    </p>
   </div>
   <div class='ocr_carea' id='block_1_3' title="bbox 874 576 1922 654">
    <p class='ocr_par' dir='ltr' id='par_1_3' title="bbox 874 576 1922 654">
     <span class='ocr_line' id='line_1_3' title="bbox 874 576 1922 654; baseline 0.002 -12"><span class='ocrx_word' id='word_1_6' title='bbox 874 577 947 642; x_wconf 93' lang='lat' dir='ltr'>Et</span> <span class='ocrx_word' id='word_1_7' title='bbox 989 576 1257 642; x_wconf 84' lang='lat' dir='ltr'>comites</span> <span class='ocrx_word' id='word_1_8' title='bbox 1305 576 1548 645; x_wconf 81' lang='lat' dir='ltr'>Helene</span> <span class='ocrx_word' id='word_1_9' title='bbox 1592 580 1922 654; x_wconf 83' lang='lat' dir='ltr'>Lacaena,</span> 
     </span>
    </p>
   </div>
   <div class='ocr_carea' id='block_1_4' title="bbox 700 734 1860 1065">
    <p class='ocr_par' dir='ltr' id='par_1_4' title="bbox 700 734 1860 1065">
     <span class='ocr_line' id='line_1_4' title="bbox 702 734 1839 825; baseline 0.004 -27"><span class='ocrx_word' id='word_1_10' title='bbox 702 734 1036 801; x_wconf 76' lang='lat' dir='ltr'>primusve</span> <span class='ocrx_word' id='word_1_11' title='bbox 1081 737 1329 802; x_wconf 82' lang='lat' dir='ltr'>Teucer</span> <span class='ocrx_word' id='word_1_12' title='bbox 1372 734 1497 802; x_wconf 86' lang='lat' dir='ltr'>tela</span> <span class='ocrx_word' id='word_1_13' title='bbox 1545 734 1839 825; x_wconf 79' lang='lat' dir='ltr'>Cydonio</span> 
     </span>
     <span class='ocr_line' id='line_1_5' title="bbox 700 855 1804 935; baseline 0.004 -16"><span class='ocrx_word' id='word_1_14' title='bbox 700 855 945 922; x_wconf 82' lang='lat' dir='ltr'>Direxit</span> <span class='ocrx_word' id='word_1_15' title='bbox 988 877 1185 935; x_wconf 89' lang='lat' dir='ltr'>arcu;</span> <span class='ocrx_word' id='word_1_16' title='bbox 1232 877 1362 922; x_wconf 90' lang='lat' dir='ltr'>non</span> <span class='ocrx_word' id='word_1_17' title='bbox 1406 855 1609 923; x_wconf 89' lang='lat' dir='ltr'>semel</span> <span class='ocrx_word' id='word_1_18' title='bbox 1654 856 1804 923; x_wconf 88' lang='lat' dir='ltr'>Ilios</span> 
     </span>
     <span class='ocr_line' id='line_1_6' title="bbox 782 979 1860 1065; baseline 0.002 -23"><span class='ocrx_word' id='word_1_19' title='bbox 782 979 1063 1058; x_wconf 81' lang='lat' dir='ltr'>Vexata3</span> <span class='ocrx_word' id='word_1_20' title='bbox 1108 998 1237 1043; x_wconf 89' lang='lat' dir='ltr'>non</span> <span class='ocrx_word' id='word_1_21' title='bbox 1280 979 1588 1064; x_wconf 88' lang='lat' dir='ltr'>pugnavit</span> <span class='ocrx_word' id='word_1_22' title='bbox 1634 979 1860 1065; x_wconf 82' lang='lat' dir='ltr'>ingens</span> 
     </span>
    </p>
   </div>
   <div class='ocr_carea' id='block_1_5' title="bbox 874 1097 1953 1166">
    <p class='ocr_par' dir='ltr' id='par_1_5' title="bbox 874 1097 1953 1166">
     <span class='ocr_line' id='line_1_7' title="bbox 874 1097 1953 1166; baseline 0.003 -4"><span class='ocrx_word' id='word_1_23' title='bbox 874 1097 1261 1165; x_wconf 86' lang='lat' dir='ltr'>Idomeneus</span> <span class='ocrx_word' id='word_1_24' title='bbox 1306 1097 1729 1166; x_wconf 89' lang='lat' dir='ltr'>Sthenelusve</span> <span class='ocrx_word' id='word_1_25' title='bbox 1776 1099 1953 1166; x_wconf 90' lang='lat' dir='ltr'>solus</span> 
     </span>
    </p>
   </div>
   <div class='ocr_carea' id='block_1_6' title="bbox 2533 1106 2615 1167">
    <p class='ocr_par' dir='ltr' id='par_1_6' title="bbox 2533 1106 2615 1167">
     <span class='ocr_line' id='line_1_8' title="bbox 2533 1106 2615 1167; baseline 0 0"><span class='ocrx_word' id='word_1_26' title='bbox 2533 1106 2615 1167; x_wconf 72' lang='lat'>20</span> 
     </span>
    </p>
   </div>
   <div class='ocr_carea' id='block_1_7' title="bbox 700 1254 1981 1465">
    <p class='ocr_par' dir='ltr' id='par_1_7' title="bbox 700 1254 1981 1465">
     <span class='ocr_line' id='line_1_9' title="bbox 700 1254 1958 1343; baseline 0.002 -22"><span class='ocrx_word' id='word_1_27' title='bbox 700 1254 989 1321; x_wconf 90' lang='lat' dir='ltr'>Dicenda</span> <span class='ocrx_word' id='word_1_28' title='bbox 1031 1255 1228 1321; x_wconf 89' lang='lat' dir='ltr'>Musis</span> <span class='ocrx_word' id='word_1_29' title='bbox 1271 1255 1558 1343; x_wconf 84' lang='lat' dir='ltr'>proelia3</span> <span class='ocrx_word' id='word_1_30' title='bbox 1607 1276 1736 1322; x_wconf 90' lang='lat' dir='ltr'>non</span> <span class='ocrx_word' id='word_1_31' title='bbox 1779 1256 1958 1324; x_wconf 86' lang='lat' dir='ltr'>ferox</span> 
     </span>
     <span class='ocr_line' id='line_1_10' title="bbox 704 1375 1981 1465; baseline 0.001 -22"><span class='ocrx_word' id='word_1_32' title='bbox 704 1378 941 1443; x_wconf 87' lang='lat' dir='ltr'>Hector</span> <span class='ocrx_word' id='word_1_33' title='bbox 980 1375 1084 1442; x_wconf 84' lang='lat' dir='ltr'>vel</span> <span class='ocrx_word' id='word_1_34' title='bbox 1130 1397 1283 1443; x_wconf 90' lang='lat' dir='ltr'>acer</span> <span class='ocrx_word' id='word_1_35' title='bbox 1322 1375 1704 1464; x_wconf 87' lang='lat' dir='ltr'>Deiphobus</span> <span class='ocrx_word' id='word_1_36' title='bbox 1748 1399 1981 1465; x_wconf 86' lang='lat' dir='ltr'>graves</span> 
     </span>
    </p>
   </div>
   <div class='ocr_carea' id='block_1_8' title="bbox 506 1536 2551 1823">
    <p class='ocr_par' dir='ltr' id='par_1_8' title="bbox 506 1536 2551 1823">
     <span class='ocr_line' id='line_1_11' title="bbox 578 1536 2550 1603; baseline 0.003 -16"><span class='ocrx_word' id='word_1_37' title='bbox 578 1539 657 1588; x_wconf 88' lang='grc'>46.</span> <span class='ocrx_word' id='word_1_38' title='bbox 695 1537 894 1587; x_wconf 76' lang='lat' dir='ltr'>helenae</span> <span class='ocrx_word' id='word_1_39' title='bbox 927 1536 1208 1586; x_wconf 76' lang='lat' dir='ltr'>lacenaoT.</span> <span class='ocrx_word' id='word_1_40' title='bbox 1238 1563 1294 1573; x_wconf 94' lang='lat'>-</span> <span class='ocrx_word' id='word_1_41' title='bbox 1333 1537 1412 1586; x_wconf 75' lang='lat'>⁴7.</span> <span class='ocrx_word' id='word_1_42' title='bbox 1448 1538 1837 1598; x_wconf 64' lang='lat' dir='ltr'>mnusquT</span> <span class='ocrx_word' id='word_1_43' title='bbox 1873 1540 1995 1601; x_wconf 89' lang='lat' dir='ltr'>(non</span> <span class='ocrx_word' id='word_1_44' title='bbox 2016 1537 2202 1603; x_wconf 81' lang='lat' dir='ltr'>Bbcd).</span> <span class='ocrx_word' id='word_1_45' title='bbox 2230 1566 2287 1576; x_wconf 93' lang='lat'>—</span> <span class='ocrx_word' id='word_1_46' title='bbox 2325 1540 2550 1602; x_wconf 74' lang='lat' dir='ltr'>Cydoneo</span> 
     </span>
     <span class='ocr_line' id='line_1_12' title="bbox 506 1610 2550 1674; baseline 0.002 -12"><span class='ocrx_word' id='word_1_47' title='bbox 506 1613 594 1663; x_wconf 88' lang='lat' dir='ltr'>Tc.</span> <span class='ocrx_word' id='word_1_48' title='bbox 627 1638 682 1649; x_wconf 92' lang='lat'>—</span> <span class='ocrx_word' id='word_1_49' title='bbox 721 1612 800 1662; x_wconf 89' lang='grc'>48.</span> <span class='ocrx_word' id='word_1_50' title='bbox 826 1612 1019 1661; x_wconf 67' lang='lat' dir='ltr'>Dite-cit</span> <span class='ocrx_word' id='word_1_51' title='bbox 1040 1612 1096 1661; x_wconf 89' lang='lat' dir='ltr'>T.</span> <span class='ocrx_word' id='word_1_52' title='bbox 1130 1639 1183 1647; x_wconf 88' lang='lat'>—</span> <span class='ocrx_word' id='word_1_53' title='bbox 1224 1612 1303 1661; x_wconf 89' lang='grc'>49.</span> <span class='ocrx_word' id='word_1_54' title='bbox 1328 1613 1450 1674; x_wconf 75' lang='lat' dir='ltr'>non]</span> <span class='ocrx_word' id='word_1_55' title='bbox 1472 1624 1560 1661; x_wconf 76' lang='lat' dir='ltr'>nec</span> <span class='ocrx_word' id='word_1_56' title='bbox 1582 1610 1690 1661; x_wconf 84' lang='lat' dir='ltr'>bed</span> <span class='ocrx_word' id='word_1_57' title='bbox 1727 1612 1848 1674; x_wconf 87' lang='lat' dir='ltr'>(non</span> <span class='ocrx_word' id='word_1_58' title='bbox 1871 1612 2022 1674; x_wconf 90' lang='lat' dir='ltr'>BST).</span> <span class='ocrx_word' id='word_1_59' title='bbox 2055 1640 2108 1648; x_wconf 94' lang='lat'><em>-</em></span> <span class='ocrx_word' id='word_1_60' title='bbox 2147 1614 2227 1662; x_wconf 86' lang='grc'>20.</span> <span class='ocrx_word' id='word_1_61' title='bbox 2265 1616 2550 1666; x_wconf 76' lang='lat' dir='ltr'>Idomeneus</span> 
     </span>
     <span class='ocr_line' id='line_1_13' title="bbox 509 1684 2551 1749; baseline 0.001 -14"><span class='ocrx_word' id='word_1_62' title='bbox 509 1687 657 1749; x_wconf 74' lang='lat' dir='ltr'>fortis</span> <span class='ocrx_word' id='word_1_63' title='bbox 687 1690 734 1735; x_wconf 82' lang='lat' dir='ltr'>et</span> <span class='ocrx_word' id='word_1_64' title='bbox 763 1684 900 1734; x_wconf 69' lang='lat' dir='ltr'>Aiax</span> <span class='ocrx_word' id='word_1_65' title='bbox 936 1685 1002 1747; x_wconf 87' lang='lat' dir='ltr'>(v.</span> <span class='ocrx_word' id='word_1_66' title='bbox 1038 1686 1176 1735; x_wconf 77' lang='lat' dir='ltr'>Aiax</span> <span class='ocrx_word' id='word_1_67' title='bbox 1208 1698 1238 1733; x_wconf 90' lang='lat' dir='ltr'>a</span> <span class='ocrx_word' id='word_1_68' title='bbox 1275 1697 1385 1735; x_wconf 89' lang='lat' dir='ltr'>sec.</span> <span class='ocrx_word' id='word_1_69' title='bbox 1423 1699 1497 1735; x_wconf 91' lang='lat' dir='ltr'>m.</span> <span class='ocrx_word' id='word_1_70' title='bbox 1524 1698 1796 1749; x_wconf 89' lang='lat' dir='ltr'>superscr.</span> <span class='ocrx_word' id='word_1_71' title='bbox 1833 1685 1977 1747; x_wconf 79' lang='lat' dir='ltr'>solus)</span> <span class='ocrx_word' id='word_1_72' title='bbox 2015 1685 2066 1735; x_wconf 90' lang='lat' dir='ltr'>d.</span> <span class='ocrx_word' id='word_1_73' title='bbox 2112 1714 2165 1722; x_wconf 92' lang='lat'>—</span> <span class='ocrx_word' id='word_1_74' title='bbox 2203 1688 2551 1749; x_wconf 76' lang='lat' dir='ltr'>Sthenelusque</span> 
     </span>
     <span class='ocr_line' id='line_1_14' title="bbox 510 1758 1853 1823; baseline 0.001 -14"><span class='ocrx_word' id='word_1_75' title='bbox 510 1758 853 1823; x_wconf 64' lang='lat' dir='ltr'>(sceleratasque)</span> <span class='ocrx_word' id='word_1_76' title='bbox 887 1760 969 1809; x_wconf 88' lang='lat' dir='ltr'>BT</span> <span class='ocrx_word' id='word_1_77' title='bbox 1007 1760 1126 1822; x_wconf 91' lang='lat' dir='ltr'>(non</span> <span class='ocrx_word' id='word_1_78' title='bbox 1160 1761 1309 1822; x_wconf 91' lang='lat' dir='ltr'>BSc).</span> <span class='ocrx_word' id='word_1_79' title='bbox 1352 1785 1409 1795; x_wconf 94' lang='lat'>—</span> <span class='ocrx_word' id='word_1_80' title='bbox 1449 1761 1532 1810; x_wconf 90' lang='grc'>22.</span> <span class='ocrx_word' id='word_1_81' title='bbox 1570 1760 1745 1823; x_wconf 62' lang='lat' dir='ltr'>gravis</span> <span class='ocrx_word' id='word_1_82' title='bbox 1763 1760 1853 1810; x_wconf 83' lang='lat' dir='ltr'>Bc.</span> 
     </span>
    </p>
   </div>
   <div class='ocr_carea' id='block_1_9' title="bbox 429 1896 1492 4165">
    <p class='ocr_par' dir='ltr' id='par_1_9' title="bbox 434 1896 1492 2932">
     <span class='ocr_line' id='line_1_15' title="bbox 441 1896 1492 1963; baseline -0.001 -15"><span class='ocrx_word' id='word_1_83' title='bbox 441 1900 594 1963; x_wconf 87' lang='lat' dir='ltr'>pictis</span> <span class='ocrx_word' id='word_1_84' title='bbox 638 1896 724 1948; x_wconf 88' lang='lat' dir='ltr'>vel</span> <span class='ocrx_word' id='word_1_85' title='bbox 769 1898 945 1948; x_wconf 87' lang='lat' dir='ltr'>aureis</span> <span class='ocrx_word' id='word_1_86' title='bbox 990 1896 1088 1948; x_wconf 84' lang='lat' dir='ltr'>filis</span> <span class='ocrx_word' id='word_1_87' title='bbox 1122 1899 1350 1950; x_wconf 84' lang='lat' dir='ltr'>intextis.</span> <span class='ocrx_word' id='word_1_88' title='bbox 1410 1899 1492 1948; x_wconf 88' lang='lat' dir='ltr'>Si-</span> 
     </span>
     <span class='ocr_line' id='line_1_16' title="bbox 441 1970 1491 2043; baseline 0 -20"><span class='ocrx_word' id='word_1_89' title='bbox 441 1974 658 2036; x_wconf 79' lang='lat' dir='ltr'>gnificat</span> <span class='ocrx_word' id='word_1_90' title='bbox 692 1971 1031 2023; x_wconf 85' lang='lat' dir='ltr'>Orientalium</span> <span class='ocrx_word' id='word_1_91' title='bbox 1078 1970 1491 2043; x_wconf 77' lang='grc' dir='ltr'>,χρυσεοπήνη-</span> 
     </span>
     <span class='ocr_line' id='line_1_17' title="bbox 440 2043 1485 2116; baseline 0 -20"><span class='ocrx_word' id='word_1_92' title='bbox 440 2061 514 2096; x_wconf 80' lang='grc' dir='ltr'>τα</span> <span class='ocrx_word' id='word_1_93' title='bbox 536 2043 746 2116; x_wconf 77' lang='grc' dir='ltr'><strong><em>φάρεα.</em></strong></span> <span class='ocrx_word' id='word_1_94' title='bbox 776 2047 969 2111; x_wconf 87' lang='lat' dir='ltr'>(Eurip.</span> <span class='ocrx_word' id='word_1_95' title='bbox 992 2047 1161 2097; x_wconf 90' lang='lat' dir='ltr'>Orest.</span> <span class='ocrx_word' id='word_1_96' title='bbox 1184 2047 1318 2109; x_wconf 76' lang='lat'><strong>840.)</strong></span> <span class='ocrx_word' id='word_1_97' title='bbox 1344 2048 1485 2110; x_wconf 87' lang='lat' dir='ltr'>Virg.</span> 
     </span>
     <span class='ocr_line' id='line_1_18' title="bbox 442 2120 1491 2183; baseline -0.001 -11"><span class='ocrx_word' id='word_1_98' title='bbox 442 2123 573 2172; x_wconf 87' lang='lat' dir='ltr'>Aen.</span> <span class='ocrx_word' id='word_1_99' title='bbox 600 2121 657 2182; x_wconf 85' lang='grc'>3,</span> <span class='ocrx_word' id='word_1_100' title='bbox 684 2120 809 2171; x_wconf 82' lang='lat'><strong>483:</strong></span> <span class='ocrx_word' id='word_1_101' title='bbox 861 2122 1148 2183; x_wconf 67' lang='lat' dir='ltr'>picturatas</span> <span class='ocrx_word' id='word_1_102' title='bbox 1178 2123 1298 2171; x_wconf 82' lang='lat' dir='ltr'>auri</span> <span class='ocrx_word' id='word_1_103' title='bbox 1330 2122 1491 2171; x_wconf 76' lang='lat' dir='ltr'>subte-</span> 
     </span>
     <span class='ocr_line' id='line_1_19' title="bbox 440 2194 1483 2258; baseline -0.002 -13"><span class='ocrx_word' id='word_1_104' title='bbox 440 2198 575 2245; x_wconf 78' lang='lat' dir='ltr'>mine</span> <span class='ocrx_word' id='word_1_105' title='bbox 592 2200 761 2245; x_wconf 73' lang='lat' dir='ltr'>vestes.</span> <span class='ocrx_word' id='word_1_106' title='bbox 800 2195 877 2244; x_wconf 89' lang='lat' dir='ltr'>De</span> <span class='ocrx_word' id='word_1_107' title='bbox 902 2194 1090 2245; x_wconf 88' lang='lat' dir='ltr'>Paride</span> <span class='ocrx_word' id='word_1_108' title='bbox 1114 2196 1292 2258; x_wconf 87' lang='lat' dir='ltr'>Eurip.</span> <span class='ocrx_word' id='word_1_109' title='bbox 1320 2195 1483 2258; x_wconf 77' lang='lat' dir='ltr'>lphig.</span> 
     </span>
     <span class='ocr_line' id='line_1_20' title="bbox 442 2261 1488 2338; baseline -0.004 -18"><span class='ocrx_word' id='word_1_110' title='bbox 442 2268 559 2320; x_wconf 77' lang='lat' dir='ltr'>Aul.</span> <span class='ocrx_word' id='word_1_111' title='bbox 602 2268 693 2319; x_wconf 85' lang='lat'>73:</span> <span class='ocrx_word' id='word_1_112' title='bbox 753 2261 1010 2338; x_wconf 77' lang='grc' dir='ltr'><strong><em>ἀνθηρὸς</em></strong></span> <span class='ocrx_word' id='word_1_113' title='bbox 1072 2267 1183 2332; x_wconf 77' lang='grc' dir='ltr'>μὲν</span> <span class='ocrx_word' id='word_1_114' title='bbox 1237 2264 1488 2332; x_wconf 76' lang='grc' dir='ltr'><em>εἱμάτων</em></span> 
     </span>
     <span class='ocr_line' id='line_1_21' title="bbox 438 2338 1488 2412; baseline -0.002 -20"><span class='ocrx_word' id='word_1_115' title='bbox 438 2338 639 2408; x_wconf 81' lang='grc' dir='ltr'><strong><em>στολῆ,</em></strong></span> <span class='ocrx_word' id='word_1_116' title='bbox 675 2342 739 2392; x_wconf 85' lang='grc' dir='ltr'><em>Χ</em></span> <span class='ocrx_word' id='word_1_117' title='bbox 808 2340 891 2407; x_wconf 80' lang='grc' dir='ltr'>σῷ</span> <span class='ocrx_word' id='word_1_118' title='bbox 925 2357 987 2391; x_wconf 79' lang='grc' dir='ltr'>τε</span> <span class='ocrx_word' id='word_1_119' title='bbox 1021 2338 1282 2412; x_wconf 77' lang='grc' dir='ltr'><strong><em>λαμπρός</em></strong></span> <span class='ocrx_word' id='word_1_120' title='bbox 1299 2378 1314 2401; x_wconf 92' lang='grc'>,</span> <span class='ocrx_word' id='word_1_121' title='bbox 1349 2340 1488 2411; x_wconf 84' lang='grc' dir='ltr'><strong><em>βαρ-</em></strong></span> 
     </span>
     <span class='ocr_line' id='line_1_22' title="bbox 435 2357 1486 2488; baseline -0.003 -21"><span class='ocrx_word' id='word_1_122' title='bbox 435 2396 599 2488; x_wconf 69' lang='grc' dir='ltr'>βάρῴ</span> <span class='ocrx_word' id='word_1_123' title='bbox 634 2357 961 2481; x_wconf 55' lang='grc' dir='ltr'><strong><em>χλιὲἔματι.</em></strong></span> <span class='ocrx_word' id='word_1_124' title='bbox 1016 2416 1205 2467; x_wconf 88' lang='lat' dir='ltr'>Troad.</span> <span class='ocrx_word' id='word_1_125' title='bbox 1232 2417 1319 2466; x_wconf 91' lang='grc'>994</span> <span class='ocrx_word' id='word_1_126' title='bbox 1350 2430 1362 2465; x_wconf 90' lang='lat'>:</span> <span class='ocrx_word' id='word_1_127' title='bbox 1390 2409 1486 2465; x_wconf 78' lang='grc' dir='ltr'>Ὅν</span> 
     </span>
     <span class='ocr_line' id='line_1_23' title="bbox 435 2487 1486 2562; baseline -0.002 -20"><span class='ocrx_word' id='word_1_128' title='bbox 435 2494 486 2558; x_wconf 80' lang='lat' dir='ltr'>y&#39;</span> <span class='ocrx_word' id='word_1_129' title='bbox 505 2487 804 2542; x_wconf 77' lang='grc' dir='ltr'><strong><em>εἰσιδοῦσα</em></strong></span> <span class='ocrx_word' id='word_1_130' title='bbox 832 2488 1155 2562; x_wconf 76' lang='grc' dir='ltr'><strong><em>βαρβάροις</em></strong></span> <span class='ocrx_word' id='word_1_131' title='bbox 1187 2487 1486 2556; x_wconf 77' lang='grc' dir='ltr'>ἐσθήμασι</span> 
     </span>
     <span class='ocr_line' id='line_1_24' title="bbox 436 2561 1486 2636; baseline -0.002 -21"><span class='ocrx_word' id='word_1_132' title='bbox 436 2561 652 2636; x_wconf 79' lang='grc' dir='ltr'><strong><em>Χρυσῷ</em></strong></span> <span class='ocrx_word' id='word_1_133' title='bbox 687 2581 749 2615; x_wconf 79' lang='grc' dir='ltr'>τε</span> <span class='ocrx_word' id='word_1_134' title='bbox 783 2562 1046 2636; x_wconf 78' lang='grc' dir='ltr'><strong><em>λαμπρὸν</em></strong></span> <span class='ocrx_word' id='word_1_135' title='bbox 1080 2561 1486 2635; x_wconf 76' lang='grc' dir='ltr'><em>ἐξεμαργώθης</em></span> 
     </span>
     <span class='ocr_line' id='line_1_25' title="bbox 436 2641 1487 2711; baseline 0.001 -21"><span class='ocrx_word' id='word_1_136' title='bbox 436 2643 669 2711; x_wconf 78' lang='grc' dir='ltr'><strong><em>φρένας.</em></strong></span> <span class='ocrx_word' id='word_1_137' title='bbox 721 2641 869 2690; x_wconf 85' lang='lat' dir='ltr'>ovid.</span> <span class='ocrx_word' id='word_1_138' title='bbox 908 2642 1030 2691; x_wconf 86' lang='lat' dir='ltr'>Her.</span> <span class='ocrx_word' id='word_1_139' title='bbox 1070 2642 1162 2701; x_wconf 90' lang='grc'>43,</span> <span class='ocrx_word' id='word_1_140' title='bbox 1199 2643 1296 2691; x_wconf 73' lang='grc' dir='ltr'>ὅἾε</span> <span class='ocrx_word' id='word_1_141' title='bbox 1338 2642 1487 2692; x_wconf 83' lang='lat' dir='ltr'>Vene-</span> 
     </span>
     <span class='ocr_line' id='line_1_26' title="bbox 434 2714 1485 2778; baseline 0.002 -15"><span class='ocrx_word' id='word_1_142' title='bbox 434 2720 521 2763; x_wconf 79' lang='lat' dir='ltr'>rat</span> <span class='ocrx_word' id='word_1_143' title='bbox 570 2714 647 2778; x_wconf 74' lang='lat' dir='ltr'>(ut</span> <span class='ocrx_word' id='word_1_144' title='bbox 689 2716 834 2777; x_wconf 79' lang='lat' dir='ltr'>sama</span> <span class='ocrx_word' id='word_1_145' title='bbox 866 2714 955 2778; x_wconf 79' lang='lat' dir='ltr'>est)</span> <span class='ocrx_word' id='word_1_146' title='bbox 1002 2715 1160 2764; x_wconf 79' lang='lat' dir='ltr'>multo</span> <span class='ocrx_word' id='word_1_147' title='bbox 1208 2715 1485 2776; x_wconf 73' lang='lat' dir='ltr'>spectabilis</span> 
     </span>
     <span class='ocr_line' id='line_1_27' title="bbox 437 2788 1484 2851; baseline 0.003 -15"><span class='ocrx_word' id='word_1_148' title='bbox 437 2801 566 2837; x_wconf 79' lang='lat' dir='ltr'>auro</span> <span class='ocrx_word' id='word_1_149' title='bbox 582 2825 600 2848; x_wconf 89' lang='lat'><em>,</em></span> <span class='ocrx_word' id='word_1_150' title='bbox 657 2788 850 2848; x_wconf 78' lang='lat' dir='ltr'>Quique</span> <span class='ocrx_word' id='word_1_151' title='bbox 879 2802 970 2837; x_wconf 77' lang='lat' dir='ltr'>suo</span> <span class='ocrx_word' id='word_1_152' title='bbox 1000 2788 1245 2851; x_wconf 59' lang='lat' dir='ltr'>Phrygias</span> <span class='ocrx_word' id='word_1_153' title='bbox 1276 2802 1484 2850; x_wconf 66' lang='lat' dir='ltr'>comere</span> 
     </span>
     <span class='ocr_line' id='line_1_28' title="bbox 434 2863 1049 2932; baseline -0.002 -20"><span class='ocrx_word' id='word_1_154' title='bbox 434 2863 590 2925; x_wconf 74' lang='lat' dir='ltr'>ferret</span> <span class='ocrx_word' id='word_1_155' title='bbox 619 2875 751 2924; x_wconf 76' lang='lat' dir='ltr'>opes.</span> <span class='ocrx_word' id='word_1_156' title='bbox 1041 2920 1049 2932; x_wconf 33' lang='grc' dir='ltr'>ι</span> 
     </span>
    </p>

    <p class='ocr_par' dir='ltr' id='par_1_10' title="bbox 429 2936 1484 4165">
     <span class='ocr_line' id='line_1_29' title="bbox 502 2936 1481 3002; baseline 0.003 -17"><span class='ocrx_word' id='word_1_157' title='bbox 502 2936 583 2985; x_wconf 86' lang='grc'>46.</span> <span class='ocrx_word' id='word_1_158' title='bbox 636 2936 815 2986; x_wconf 74' lang='lat' dir='ltr'>Helene</span> <span class='ocrx_word' id='word_1_159' title='bbox 859 2936 1121 3001; x_wconf 78' lang='lat' dir='ltr'>Lacaena]</span> <span class='ocrx_word' id='word_1_160' title='bbox 1184 2938 1285 2987; x_wconf 87' lang='lat' dir='ltr'>Sic·</span> <span class='ocrx_word' id='word_1_161' title='bbox 1318 2951 1481 3002; x_wconf 88' lang='lat' dir='ltr'>saepe</span> 
     </span>
     <span class='ocr_line' id='line_1_30' title="bbox 435 3008 1478 3073; baseline 0.002 -15"><span class='ocrx_word' id='word_1_162' title='bbox 435 3008 649 3059; x_wconf 84' lang='lat' dir='ltr'>additur</span> <span class='ocrx_word' id='word_1_163' title='bbox 697 3009 867 3073; x_wconf 84' lang='lat' dir='ltr'>patria</span> <span class='ocrx_word' id='word_1_164' title='bbox 902 3011 1121 3060; x_wconf 86' lang='lat' dir='ltr'>ornatus</span> <span class='ocrx_word' id='word_1_165' title='bbox 1143 3048 1155 3070; x_wconf 93' lang='grc'>,</span> <span class='ocrx_word' id='word_1_166' title='bbox 1212 3012 1273 3059; x_wconf 89' lang='lat' dir='ltr'>ut</span> <span class='ocrx_word' id='word_1_167' title='bbox 1305 3012 1478 3072; x_wconf 85' lang='lat' dir='ltr'>aiunt,</span> 
     </span>
     <span class='ocr_line' id='line_1_31' title="bbox 435 3082 1482 3148; baseline 0.003 -15"><span class='ocrx_word' id='word_1_168' title='bbox 435 3097 627 3145; x_wconf 86' lang='lat' dir='ltr'>causa,</span> <span class='ocrx_word' id='word_1_169' title='bbox 680 3082 765 3133; x_wconf 90' lang='lat' dir='ltr'>vel</span> <span class='ocrx_word' id='word_1_170' title='bbox 817 3084 992 3148; x_wconf 84' lang='lat' dir='ltr'>potius</span> <span class='ocrx_word' id='word_1_171' title='bbox 1011 3122 1022 3144; x_wconf 89' lang='lat'>‚</span> <span class='ocrx_word' id='word_1_172' title='bbox 1076 3086 1136 3134; x_wconf 90' lang='lat' dir='ltr'>ut</span> <span class='ocrx_word' id='word_1_173' title='bbox 1184 3086 1482 3136; x_wconf 83' lang='lat' dir='ltr'>accuratius</span> 
     </span>
     <span class='ocr_line' id='line_1_32' title="bbox 434 3158 1484 3223; baseline 0 -15"><span class='ocrx_word' id='word_1_174' title='bbox 434 3158 717 3209; x_wconf 84' lang='lat' dir='ltr'>definiatur</span> <span class='ocrx_word' id='word_1_175' title='bbox 747 3171 1003 3221; x_wconf 85' lang='lat' dir='ltr'>persona,</span> <span class='ocrx_word' id='word_1_176' title='bbox 1042 3159 1093 3208; x_wconf 91' lang='lat' dir='ltr'>in</span> <span class='ocrx_word' id='word_1_177' title='bbox 1129 3171 1293 3221; x_wconf 87' lang='lat' dir='ltr'>quam</span> <span class='ocrx_word' id='word_1_178' title='bbox 1325 3160 1484 3223; x_wconf 72' lang='lat' dir='ltr'>poeta</span> 
     </span>
     <span class='ocr_line' id='line_1_33' title="bbox 435 3231 1481 3283; baseline 0.002 -2"><span class='ocrx_word' id='word_1_179' title='bbox 435 3233 627 3282; x_wconf 88' lang='lat' dir='ltr'>mentis</span> <span class='ocrx_word' id='word_1_180' title='bbox 678 3234 891 3282; x_wconf 89' lang='lat' dir='ltr'>nostrae</span> <span class='ocrx_word' id='word_1_181' title='bbox 945 3231 1129 3283; x_wconf 89' lang='lat' dir='ltr'>oculos</span> <span class='ocrx_word' id='word_1_182' title='bbox 1165 3235 1481 3283; x_wconf 87' lang='lat' dir='ltr'>convertere</span> 
     </span>
     <span class='ocr_line' id='line_1_34' title="bbox 432 3304 1479 3366; baseline 0.004 -12"><span class='ocrx_word' id='word_1_183' title='bbox 432 3304 558 3354; x_wconf 83' lang='lat' dir='ltr'>volt.</span> <span class='ocrx_word' id='word_1_184' title='bbox 627 3304 723 3355; x_wconf 90' lang='lat' dir='ltr'>Od.</span> <span class='ocrx_word' id='word_1_185' title='bbox 749 3307 811 3366; x_wconf 89' lang='grc'>2,</span> <span class='ocrx_word' id='word_1_186' title='bbox 837 3305 897 3365; x_wconf 82' lang='lat'>4,</span> <span class='ocrx_word' id='word_1_187' title='bbox 922 3307 986 3355; x_wconf 75' lang='lat'>2:</span> <span class='ocrx_word' id='word_1_188' title='bbox 1023 3307 1243 3357; x_wconf 73' lang='lat' dir='ltr'>Xanthia</span> <span class='ocrx_word' id='word_1_189' title='bbox 1272 3308 1479 3358; x_wconf 77' lang='lat' dir='ltr'>Phoceu.</span> 
     </span>
     <span class='ocr_line' id='line_1_35' title="bbox 434 3377 1477 3438; baseline 0.005 -12"><span class='ocrx_word' id='word_1_190' title='bbox 434 3377 531 3427; x_wconf 88' lang='lat' dir='ltr'>Od.</span> <span class='ocrx_word' id='word_1_191' title='bbox 568 3377 626 3437; x_wconf 82' lang='lat'>3,</span> <span class='ocrx_word' id='word_1_192' title='bbox 660 3378 716 3438; x_wconf 86' lang='lat'>9,</span> <span class='ocrx_word' id='word_1_193' title='bbox 753 3379 817 3427; x_wconf 83' lang='lat'>9:</span> <span class='ocrx_word' id='word_1_194' title='bbox 873 3380 1078 3430; x_wconf 69' lang='lat' dir='ltr'>stressa</span> <span class='ocrx_word' id='word_1_195' title='bbox 1111 3381 1273 3430; x_wconf 69' lang='lat' dir='ltr'>Chloe&#39;.</span> <span class='ocrx_word' id='word_1_196' title='bbox 1344 3380 1477 3431; x_wconf 85' lang='lat' dir='ltr'>lhid.</span> 
     </span>
     <span class='ocr_line' id='line_1_36' title="bbox 436 3450 1479 3518; baseline 0.005 -18"><span class='ocrx_word' id='word_1_197' title='bbox 436 3450 529 3501; x_wconf 72' lang='lat'>⁴4:</span> <span class='ocrx_word' id='word_1_198' title='bbox 612 3451 813 3501; x_wconf 77' lang='lat' dir='ltr'>Thurini</span> <span class='ocrx_word' id='word_1_199' title='bbox 868 3453 1036 3503; x_wconf 76' lang='lat' dir='ltr'>Calais</span> <span class='ocrx_word' id='word_1_200' title='bbox 1094 3455 1229 3518; x_wconf 70' lang='lat' dir='ltr'>fliius</span> <span class='ocrx_word' id='word_1_201' title='bbox 1284 3455 1479 3516; x_wconf 74' lang='lat' dir='ltr'>Ornyti.</span> 
     </span>
     <span class='ocr_line' id='line_1_37' title="bbox 433 3523 1481 3587; baseline 0.005 -14"><span class='ocrx_word' id='word_1_202' title='bbox 433 3524 528 3574; x_wconf 90' lang='lat' dir='ltr'>Od.</span> <span class='ocrx_word' id='word_1_203' title='bbox 557 3523 617 3584; x_wconf 87' lang='lat'>3,</span> <span class='ocrx_word' id='word_1_204' title='bbox 647 3525 708 3573; x_wconf 90' lang='grc'>42</span> <span class='ocrx_word' id='word_1_205' title='bbox 727 3562 739 3584; x_wconf 98' lang='grc'>,</span> <span class='ocrx_word' id='word_1_206' title='bbox 766 3526 825 3574; x_wconf 87' lang='lat'>6:</span> <span class='ocrx_word' id='word_1_207' title='bbox 884 3527 1125 3587; x_wconf 77' lang='lat' dir='ltr'>Liparaei</span> <span class='ocrx_word' id='word_1_208' title='bbox 1157 3529 1294 3577; x_wconf 77' lang='lat' dir='ltr'>nitor</span> <span class='ocrx_word' id='word_1_209' title='bbox 1331 3529 1481 3578; x_wconf 73' lang='lat' dir='ltr'>Hebri</span> 
     </span>
     <span class='ocr_line' id='line_1_38' title="bbox 434 3597 1483 3662; baseline 0.005 -15"><span class='ocrx_word' id='word_1_210' title='bbox 434 3597 601 3662; x_wconf 88' lang='lat' dir='ltr'>Epod.</span> <span class='ocrx_word' id='word_1_211' title='bbox 631 3599 712 3658; x_wconf 81' lang='grc'>42,</span> <span class='ocrx_word' id='word_1_212' title='bbox 734 3598 825 3648; x_wconf 77' lang='lat'>⁴8:</span> <span class='ocrx_word' id='word_1_213' title='bbox 865 3599 993 3649; x_wconf 79' lang='lat' dir='ltr'>Cous</span> <span class='ocrx_word' id='word_1_214' title='bbox 1012 3627 1042 3636; x_wconf 93' lang='lat'>-</span> <span class='ocrx_word' id='word_1_215' title='bbox 1063 3599 1318 3661; x_wconf 67' lang='lat' dir='ltr'>Amyntas.</span> <span class='ocrx_word' id='word_1_216' title='bbox 1357 3604 1483 3652; x_wconf 90' lang='lat' dir='ltr'>Pro-</span> 
     </span>
     <span class='ocr_line' id='line_1_39' title="bbox 436 3670 1483 3735; baseline 0.004 -15"><span class='ocrx_word' id='word_1_217' title='bbox 436 3672 571 3735; x_wconf 88' lang='lat' dir='ltr'>pert.</span> <span class='ocrx_word' id='word_1_218' title='bbox 614 3673 672 3731; x_wconf 91' lang='grc'>4,</span> <span class='ocrx_word' id='word_1_219' title='bbox 711 3670 768 3732; x_wconf 89' lang='lat'>4,</span> <span class='ocrx_word' id='word_1_220' title='bbox 807 3672 872 3720; x_wconf 88' lang='lat'>6:</span> <span class='ocrx_word' id='word_1_221' title='bbox 948 3674 1483 3734; x_wconf 79' lang='lat' dir='ltr'>Spartanae--Her-</span> 
     </span>
     <span class='ocr_line' id='line_1_40' title="bbox 429 3745 1479 3811; baseline 0.005 -17"><span class='ocrx_word' id='word_1_222' title='bbox 429 3746 632 3795; x_wconf 76' lang='lat' dir='ltr'>miouae</span> <span class='ocrx_word' id='word_1_223' title='bbox 664 3746 768 3794; x_wconf 86' lang='lat' dir='ltr'>cet.</span> <span class='ocrx_word' id='word_1_224' title='bbox 805 3745 927 3795; x_wconf 88' lang='lat' dir='ltr'>Sine</span> <span class='ocrx_word' id='word_1_225' title='bbox 964 3759 1127 3796; x_wconf 87' lang='lat' dir='ltr'>causa</span> <span class='ocrx_word' id='word_1_226' title='bbox 1162 3747 1479 3811; x_wconf 84' lang='lat' dir='ltr'>interpretes</span> 
     </span>
     <span class='ocr_line' id='line_1_41' title="bbox 431 3818 1477 3872; baseline 0.003 -3"><span class='ocrx_word' id='word_1_227' title='bbox 431 3818 664 3869; x_wconf 85' lang='lat' dir='ltr'>inserunt</span> <span class='ocrx_word' id='word_1_228' title='bbox 732 3820 1003 3869; x_wconf 87' lang='lat' dir='ltr'>notionem</span> <span class='ocrx_word' id='word_1_229' title='bbox 1060 3819 1477 3872; x_wconf 86' lang='lat' dir='ltr'>Lacedaemonis</span> 
     </span>
     <span class='ocr_line' id='line_1_42' title="bbox 430 3889 1472 3960; baseline -0.001 -16"><span class='ocrx_word' id='word_1_230' title='bbox 430 3889 869 3960; x_wconf 79' lang='grc' dir='ltr'><strong><em>καλλιγύναικος</em></strong></span> <span class='ocrx_word' id='word_1_231' title='bbox 935 3893 1021 3943; x_wconf 86' lang='lat' dir='ltr'>vel</span> <span class='ocrx_word' id='word_1_232' title='bbox 1072 3894 1126 3943; x_wconf 87' lang='lat' dir='ltr'>h.</span> <span class='ocrx_word' id='word_1_233' title='bbox 1186 3893 1218 3943; x_wconf 93' lang='lat' dir='ltr'>l.</span> <span class='ocrx_word' id='word_1_234' title='bbox 1280 3894 1472 3944; x_wconf 85' lang='lat' dir='ltr'>etiam:</span> 
     </span>
     <span class='ocr_line' id='line_1_43' title="bbox 432 3965 1477 4031; baseline 0.001 -15"><span class='ocrx_word' id='word_1_235' title='bbox 432 3967 689 4028; x_wconf 73' lang='lat' dir='ltr'>«Helena,</span> <span class='ocrx_word' id='word_1_236' title='bbox 726 3980 865 4031; x_wconf 84' lang='lat' dir='ltr'>quae</span> <span class='ocrx_word' id='word_1_237' title='bbox 887 3968 942 4016; x_wconf 88' lang='lat' dir='ltr'>in</span> <span class='ocrx_word' id='word_1_238' title='bbox 964 3979 1200 4031; x_wconf 85' lang='lat' dir='ltr'>paupere</span> <span class='ocrx_word' id='word_1_239' title='bbox 1222 3965 1308 4017; x_wconf 87' lang='lat' dir='ltr'>illa</span> <span class='ocrx_word' id='word_1_240' title='bbox 1331 3968 1477 4030; x_wconf 78' lang='lat' dir='ltr'>regia</span> 
     </span>
     <span class='ocr_line' id='line_1_44' title="bbox 430 4039 1476 4106; baseline -0.002 -14"><span class='ocrx_word' id='word_1_241' title='bbox 430 4044 687 4106; x_wconf 86' lang='lat' dir='ltr'>Spartana</span> <span class='ocrx_word' id='word_1_242' title='bbox 738 4041 902 4091; x_wconf 89' lang='lat' dir='ltr'>talem</span> <span class='ocrx_word' id='word_1_243' title='bbox 960 4039 1143 4091; x_wconf 80' lang='lat' dir='ltr'>luxum</span> <span class='ocrx_word' id='word_1_244' title='bbox 1200 4054 1476 4105; x_wconf 84' lang='lat' dir='ltr'>nunquam</span> 
     </span>
     <span class='ocr_line' id='line_1_45' title="bbox 429 4113 1476 4165; baseline -0.001 -1"><span class='ocrx_word' id='word_1_245' title='bbox 429 4115 687 4165; x_wconf 78' lang='lat' dir='ltr'>viderat.»</span> <span class='ocrx_word' id='word_1_246' title='bbox 722 4116 894 4165; x_wconf 86' lang='lat' dir='ltr'>Immo</span> <span class='ocrx_word' id='word_1_247' title='bbox 928 4116 1056 4165; x_wconf 86' lang='lat' dir='ltr'>satis</span> <span class='ocrx_word' id='word_1_248' title='bbox 1089 4113 1231 4164; x_wconf 88' lang='lat' dir='ltr'>laute</span> <span class='ocrx_word' id='word_1_249' title='bbox 1268 4116 1324 4163; x_wconf 87' lang='lat' dir='ltr'>et</span> <span class='ocrx_word' id='word_1_250' title='bbox 1359 4127 1476 4164; x_wconf 89' lang='lat' dir='ltr'>ma-</span> 
     </span>
    </p>
   </div>
   <div class='ocr_carea' id='block_1_10' title="bbox 1547 3968 1959 4033">
    <p class='ocr_par' dir='ltr' id='par_1_11' title="bbox 1547 3968 1959 4033">
     <span class='ocr_line' id='line_1_46' title="bbox 1547 3968 1959 4033; baseline -0.007 -15"><span class='ocrx_word' id='word_1_251' title='bbox 1547 3969 1698 4033; x_wconf 65' lang='lat' dir='ltr'>ferox</span> <span class='ocrx_word' id='word_1_252' title='bbox 1751 3968 1959 4028; x_wconf 83' lang='lat' dir='ltr'>Hector]</span> 
     </span>
    </p>
   </div>
   <div class='ocr_carea' id='block_1_11' title="bbox 1548 1899 2612 4179">
    <p class='ocr_par' dir='ltr' id='par_1_12' title="bbox 1548 1899 2612 4179">
     <span class='ocr_line' id='line_1_47' title="bbox 1566 1899 2612 1963; baseline 0.006 -16"><span class='ocrx_word' id='word_1_253' title='bbox 1566 1899 1646 1948; x_wconf 78' lang='lat' dir='ltr'>die</span> <span class='ocrx_word' id='word_1_254' title='bbox 1678 1899 2025 1963; x_wconf 68' lang='lat' dir='ltr'>Schmuckunq</span> <span class='ocrx_word' id='word_1_255' title='bbox 2058 1900 2148 1950; x_wconf 77' lang='lat' dir='ltr'>der</span> <span class='ocrx_word' id='word_1_256' title='bbox 2178 1901 2380 1951; x_wconf 80' lang='lat' dir='ltr'>Helena.</span> <span class='ocrx_word' id='word_1_257' title='bbox 2441 1903 2612 1953; x_wconf 78' lang='lat' dir='ltr'>Berlin</span> 
     </span>
     <span class='ocr_line' id='line_1_48' title="bbox 1631 2047 2606 2111; baseline 0.005 -15"><span class='ocrx_word' id='word_1_258' title='bbox 1631 2047 1838 2097; x_wconf 86' lang='grc'><strong>47-20.</strong></span> <span class='ocrx_word' id='word_1_259' title='bbox 1879 2047 2088 2109; x_wconf 80' lang='lat' dir='ltr'>Teucer]</span> <span class='ocrx_word' id='word_1_260' title='bbox 2126 2047 2231 2098; x_wconf 77' lang='lat' dir='ltr'>Cir.</span> <span class='ocrx_word' id='word_1_261' title='bbox 2254 2049 2349 2099; x_wconf 88' lang='lat' dir='ltr'>Od.</span> <span class='ocrx_word' id='word_1_262' title='bbox 2380 2052 2427 2109; x_wconf 92' lang='grc'>4,</span> <span class='ocrx_word' id='word_1_263' title='bbox 2454 2050 2502 2111; x_wconf 85' lang='lat'>7,</span> <span class='ocrx_word' id='word_1_264' title='bbox 2524 2051 2606 2101; x_wconf 82' lang='grc'>24.</span> 
     </span>
     <span class='ocr_line' id='line_1_49' title="bbox 1562 2116 2610 2192; baseline 0.003 -22"><span class='ocrx_word' id='word_1_265' title='bbox 1562 2119 1707 2170; x_wconf 86' lang='lat' dir='ltr'>Iliad.</span> <span class='ocrx_word' id='word_1_266' title='bbox 1733 2136 1796 2181; x_wconf 76' lang='grc' dir='ltr'>ν,</span> <span class='ocrx_word' id='word_1_267' title='bbox 1821 2122 1944 2171; x_wconf 86' lang='grc'>343;</span> <span class='ocrx_word' id='word_1_268' title='bbox 1998 2116 2068 2184; x_wconf 86' lang='grc' dir='ltr'>ὃς</span> <span class='ocrx_word' id='word_1_269' title='bbox 2100 2116 2336 2192; x_wconf 81' lang='grc' dir='ltr'><strong><em>ἄριστος</em></strong></span> <span class='ocrx_word' id='word_1_270' title='bbox 2371 2117 2610 2183; x_wconf 76' lang='grc' dir='ltr'><strong><em>Ἀχαιῶν</em></strong></span> 
     </span>
     <span class='ocr_line' id='line_1_50' title="bbox 1563 2191 2606 2265; baseline 0.005 -21"><span class='ocrx_word' id='word_1_271' title='bbox 1563 2191 1882 2265; x_wconf 77' lang='grc' dir='ltr'><strong><em>Τοξοσύνῃ.</em></strong></span> <span class='ocrx_word' id='word_1_272' title='bbox 1913 2222 1970 2232; x_wconf 92' lang='grc'><strong>-</strong></span> <span class='ocrx_word' id='word_1_273' title='bbox 2007 2197 2205 2257; x_wconf 69' lang='lat' dir='ltr'>cydon,</span> <span class='ocrx_word' id='word_1_274' title='bbox 2235 2199 2423 2248; x_wconf 84' lang='lat' dir='ltr'>Cretae</span> <span class='ocrx_word' id='word_1_275' title='bbox 2448 2197 2606 2257; x_wconf 83' lang='lat' dir='ltr'>urbs;</span> 
     </span>
     <span class='ocr_line' id='line_1_51' title="bbox 1562 2269 2610 2331; baseline 0.003 -12"><span class='ocrx_word' id='word_1_276' title='bbox 1562 2269 1750 2319; x_wconf 86' lang='lat' dir='ltr'>Cretes</span> <span class='ocrx_word' id='word_1_277' title='bbox 1800 2273 1982 2319; x_wconf 88' lang='lat' dir='ltr'>autem</span> <span class='ocrx_word' id='word_1_278' title='bbox 2031 2270 2310 2331; x_wconf 82' lang='lat' dir='ltr'>sagittandi</span> <span class='ocrx_word' id='word_1_279' title='bbox 2354 2274 2466 2321; x_wconf 88' lang='lat' dir='ltr'>arte</span> <span class='ocrx_word' id='word_1_280' title='bbox 2514 2286 2610 2322; x_wconf 86' lang='lat' dir='ltr'>ex-</span> 
     </span>
     <span class='ocr_line' id='line_1_52' title="bbox 1561 2340 2610 2403; baseline 0.005 -13"><span class='ocrx_word' id='word_1_281' title='bbox 1561 2340 1841 2393; x_wconf 84' lang='lat' dir='ltr'>cellebant.</span> <span class='ocrx_word' id='word_1_282' title='bbox 1912 2341 2006 2391; x_wconf 88' lang='lat' dir='ltr'>Od.</span> <span class='ocrx_word' id='word_1_283' title='bbox 2051 2344 2105 2401; x_wconf 95' lang='grc'>4,</span> <span class='ocrx_word' id='word_1_284' title='bbox 2151 2343 2240 2403; x_wconf 84' lang='grc'>45,</span> <span class='ocrx_word' id='word_1_285' title='bbox 2284 2344 2363 2391; x_wconf 82' lang='grc'>47.</span> <span class='ocrx_word' id='word_1_286' title='bbox 2423 2345 2610 2395; x_wconf 76' lang='lat' dir='ltr'>calami</span> 
     </span>
     <span class='ocr_line' id='line_1_53' title="bbox 1558 2415 2603 2478; baseline 0.003 -14"><span class='ocrx_word' id='word_1_287' title='bbox 1558 2416 1754 2477; x_wconf 79' lang='lat' dir='ltr'>spicula</span> <span class='ocrx_word' id='word_1_288' title='bbox 1788 2416 1969 2466; x_wconf 77' lang='lat' dir='ltr'>Cnosii.</span> <span class='ocrx_word' id='word_1_289' title='bbox 2040 2415 2181 2478; x_wconf 76' lang='lat' dir='ltr'>virg.</span> <span class='ocrx_word' id='word_1_290' title='bbox 2225 2415 2333 2465; x_wconf 90' lang='lat' dir='ltr'>Ecl.</span> <span class='ocrx_word' id='word_1_291' title='bbox 2373 2418 2464 2475; x_wconf 88' lang='grc'>40,</span> <span class='ocrx_word' id='word_1_292' title='bbox 2503 2419 2603 2467; x_wconf 82' lang='lat'>59:</span> 
     </span>
     <span class='ocr_line' id='line_1_54' title="bbox 1558 2490 2602 2553; baseline 0.001 -13"><span class='ocrx_word' id='word_1_293' title='bbox 1558 2496 1789 2551; x_wconf 77' lang='lat' dir='ltr'>torquere</span> <span class='ocrx_word' id='word_1_294' title='bbox 1822 2490 2046 2551; x_wconf 75' lang='lat' dir='ltr'>Cydonia</span> <span class='ocrx_word' id='word_1_295' title='bbox 2093 2504 2254 2540; x_wconf 70' lang='lat' dir='ltr'>contu</span> <span class='ocrx_word' id='word_1_296' title='bbox 2284 2491 2507 2553; x_wconf 76' lang='lat' dir='ltr'>Spicula.</span> <span class='ocrx_word' id='word_1_297' title='bbox 2549 2519 2602 2529; x_wconf 93' lang='lat'>-—</span> 
     </span>
     <span class='ocr_line' id='line_1_55' title="bbox 1556 2563 2607 2627; baseline 0.002 -14"><span class='ocrx_word' id='word_1_298' title='bbox 1556 2565 1673 2614; x_wconf 70' lang='lat' dir='ltr'>Ilios</span> <span class='ocrx_word' id='word_1_299' title='bbox 1710 2563 1921 2627; x_wconf 55' lang='lat' dir='ltr'>Valvata]</span> <span class='ocrx_word' id='word_1_300' title='bbox 1962 2566 2106 2613; x_wconf 68' lang='lat' dir='ltr'>«Non</span> <span class='ocrx_word' id='word_1_301' title='bbox 2140 2563 2310 2614; x_wconf 86' lang='lat' dir='ltr'>semel</span> <span class='ocrx_word' id='word_1_302' title='bbox 2345 2564 2477 2616; x_wconf 88' lang='lat' dir='ltr'>urbs</span> <span class='ocrx_word' id='word_1_303' title='bbox 2510 2565 2607 2615; x_wconf 86' lang='lat' dir='ltr'>ali-</span> 
     </span>
     <span class='ocr_line' id='line_1_56' title="bbox 1559 2639 2602 2705; baseline 0.001 -15"><span class='ocrx_word' id='word_1_304' title='bbox 1559 2654 1665 2703; x_wconf 87' lang='lat' dir='ltr'>qua</span> <span class='ocrx_word' id='word_1_305' title='bbox 1711 2653 1882 2703; x_wconf 88' lang='lat' dir='ltr'>aeque</span> <span class='ocrx_word' id='word_1_306' title='bbox 1929 2652 2121 2702; x_wconf 88' lang='lat' dir='ltr'>magna</span> <span class='ocrx_word' id='word_1_307' title='bbox 2167 2642 2222 2690; x_wconf 87' lang='lat' dir='ltr'>et</span> <span class='ocrx_word' id='word_1_308' title='bbox 2254 2639 2503 2705; x_wconf 85' lang='lat' dir='ltr'>opulenta</span> <span class='ocrx_word' id='word_1_309' title='bbox 2538 2655 2602 2691; x_wconf 85' lang='lat' dir='ltr'>ac</span> 
     </span>
     <span class='ocr_line' id='line_1_57' title="bbox 1557 2714 2606 2776; baseline 0.001 -12"><span class='ocrx_word' id='word_1_310' title='bbox 1557 2715 1710 2764; x_wconf 89' lang='lat' dir='ltr'>Troia</span> <span class='ocrx_word' id='word_1_311' title='bbox 1780 2714 1954 2763; x_wconf 78' lang='lat' dir='ltr'>excisa</span> <span class='ocrx_word' id='word_1_312' title='bbox 2013 2715 2127 2774; x_wconf 88' lang='lat' dir='ltr'>est,</span> <span class='ocrx_word' id='word_1_313' title='bbox 2195 2726 2371 2776; x_wconf 84' lang='lat' dir='ltr'>neque</span> <span class='ocrx_word' id='word_1_314' title='bbox 2427 2717 2606 2765; x_wconf 82' lang='lat' dir='ltr'>tamen</span> 
     </span>
     <span class='ocr_line' id='line_1_58' title="bbox 1555 2785 2605 2851; baseline -0.003 -15"><span class='ocrx_word' id='word_1_315' title='bbox 1555 2788 1715 2851; x_wconf 76' lang='lat' dir='ltr'>poeta</span> <span class='ocrx_word' id='word_1_316' title='bbox 1739 2785 1876 2836; x_wconf 90' lang='lat' dir='ltr'>ullus</span> <span class='ocrx_word' id='word_1_317' title='bbox 1894 2787 2007 2836; x_wconf 86' lang='lat' dir='ltr'>eius</span> <span class='ocrx_word' id='word_1_318' title='bbox 2032 2787 2304 2837; x_wconf 84' lang='lat' dir='ltr'>interitum</span> <span class='ocrx_word' id='word_1_319' title='bbox 2323 2790 2605 2839; x_wconf 79' lang='lat' dir='ltr'>narravit.»</span> 
     </span>
     <span class='ocr_line' id='line_1_59' title="bbox 1555 2859 2604 2924; baseline 0.001 -13"><span class='ocrx_word' id='word_1_320' title='bbox 1555 2859 1653 2911; x_wconf 85' lang='lat' dir='ltr'>Alii</span> <span class='ocrx_word' id='word_1_321' title='bbox 1698 2860 1935 2910; x_wconf 81' lang='lat' dir='ltr'>referunt</span> <span class='ocrx_word' id='word_1_322' title='bbox 1975 2859 2045 2910; x_wconf 89' lang='lat' dir='ltr'>ad</span> <span class='ocrx_word' id='word_1_323' title='bbox 2089 2861 2300 2910; x_wconf 88' lang='lat' dir='ltr'>Troiam</span> <span class='ocrx_word' id='word_1_324' title='bbox 2345 2861 2492 2924; x_wconf 90' lang='lat' dir='ltr'>prius</span> <span class='ocrx_word' id='word_1_325' title='bbox 2536 2861 2604 2912; x_wconf 85' lang='lat' dir='ltr'>ab</span> 
     </span>
     <span class='ocr_line' id='line_1_60' title="bbox 1556 2931 2603 2997; baseline 0.002 -13"><span class='ocrx_word' id='word_1_326' title='bbox 1556 2931 1785 2984; x_wconf 84' lang='lat' dir='ltr'>Hercule</span> <span class='ocrx_word' id='word_1_327' title='bbox 1812 2935 2191 2997; x_wconf 75' lang='lat' dir='ltr'>expugnatam3</span> <span class='ocrx_word' id='word_1_328' title='bbox 2237 2934 2413 2985; x_wconf 84' lang='lat' dir='ltr'>minus</span> <span class='ocrx_word' id='word_1_329' title='bbox 2435 2937 2603 2996; x_wconf 81' lang='lat' dir='ltr'>recte,</span> 
     </span>
     <span class='ocr_line' id='line_1_61' title="bbox 1557 3007 2605 3074; baseline 0.004 -18"><span class='ocrx_word' id='word_1_330' title='bbox 1557 3010 1616 3057; x_wconf 90' lang='lat' dir='ltr'>ut</span> <span class='ocrx_word' id='word_1_331' title='bbox 1650 3007 1878 3057; x_wconf 86' lang='lat' dir='ltr'>videtur.</span> <span class='ocrx_word' id='word_1_332' title='bbox 1920 3035 1974 3043; x_wconf 91' lang='lat'><strong>—</strong></span> <span class='ocrx_word' id='word_1_333' title='bbox 2011 3008 2321 3074; x_wconf 76' lang='lat' dir='ltr'>Idmneneus]</span> <span class='ocrx_word' id='word_1_334' title='bbox 2379 3010 2605 3060; x_wconf 85' lang='lat' dir='ltr'>Creten-</span> 
     </span>
     <span class='ocr_line' id='line_1_62' title="bbox 1557 3074 2603 3148; baseline 0.003 -16"><span class='ocrx_word' id='word_1_335' title='bbox 1557 3074 1706 3132; x_wconf 69' lang='lat' dir='ltr'>sium&#39;</span> <span class='ocrx_word' id='word_1_336' title='bbox 1723 3079 1847 3130; x_wconf 84' lang='lat' dir='ltr'>dux.</span> <span class='ocrx_word' id='word_1_337' title='bbox 1886 3080 2029 3131; x_wconf 86' lang='lat' dir='ltr'>Iliad.</span> <span class='ocrx_word' id='word_1_338' title='bbox 2055 3099 2108 3148; x_wconf 84' lang='lat' dir='ltr'>y,</span> <span class='ocrx_word' id='word_1_339' title='bbox 2134 3083 2257 3133; x_wconf 78' lang='lat'>230:</span> <span class='ocrx_word' id='word_1_340' title='bbox 2291 3076 2603 3148; x_wconf 70' lang='grc' dir='ltr'><strong><em>Ἰδομενεὺς</em></strong></span> 
     </span>
     <span class='ocr_line' id='line_1_63' title="bbox 1555 3153 2604 3227; baseline 0.003 -22"><span class='ocrx_word' id='word_1_341' title='bbox 1555 3154 1603 3205; x_wconf 80' lang='grc' dir='ltr'>δ’</span> <span class='ocrx_word' id='word_1_342' title='bbox 1655 3154 1932 3227; x_wconf 75' lang='grc' dir='ltr'>ἑτέρωθεν</span> <span class='ocrx_word' id='word_1_343' title='bbox 1987 3156 2072 3207; x_wconf 79' lang='grc' dir='ltr'>ἐνὶ</span> <span class='ocrx_word' id='word_1_344' title='bbox 2118 3153 2412 3227; x_wconf 75' lang='grc' dir='ltr'><strong><em>Κρήτεσσι</em></strong></span> <span class='ocrx_word' id='word_1_345' title='bbox 2463 3153 2604 3221; x_wconf 78' lang='grc' dir='ltr'><strong><em>θεὸς</em></strong></span> 
     </span>
     <span class='ocr_line' id='line_1_64' title="bbox 1556 3222 2603 3296; baseline 0.003 -17"><span class='ocrx_word' id='word_1_346' title='bbox 1556 3223 1638 3293; x_wconf 74' lang='grc' dir='ltr'>(ὃς</span> <span class='ocrx_word' id='word_1_347' title='bbox 1660 3222 1921 3295; x_wconf 56' lang='lat' dir='ltr'>“Eamne</span> <span class='ocrx_word' id='word_1_348' title='bbox 1964 3259 2018 3267; x_wconf 90' lang='lat'>—</span> <span class='ocrx_word' id='word_1_349' title='bbox 2056 3231 2332 3296; x_wconf 71' lang='lat' dir='ltr'>Sthenelus]</span> <span class='ocrx_word' id='word_1_350' title='bbox 2370 3232 2603 3295; x_wconf 88' lang='lat' dir='ltr'>Capanei</span> 
     </span>
     <span class='ocr_line' id='line_1_65' title="bbox 1557 3304 2550 3370; baseline 0 -15"><span class='ocrx_word' id='word_1_351' title='bbox 1557 3308 1611 3355; x_wconf 90' lang='lat' dir='ltr'>et</span> <span class='ocrx_word' id='word_1_352' title='bbox 1644 3304 1893 3355; x_wconf 85' lang='lat' dir='ltr'>Euadnes</span> <span class='ocrx_word' id='word_1_353' title='bbox 1927 3306 2008 3364; x_wconf 86' lang='lat' dir='ltr'>F.‚</span> <span class='ocrx_word' id='word_1_354' title='bbox 2047 3306 2319 3356; x_wconf 86' lang='lat' dir='ltr'>Diomedis</span> <span class='ocrx_word' id='word_1_355' title='bbox 2351 3307 2550 3370; x_wconf 76' lang='lat' dir='ltr'>auriga.</span> 
     </span>
     <span class='ocr_line' id='line_1_66' title="bbox 1622 3378 2598 3442; baseline -0.003 -12"><span class='ocrx_word' id='word_1_356' title='bbox 1622 3381 1678 3430; x_wconf 86' lang='grc'>24</span> <span class='ocrx_word' id='word_1_357' title='bbox 1708 3378 1843 3430; x_wconf 72' lang='grc'>-24,</span> <span class='ocrx_word' id='word_1_358' title='bbox 1898 3379 2148 3442; x_wconf 72' lang='lat' dir='ltr'>Dicenda]</span> <span class='ocrx_word' id='word_1_359' title='bbox 2184 3380 2278 3430; x_wconf 86' lang='lat' dir='ltr'>Od.</span> <span class='ocrx_word' id='word_1_360' title='bbox 2321 3379 2379 3440; x_wconf 81' lang='lat'>4,</span> <span class='ocrx_word' id='word_1_361' title='bbox 2416 3378 2475 3440; x_wconf 87' lang='lat'>4,</span> <span class='ocrx_word' id='word_1_362' title='bbox 2501 3380 2598 3429; x_wconf 87' lang='lat'>68:</span> 
     </span>
     <span class='ocr_line' id='line_1_67' title="bbox 1552 3453 2605 3516; baseline -0.003 -12"><span class='ocrx_word' id='word_1_363' title='bbox 1552 3454 1752 3504; x_wconf 81' lang='lat' dir='ltr'>Proelia</span> <span class='ocrx_word' id='word_1_364' title='bbox 1781 3453 2071 3516; x_wconf 62' lang='lat' dir='ltr'>coniugibus</span> <span class='ocrx_word' id='word_1_365' title='bbox 2092 3454 2354 3513; x_wconf 78' lang='lat' dir='ltr'>loquenda.</span> <span class='ocrx_word' id='word_1_366' title='bbox 2402 3454 2605 3515; x_wconf 67' lang='lat' dir='ltr'>Puyna-</span> 
     </span>
     <span class='ocr_line' id='line_1_68' title="bbox 1552 3525 2603 3588; baseline -0.002 -11"><span class='ocrx_word' id='word_1_367' title='bbox 1552 3529 1627 3577; x_wconf 71' lang='lat' dir='ltr'>vt&#39;t</span> <span class='ocrx_word' id='word_1_368' title='bbox 1660 3529 1840 3577; x_wconf 89' lang='lat' dir='ltr'>autem</span> <span class='ocrx_word' id='word_1_369' title='bbox 1875 3526 2102 3587; x_wconf 80' lang='lat' dir='ltr'>proelia,</span> <span class='ocrx_word' id='word_1_370' title='bbox 2157 3537 2256 3588; x_wconf 91' lang='lat' dir='ltr'>pro</span> <span class='ocrx_word' id='word_1_371' title='bbox 2295 3538 2360 3575; x_wconf 93' lang='lat' dir='ltr'>eo</span> <span class='ocrx_word' id='word_1_372' title='bbox 2382 3561 2394 3585; x_wconf 88' lang='lat'>,</span> <span class='ocrx_word' id='word_1_373' title='bbox 2455 3525 2603 3588; x_wconf 90' lang='lat' dir='ltr'>quod</span> 
     </span>
     <span class='ocr_line' id='line_1_69' title="bbox 1554 3598 2599 3661; baseline -0.006 -11"><span class='ocrx_word' id='word_1_374' title='bbox 1554 3598 1871 3650; x_wconf 88' lang='lat' dir='ltr'>tralaticium</span> <span class='ocrx_word' id='word_1_375' title='bbox 1895 3601 2002 3660; x_wconf 87' lang='lat' dir='ltr'>est,</span> <span class='ocrx_word' id='word_1_376' title='bbox 2042 3599 2323 3661; x_wconf 77' lang='lat' dir='ltr'>«pugnavit</span> <span class='ocrx_word' id='word_1_377' title='bbox 2343 3610 2599 3661; x_wconf 75' lang='lat' dir='ltr'>pugnas.»</span> 
     </span>
     <span class='ocr_line' id='line_1_70' title="bbox 1558 3672 2602 3723; baseline 0 0"><span class='ocrx_word' id='word_1_378' title='bbox 1558 3673 1733 3723; x_wconf 90' lang='lat' dir='ltr'>Verba</span> <span class='ocrx_word' id='word_1_379' title='bbox 1766 3675 1955 3723; x_wconf 88' lang='lat' dir='ltr'>neutra</span> <span class='ocrx_word' id='word_1_380' title='bbox 2006 3672 2290 3721; x_wconf 80' lang='lat' dir='ltr'>admittunt</span> <span class='ocrx_word' id='word_1_381' title='bbox 2339 3673 2602 3723; x_wconf 82' lang='lat' dir='ltr'>accusati-</span> 
     </span>
     <span class='ocr_line' id='line_1_71' title="bbox 1552 3745 2601 3807; baseline -0.002 -9"><span class='ocrx_word' id='word_1_382' title='bbox 1552 3760 1650 3797; x_wconf 86' lang='lat' dir='ltr'>vos</span> <span class='ocrx_word' id='word_1_383' title='bbox 1684 3760 1792 3798; x_wconf 90' lang='lat' dir='ltr'>non</span> <span class='ocrx_word' id='word_1_384' title='bbox 1825 3745 2001 3798; x_wconf 89' lang='lat' dir='ltr'>solum</span> <span class='ocrx_word' id='word_1_385' title='bbox 2034 3758 2164 3796; x_wconf 86' lang='lat' dir='ltr'>suae</span> <span class='ocrx_word' id='word_1_386' title='bbox 2200 3745 2414 3807; x_wconf 80' lang='lat' dir='ltr'>originis</span> <span class='ocrx_word' id='word_1_387' title='bbox 2431 3782 2444 3806; x_wconf 89' lang='lat'>,</span> <span class='ocrx_word' id='word_1_388' title='bbox 2502 3746 2601 3796; x_wconf 88' lang='lat' dir='ltr'>sed</span> 
     </span>
     <span class='ocr_line' id='line_1_72' title="bbox 1553 3817 2600 3884; baseline 0 -13"><span class='ocrx_word' id='word_1_389' title='bbox 1553 3823 1716 3871; x_wconf 89' lang='lat' dir='ltr'>etiam</span> <span class='ocrx_word' id='word_1_390' title='bbox 1751 3822 2008 3884; x_wconf 84' lang='lat' dir='ltr'>cognatae</span> <span class='ocrx_word' id='word_1_391' title='bbox 2044 3817 2454 3881; x_wconf 80' lang='lat' dir='ltr'>significationis.</span> <span class='ocrx_word' id='word_1_392' title='bbox 2515 3820 2600 3871; x_wconf 90' lang='lat' dir='ltr'>Sic</span> 
     </span>
     <span class='ocr_line' id='line_1_73' title="bbox 1551 3893 2596 3956; baseline -0.002 -12"><span class='ocrx_word' id='word_1_393' title='bbox 1551 3895 1647 3944; x_wconf 92' lang='lat' dir='ltr'>Od.</span> <span class='ocrx_word' id='word_1_394' title='bbox 1685 3896 1742 3956; x_wconf 90' lang='grc'>3,</span> <span class='ocrx_word' id='word_1_395' title='bbox 1780 3895 1868 3955; x_wconf 88' lang='grc'>49,</span> <span class='ocrx_word' id='word_1_396' title='bbox 1902 3893 1969 3944; x_wconf 84' lang='lat'>4:</span> <span class='ocrx_word' id='word_1_397' title='bbox 2022 3893 2488 3956; x_wconf 62' lang='lat' dir='ltr'>pitanam-bella.</span> <span class='ocrx_word' id='word_1_398' title='bbox 2540 3921 2596 3932; x_wconf 90' lang='lat'><em>—</em></span> 
     </span>
     <span class='ocr_line' id='line_1_74' title="bbox 2035 3966 2598 4030; baseline 0.007 -15"><span class='ocrx_word' id='word_1_399' title='bbox 2035 3966 2278 4017; x_wconf 85' lang='lat' dir='ltr'>Hectoris</span> <span class='ocrx_word' id='word_1_400' title='bbox 2339 3967 2598 4030; x_wconf 82' lang='lat' dir='ltr'>imagines</span> 
     </span>
     <span class='ocr_line' id='line_1_75' title="bbox 1548 4039 2594 4105; baseline -0.001 -13"><span class='ocrx_word' id='word_1_401' title='bbox 1548 4041 1673 4091; x_wconf 85' lang='lat' dir='ltr'>vide</span> <span class='ocrx_word' id='word_1_402' title='bbox 1732 4043 1784 4092; x_wconf 85' lang='lat' dir='ltr'>in</span> <span class='ocrx_word' id='word_1_403' title='bbox 1847 4039 2086 4090; x_wconf 88' lang='lat' dir='ltr'>Gerhard</span> <span class='ocrx_word' id='word_1_404' title='bbox 2140 4041 2345 4105; x_wconf 70' lang='lat' dir='ltr'>Vasenq.</span> <span class='ocrx_word' id='word_1_405' title='bbox 2398 4042 2484 4090; x_wconf 86' lang='grc' dir='ltr'><strong>ΙΙΙ.</strong></span> <span class='ocrx_word' id='word_1_406' title='bbox 2536 4042 2594 4091; x_wconf 87' lang='lat' dir='ltr'>T.</span> 
     </span>
     <span class='ocr_line' id='line_1_76' title="bbox 1551 4115 2595 4179; baseline 0 -14"><span class='ocrx_word' id='word_1_407' title='bbox 1551 4115 1882 4165; x_wconf 81' lang='lat' dir='ltr'>CLXXXVIII</span> <span class='ocrx_word' id='word_1_408' title='bbox 1934 4126 2088 4176; x_wconf 86' lang='lat' dir='ltr'>seqq.</span> <span class='ocrx_word' id='word_1_409' title='bbox 2145 4141 2201 4150; x_wconf 90' lang='lat'><em>-</em></span> <span class='ocrx_word' id='word_1_410' title='bbox 2288 4115 2595 4179; x_wconf 72' lang='lat' dir='ltr'>Deiphobus]</span> 
     </span>
    </p>
   </div>
   <div class='ocr_carea' id='block_1_12' title="bbox 429 4186 2599 4327">
    <p class='ocr_par' dir='ltr' id='par_1_13' title="bbox 429 4186 2599 4327">
     <span class='ocr_line' id='line_1_77' title="bbox 429 4186 2599 4252; baseline 0 -13"><span class='ocrx_word' id='word_1_411' title='bbox 429 4189 618 4252; x_wconf 80' lang='lat' dir='ltr'>gnifice</span> <span class='ocrx_word' id='word_1_412' title='bbox 653 4188 728 4240; x_wconf 89' lang='lat' dir='ltr'>ibi</span> <span class='ocrx_word' id='word_1_413' title='bbox 760 4189 975 4240; x_wconf 79' lang='lat' dir='ltr'>vivebat</span> <span class='ocrx_word' id='word_1_414' title='bbox 998 4191 1216 4239; x_wconf 88' lang='lat' dir='ltr'>auctore</span> <span class='ocrx_word' id='word_1_415' title='bbox 1242 4190 1475 4239; x_wconf 88' lang='lat' dir='ltr'>Homero</span> <span class='ocrx_word' id='word_1_416' title='bbox 1551 4186 1782 4239; x_wconf 86' lang='lat' dir='ltr'>Helenae</span> <span class='ocrx_word' id='word_1_417' title='bbox 1804 4189 1928 4251; x_wconf 86' lang='lat' dir='ltr'>post</span> <span class='ocrx_word' id='word_1_418' title='bbox 1948 4187 2150 4240; x_wconf 85' lang='lat' dir='ltr'>Paridis</span> <span class='ocrx_word' id='word_1_419' title='bbox 2174 4190 2444 4239; x_wconf 87' lang='lat' dir='ltr'>interitum</span> <span class='ocrx_word' id='word_1_420' title='bbox 2466 4202 2599 4239; x_wconf 85' lang='lat' dir='ltr'>cou-</span> 
     </span>
     <span class='ocr_line' id='line_1_78' title="bbox 430 4260 2598 4327; baseline -0 -15"><span class='ocrx_word' id='word_1_421' title='bbox 430 4263 619 4326; x_wconf 77' lang='lat' dir='ltr'>Odyss.</span> <span class='ocrx_word' id='word_1_422' title='bbox 657 4260 715 4326; x_wconf 82' lang='grc' dir='ltr'>δ,</span> <span class='ocrx_word' id='word_1_423' title='bbox 755 4265 851 4315; x_wconf 84' lang='grc'>420</span> <span class='ocrx_word' id='word_1_424' title='bbox 885 4276 1038 4327; x_wconf 81' lang='lat' dir='ltr'>seqq.</span> <span class='ocrx_word' id='word_1_425' title='bbox 1079 4264 1204 4324; x_wconf 73' lang='lat' dir='ltr'>(Cir.</span> <span class='ocrx_word' id='word_1_426' title='bbox 1233 4261 1473 4314; x_wconf 74' lang='lat' dir='ltr'>Ger-hard</span> <span class='ocrx_word' id='word_1_427' title='bbox 1548 4264 1666 4322; x_wconf 81' lang='lat' dir='ltr'>iux,</span> <span class='ocrx_word' id='word_1_428' title='bbox 1705 4274 1843 4314; x_wconf 84' lang='lat' dir='ltr'>unus</span> <span class='ocrx_word' id='word_1_429' title='bbox 1879 4264 2000 4327; x_wconf 85' lang='lat' dir='ltr'>post</span> <span class='ocrx_word' id='word_1_430' title='bbox 2033 4263 2318 4315; x_wconf 86' lang='lat' dir='ltr'>Hectorem</span> <span class='ocrx_word' id='word_1_431' title='bbox 2351 4264 2598 4313; x_wconf 85' lang='lat' dir='ltr'>Troiano-</span> 
     </span>
    </p>
   </div>
  </div>
 </body>
</html>
