3234 4975
1304 369 1422 417 ΜΒ.
1462 369 1522 417 11.

1595 370 1654 418 e.
1693 368 1775 417 iv.
2510 362 2635 426 233

1213 994 1684 1057 cm
1735 996 1883 1080 tv.

802 1175 896 1239 Ne
941 1172 1022 1238 sit
1066 1172 1335 1239 ancillae
1381 1172 1492 1238 tibi
1540 1194 1723 1239 amor
1764 1174 2027 1260 pudori,

592 1370 675 1419 1v.
730 1371 896 1420 Inscr.
933 1368 1071 1434 volg.
1126 1372 1181 1420 et
1213 1372 1280 1419 S:
1316 1371 1393 1420 Ad
1422 1370 1696 1421 Xanthiam
1725 1372 1982 1421 Plioceum.
2024 1397 2078 1407 -
2114 1371 2360 1420 Ancillam
2392 1384 2569 1422 ornare

526 1445 1070 1495 αἱηιοηηοηοεεοΒ.
1124 1445 2567 1508 —Alloquitursodalemswmnfocemnmonmspms-

517 1518 776 1581 phanatica
805 1532 868 1569 ne
901 1520 1095 1569 deserat
1127 1520 1454 1575 concubinam
1484 1531 1631 1568 suam
1662 1519 1917 1569 Phillidom
1957 1524 2192 1581 appetens
2218 1519 2371 1569 talem
2403 1520 2568 1580 quates

524 1593 621 1655 fluit
682 1593 901 1644 Xanthia
964 1594 1055 1646 bc.
1112 1620 1165 1629 —
1235 1594 1313 1644 Aa
1358 1594 1658 1644 Xancthiam
1714 1592 1842 1657 (sic)
1899 1594 2161 1657 &alipium

2230 1593 2569 1657 (iatraliptam

526 1666 759 1718 Oberlini
813 1668 895 1730 A.)
974 1669 1213 1719 ancillam
1272 1681 1449 1718 ornare
1501 1669 1690 1719 crimen
1742 1682 1844 1718 non
1913 1681 2013 1719 esse
2058 1670 2363 1732 protropum
2416 1672 2570 1719 tebra-

525 1741 744 1791 colos'l'.

526 1918 610 1966 IV.
665 1919 768 1967 Per
802 1920 973 1969 totum
1019 1930 1237 1969 carmen
1278 1917 1510 1970 festivis-

462 1991 592 2041 sima
639 1991 924 2061 εἰρωνείᾳ,
980 2005 1118 2054 quae
1161 1994 1341 2043 tamen
1384 1992 1508 2042 nihil

460 2064 625 2115 habet
658 2065 989 2127 offensionis,
1035 2066 1175 2116 ridet
1205 2067 1504 2129 Xanthiam,

460 2138 679 2189 ancillae
703 2139 1117 2192 formosissimae
1137 2140 1381 2204 quidem,
1409 2141 1508 2207 sed

463 2210 678 2263 callidae
716 2215 772 2263 et
811 2212 943 2263 lucri
978 2213 1201 2278 cupidae
1235 2215 1507 2266 amoribus

462 2288 738 2337 irretitum.
801 2288 906 2337 Cir.
947 2287 1095 2338 Ovid.
1133 2291 1314 2338 Amor.
1352 2289 1408 2350 2,
1446 2290 1504 2350 8,

461 2361 516 2410 9;
556 2362 716 2423 Quid,
753 2363 886 2423 quod
916 2364 970 2412 in
1003 2363 1191 2412 ancilla
1222 2364 1267 2412 si
1288 2364 1508 2425 quisda-

459 2436 683 2498 linquere
718 2441 911 2498 posset,
960 2437 1109 2487 Illum
1146 2450 1236 2501 eqo
1280 2438 1508 2487 coriandi

457 2515 618 2560 mutto
651 2524 826 2560 carere
857 2511 1026 2560 bona?
1062 2511 1316 2562 Thessalus
1346 2512 1509 2561 ancil-

459 2584 541 2634 lae
568 2585 700 2648 sacia
729 2585 980 2635 Briseidos
1009 2586 1167 2644 arsin
1202 2585 1364 2635 Serva
1389 2588 1509 2647 My-

459 2671 641 2708 cenwo
670 2658 887 2709 Phoebas
918 2664 1095 2709 amata
1127 2661 1257 2710 duci.
1324 2662 1509 2712 Utrum

461 2733 601 2783 totus
625 2733 695 2784 sit
715 2734 1044 2796 φαντασίας
1066 2732 1223 2785 ludus
1244 2735 1506 2798 poeticus,

460 2818 528 2856 an
561 2808 700 2856 tecte
736 2807 998 2858 sodalium
1023 2809 1331 2873 quempiam
1355 2809 1513 2872 signi-

461 2879 603 2942 ficet,
630 2894 729 2933 nos
751 2883 1081 2945 ignoramus3
1109 2883 1358 2945 cogitavit
1374 2896 1512 2933 non-

471 2967 539 3003 ne
571 2954 733 3005 mode
756 2956 933 3005 Flavio
966 2954 1172 3020 aliquo,
1210 2969 1242 3005 a
1275 2951 1507 3019 ξανθός.

463 3028 571 3078 Cur
591 3032 774 3080 autem
797 3026 1027 3091 Φωκεύς
1058 3031 1363 3094 (Phocensis
1404 3043 1511 3080 non

460 3103 761 3167 Phocaeus)
788 3103 1100 3168 appelletur,
1138 3117 1300 3154 nemo
1334 3103 1512 3154 adhuc

461 3178 754 3240 exputavit3
815 3190 1005 3228 verum
1054 3191 1274 3242 prorsus
1322 3178 1511 3228 similia

462 3253 586 3301 sunt
626 3251 761 3300 haec
799 3251 895 3301 Od.
925 3253 972 3312 4,
1010 3253 1099 3313 27,
1140 3253 1228 3301 4οε
1266 3253 1513 3314 Ορωιιίαο

459 3324 643 3373 Frater
655 3325 901 3388 Megallae.
920 3325 1015 3375 Od.
1030 3327 1080 3386 2,
1102 3328 1151 3386 5,
1172 3328 1263 3376 20:
1290 3328 1514 3377 Gradiue-

457 3410 517 3446 ve
536 3397 711 3461 Gyges.
729 3398 823 3449 Od.
846 3400 895 3461 3,
919 3400 967 3462 9,
995 3399 1083 3450 ⁴4:
1119 3401 1323 3449 Thurini
1341 3401 1512 3451 Calais

456 3472 591 3535 filius
623 3473 817 3534 Ornyti.
890 3473 985 3524 Od.
1025 3473 1081 3534 3,
1122 3476 1209 3536 42,
1249 3475 1306 3524 6ι
1355 3478 1511 3538 Lipa-

458 3546 570 3595 mei
614 3547 749 3596 nitor
789 3547 968 3608 Hebri,
1022 3546 1216 3610 quibus
1260 3550 1510 3601 omnibus

460 3621 660 3670 Graeca
703 3623 872 3685 patria
915 3620 1180 3672 tribuitur.
1252 3625 1404 3683 Quod
1439 3625 1509 3674 ad

460 3694 571 3743 tres
600 3695 928 3757 posteriores
944 3696 1133 3745 attinet
1152 3697 1346 3759 (Gyges
1365 3699 1510 3749 enim

461 3765 865 3832 pulchritudinis
893 3771 1098 3820 tantum
1122 3782 1282 3821 causa
1306 3784 1511 3823 memo-

460 3841 664 3903 ratur),
719 3843 987 3894 Graeculis
1038 3847 1164 3895 tunc
1206 3845 1509 3897 viventibus

460 3916 604 3964 hunc
645 3915 906 3968 honorem
948 3918 1184 3968 tribuere
1227 3931 1356 3969 sane
1401 3933 1510 3970 non

459 3990 687 4054 poterat,
724 3992 785 4040 ut
816 4004 1005 4043 eorum
1040 3993 1252 4042 nomina
1290 4006 1509 4056 quoquo

460 4062 624 4112 modo
681 4064 790 4114 suis
844 4065 1170 4116 carminibus
1226 4068 1506 4128 insereret,

461 4136 560 4188 sed
600 4140 694 4187 aut
733 4137 945 4191 sodales
981 4142 1095 4191 eius
1129 4141 1350 4191 Romani
1393 4143 1509 4192 ani—

462 4212 532 4260 mi
570 4224 730 4263 causa
765 4212 883 4264 talia
920 4214 1135 4265 sibimet
1168 4215 1268 4280 ipsi
1294 4215 1509 4266 nomina

1582 1919 1967 1981 imposuerant,
1990 1921 2082 1968 aut
2094 1918 2417 1984 exemplaria
2431 1921 2632 1968 Graeca

1582 1991 1852 2043 interdum
1876 1995 2092 2043 secutus
2117 1993 2253 2043 fictis
2278 1993 2494 2043 omnino
2514 2006 2634 2055 per-

1582 2067 1729 2117 sonis
1759 2068 1974 2117 nomina
1998 2080 2192 2117 sonora
2217 2070 2271 2117 et
2292 2070 2440 2130 grata
2463 2067 2627 2117 dedit.

1580 2140 1716 2190 Satis
1780 2141 1964 2203 utique
2029 2142 2207 2204 inepte
2272 2142 2454 2193 nescio
2512 2141 2631 2204 quis

1577 2215 1750 2264 Phoceu·
1773 2226 2073 2277 cognomen
2097 2228 2128 2264 a
2143 2216 2338 2277 phoca,
2377 2215 2634 2265 deformi-

1579 2290 1701 2339 tatis
1735 2289 2057 2353 specimine,
2104 2291 2366 2353 repetivit.
2439 2292 2629 2352 Neque

1579 2375 1710 2411 vero
1754 2363 1852 2425 ipsi
1896 2361 2117 2412 carmini
2164 2364 2304 2414 inest
2348 2365 2628 2424 sententia,

1581 2448 1744 2500 quam
1786 2435 2077 2487 obtrudere
2122 2438 2171 2487 ei
2207 2450 2379 2501 nuper
2413 2438 2632 2501 quidam

1580 2510 1774 2572 voluit,
1834 2511 2117 2561 Xanthiam
2172 2515 2295 2561 ante
2350 2511 2633 2574 gloriatum

1582 2598 1731 2646 esse,
1791 2584 1859 2634 ab
1918 2598 2102 2634 amore
2162 2599 2282 2636 sese
2334 2586 2476 2636 vinci
2525 2599 2632 2635 non

1581 2671 1770 2723 posse;
1821 2659 1926 2707 iam
1962 2672 2119 2718 vero,
2165 2672 2290 2710 cum
2324 2660 2378 2709 in
2411 2657 2633 2709 ancillae

1581 2731 1805 2795 laqueos
1848 2731 2149 2792 incidisset,
2202 2745 2234 2782 a
2277 2732 2444 2783 sodali
2488 2733 2633 2783 deri-

1583 2805 1718 2855 deri.
1787 2806 1986 2856 Verum
2021 2805 2142 2856 talia
2179 2807 2510 2857 extrinsecus
2541 2819 2631 2856 as-

1582 2893 1799 2934 sumere
1856 2892 1920 2929 ac
1983 2880 2226 2944 precario
2289 2893 2601 2932 asseverare
2618 2920 2630 2942 ,

1583 2955 1817 3018 peritum
1869 2956 2217 3019 interpretem
2266 2967 2489 3019 prorsus
2534 2953 2635 3005 de-

1585 3028 1761 3078 decet.

1652 3178 1699 3225 4.
1746 3177 1951 3241 pudori]
1997 3179 2156 3240 Nam,
2205 3179 2265 3227 ut
2305 3178 2378 3227 ait
2419 3177 2629 3237 Quintil.

1584 3252 1643 3310 5,
1683 3251 1771 3311 44,
1810 3251 1899 3302 34:
1954 3253 2115 3314 tumis
2156 3253 2387 3302 «leoninae
2426 3265 2634 3303 consue-

1583 3325 1702 3373 tudo
1736 3339 1851 3375 cum
1882 3339 2048 3386 servo,
2098 3327 2260 3387 turpis
2292 3327 2492 3376 domino
2521 3339 2637 3376 cum

1583 3399 1788 3448 ancilla.
1859 3400 2130 3450 Musonius
2165 3399 2308 3462 apud
2344 3399 2489 3449 Stob.
2534 3400 2630 3448 Tit.

1584 3473 1642 3533 6,
1693 3474 1781 3522 64.
1838 3470 1895 3522 εἴ
1930 3488 2010 3539 τῳ
2052 3470 2219 3523 δοκεῖ
2251 3468 2338 3538 μὴ
2382 3468 2630 3560 αἰσχρὸν

1583 3542 1732 3597 εἶναι
1763 3544 1943 3618 δούλῃ
1977 3543 2265 3611 δεσπότην
2301 3542 2635 3612 πλησιάζειν

1582 3618 1653 3692 τῇ
1688 3619 1930 3682 ἑαυτοῦ,
1966 3622 2068 3671 καὶ
2098 3618 2356 3686 μάλιστα
2389 3617 2635 3680 εἰτύχοι

1584 3674 1740 3747 οὖσα
1772 3693 1955 3767 χήρα
2004 3692 2341 3762 λογισάσθω
2378 3690 2548 3744 ποῖόν
2580 3709 2636 3745 τι

1582 3772 2005 3832 καταφαίνεται
2035 3765 2220 3836 αὐτῷ,
2270 3770 2325 3819 εἰ
2353 3767 2634 3820 δέσποινα

1582 3840 1770 3911 δούλῳ
1788 3842 2109 3909 πλησιαζοι.
2135 3843 2415 3907 Agathias
2400 3858 2455 3894 in
2473 3845 2631 3895 Anth.

1584 3917 1690 3970 Pal.
1729 3922 1767 3968 l
1809 3932 1862 3982 p.
1904 3919 2029 3969 484ε
2081 3911 2184 3967 Ἤν
2217 3915 2280 3968 δὲ
2312 3914 2489 3987 μιγῇς
2520 3916 2633 3989 ἰδίῃ

1582 3989 1961 4078 θεραπαινίδι,
1987 3987 2156 4056 τλῆθι
2179 3992 2279 4043 καὶ
2298 3973 2477 4055 αὐτὸς
2492 3992 2636 4044 Δοῦ-

1584 4064 1686 4127 λος
1729 4061 2077 4130 ἐναλλάγδην
2118 4063 2324 4134 δμῳΐὸι
2365 4064 2635 4134 γιγνόμε-

1584 4154 1701 4201 νος.
1777 4139 2126 4190 Anneium-iocos
2173 4140 2304 4192 tales
2351 4141 2630 4192 vocabant.

1584 4211 1805 4266 Martial.
1849 4214 1934 4273 42,
1972 4215 2065 4276 58,
2107 4217 2152 4264 4.
