3234 4975
1244 410 1361 459 ΗΒ.
1401 410 1460 458 11.
1534 411 1590 458 C.
1631 411 1713 458 w.

2499 406 2609 471 241

1199 937 1871 1007 cmv!-

790 1120 1088 1210 Septimi‚
1137 1121 1351 1190 Gades
1396 1121 1647 1187 aditure
1694 1139 1951 1187 mecum
1993 1129 2060 1186 et

793 1243 1180 1310 Cantabrum
1226 1243 1552 1309 indoctum
1598 1243 1748 1330 iuga
1793 1242 1960 1307 serre
2005 1250 2224 1306 nostra
2267 1249 2331 1305 et

582 1458 666 1510 Vl.
713 1461 879 1510 inser.
916 1459 1052 1522 volg.
1100 1460 1176 1509 Aa
1206 1460 1522 1522 Septimium,

1574 1462 1628 1509 et
1661 1460 1740 1509 sic
1777 1459 1870 1509 BS.
1913 1486 1968 1494 —
2003 1458 2080 1508 Ad
2111 1458 2385 1520 Septimum
2414 1469 2556 1517 pros·

514 1535 734 1595 penetico
766 1532 1261 1606 (προσφωνητική)
1297 1535 1559 1584 tetracolos
1589 1534 1646 1583 T.
1695 1534 1932 1596 Septimio
1970 1532 2057 1582 bc.
2101 1560 2155 1569 -
2196 1534 2243 1580 4.
2280 1532 2428 1595 qadis
2458 1532 2514 1581 Β.

521 1728 606 1776 VI.
647 1730 956 1792 septimine,
1007 1740 1175 1793 eques
1210 1731 1499 1789 Romanus,

457 1801 603 1851 idem
634 1802 863 1863 videtur,
901 1803 969 1854 de
1006 1816 1113 1866 quo
1147 1806 1414 1866 Augustus
1449 1804 1501 1852 in

457 1875 687 1939 Epistola
731 1877 798 1926 ad
845 1878 1121 1927 Horatium
1166 1878 1309 1942 apud
1356 1879 1498 1928 Suet.

456 1951 559 2000 Vit.
610 1951 735 2000 Hor.
788 1951 880 2001 Ed.
930 1951 1088 2001 Wolf.
1139 1954 1188 2001 2.
1237 1965 1356 2016 pag.
1405 1951 1497 2002 49:

459 2025 548 2073 Tui
581 2026 779 2086 quatem
809 2025 1020 2075 habeam
1050 2028 1375 2087 memoriam,
1403 2040 1504 2088 po-

455 2100 574 2148 teris
609 2114 677 2149 ex
709 2100 945 2161 Septimio
978 2113 1175 2160 quoque
1206 2106 1377 2150 nostro
1404 2114 1505 2150 au-

456 2174 579 2223 dire.
652 2174 804 2234 Quod
846 2172 1081 2223 nonnulli
1118 2175 1165 2224 ei
1210 2174 1302 2224 Titi
1346 2187 1504 2238 prae-

459 2260 651 2297 nomen
687 2248 834 2309 dant,
871 2261 1054 2298 merus
1079 2248 1163 2298 est
1196 2262 1346 2297 error
1380 2248 1502 2298 inde

459 2323 631 2379 ortus,
671 2322 817 2386 quod
850 2321 1025 2372 Schol.
1065 2322 1226 2386 Cruq.
1266 2321 1336 2371 ad
1367 2323 1499 2387 Epp.

460 2397 517 2455 ⁴,
566 2397 624 2456 3,
679 2396 726 2445 9.
790 2396 971 2446 Titium
1018 2395 1092 2446 ibi
1142 2399 1503 2447 memoratum

461 2469 640 2520 Titium
671 2471 968 2533 Septimium
989 2469 1120 2521 salso
1142 2474 1317 2522 vocat.
1371 2471 1503 2523 Vide

456 2545 527 2595 ad
569 2544 601 2594 l.
640 2544 673 2594 l.
746 2545 899 2605 Quod
949 2548 1130 2596 autem
1180 2545 1503 2597 scholiastae

458 2633 584 2669 eum
607 2620 804 2670 Horatii
843 2618 1261 2670 commilitonem
1291 2623 1503 2682 vocant,

460 2695 702 2759 precario
743 2695 970 2758 petitum
1009 2694 1221 2744 videtur
1256 2708 1322 2743 ex
1354 2708 1406 2743 v.
1444 2695 1502 2745 8:

455 2770 778 2830 militiaeque.
872 2769 985 2818 Hoc
1041 2781 1171 2817 vero
1223 2781 1289 2817 ex
1339 2769 1510 2818 Scho-

458 2842 730 2894 liastarum
752 2844 1058 2893 testimonio
1076 2842 1370 2892 admodum
1388 2856 1510 2906 pro-

459 2917 657 2979 babile,
694 2918 989 2981 Septimium
1022 2917 1154 2980 Epp.
1185 2917 1239 2978 4,
1278 2916 1325 2965 9.
1364 2916 1510 2966 haud

459 2993 734 3043 diversum
784 3005 904 3043 esse
951 2990 1020 3041 ab
1068 2991 1224 3041 huius
1259 2991 1509 3042 carminis

458 3068 712 3129 Septimio.
784 3068 858 3117 Ex
904 3067 1177 3116 mentione
1213 3065 1510 3116 Cantabro—

457 3154 578 3191 rum
612 3141 847 3205 (Baslcen)
891 3140 1133 3191 nondum
1175 3140 1508 3190 devictorum

459 3216 659 3266 Franke
695 3219 750 3267 et
782 3215 995 3267 Liibker
1028 3214 1357 3278 collegerunt
1390 3228 1512 3265 car-

460 3303 588 3340 men
622 3292 883 3354 scriptum
917 3303 1037 3340 esse
1061 3304 1110 3339 a.
1138 3291 1234 3340 728
1257 3290 1345 3340 vel
1369 3289 1506 3350 729.‚

460 3377 638 3427 neque
689 3377 819 3414 vero
869 3364 1076 3425 obstat,
1134 3364 1281 3427 quod
1332 3363 1510 3413 Sabini

458 3440 574 3499 sui,
627 3450 658 3487 a
704 3440 1009 3489 Maecenate
1061 3453 1108 3488 a.
1157 3438 1272 3488 723.
1310 3437 1506 3500 donati,

460 3511 658 3563 nullam
698 3512 786 3562 hic
828 3515 1157 3563 mentionem
1190 3512 1329 3562 facit.
1402 3511 1506 3562 Cfr.

459 3586 529 3636 ad
578 3600 630 3636 v.
685 3589 733 3637 5.
807 3586 923 3636 Noli
976 3587 1133 3649 igitur
1185 3587 1386 3637 referre
1442 3587 1511 3636 ad

460 3673 509 3710 a.
545 3662 643 3711 7⁴8
675 3660 761 3710 vel
797 3662 945 3722 720.‚
989 3662 1066 3711 uti
1100 3661 1341 3711 fecerunt
1374 3675 1512 3712 non-

461 3733 613 3794 nulli;
652 3736 750 3785 etsi
788 3735 959 3786 fateor
990 3736 1185 3786 miram
1220 3736 1349 3785 mihi
1371 3749 1514 3786 sem-

461 3822 561 3873 per
608 3810 779 3860 visam
820 3823 941 3861 esse
989 3823 1040 3860 v.
1078 3811 1126 3859 8.
1163 3811 1372 3860 militiae
1423 3825 1511 3861 re—

462 3882 828 3934 cordationem
871 3884 977 3934 XV.
1020 3884 1130 3933 sere
1172 3885 1325 3934 annis
1367 3888 1514 3948 post-

459 3970 625 4020 quam
698 3971 844 4008 arma
919 3957 1088 4009 semel
1167 3958 1506 4022 deposuerat.

461 4030 832 4095 (Difficultates
866 4032 1022 4083 huius
1056 4033 1307 4084 carminis
1342 4046 1512 4096 expo·

459 4107 565 4156 suit
598 4106 750 4156 Estre
787 4106 913 4156 Hor.
952 4109 1035 4156 Pr.
1072 4121 1126 4172 p.
1165 4107 1300 4170 483.)

526 4183 574 4231 ⁴.
614 4179 795 4244 Gades]
841 4179 947 4232 Cfr.
986 4180 1082 4232 Od.
1120 4182 1178 4242 2,
1216 4184 1277 4244 2,
1328 4184 1408 4232 44.
1451 4210 1508 4221 -

459 4256 682 4321 aditure]
724 4256 813 4304 «Si
849 4269 984 4319 opus
1020 4256 1201 4317 fuerit,
1247 4257 1408 4306 etiam
1442 4256 1511 4306 ad

631 4348 816 4394 HonAr.
854 4360 965 4393 vol..
1003 4334 1045 4392 lJ
1098 4361 1176 4393 nn.
1211 4360 1366 4394 usion
1400 4347 1473 4393 ΙΙΙ.

1580 1732 1848 1779 extremas
1882 1741 1946 1779 ac
1980 1724 2066 1778 vel
2100 1728 2330 1779 maxime
2365 1726 2504 1778 feras
2540 1737 2629 1777 re-

1579 1806 1763 1867 giones
1787 1806 1843 1853 tu
1866 1816 1954 1853 me
1985 1803 2340 1861 comitabere;
2381 1806 2523 1853 tanta
2548 1805 2631 1853 est

1580 1882 1669 1927 tua
1705 1878 1758 1927 in
1792 1888 1880 1927 me
1917 1878 2198 1927 amicitia.»
2277 1876 2629 1927 Proverbium

1579 1954 1720 2002 erat:
1781 1947 1848 2001 τὸ
1908 1950 2170 2002 ἐπέκεινα
2224 1949 2509 2021 Γαδείρων
2558 1944 2629 2001 οὗ

1581 2027 1876 2096 περατέον.
1916 2028 2132 2088 Gregor.
2159 2027 2283 2075 Naz.
2311 2028 2398 2076 Or.
2426 2025 2508 2086 43,
2546 2026 2628 2076 24.

1576 2097 1646 2151 τὸ
1695 2100 1840 2170 πέρα
1896 2098 2179 2171 Γαδείρων
2233 2094 2303 2150 οὔ
2364 2097 2630 2171 περατόν.

1579 2176 1854 2226 Choricius
1907 2176 2026 2225 Maii
2071 2174 2245 2240 Spicil.
2297 2175 2357 2224 V.
2395 2189 2450 2239 p.
2489 2175 2626 2235 456„

1578 2250 1801 2300 ductum
1836 2263 1899 2299 ex
1936 2248 2084 2299 Pind.
2112 2251 2263 2299 Nem.
2299 2248 2357 2309 t,
2401 2249 2489 2298 69:
2527 2249 2637 2299 Pa-

1579 2322 1780 2395 δειρων
1830 2319 1897 2373 τὸ
1942 2318 2085 2393 πρὸς
2127 2319 2313 2386 ζόφον
2347 2315 2417 2373 οὗ
2454 2336 2632 2394 περα-

1578 2395 1700 2448 τόν.
1737 2399 1947 2448 Dictum
1971 2411 2101 2447 sane
2121 2401 2203 2447 est
2226 2395 2421 2447 eodem
2445 2400 2628 2459 mod0‚

1580 2488 1689 2538 quo
1715 2473 1954 2536 Propert.
1990 2471 2037 2533 l,
2065 2470 2114 2532 6,
2140 2470 2197 2521 3:
2241 2471 2388 2532 Tulle,
2423 2500 2478 2508 -
2506 2473 2631 2523 Cum

1580 2561 1680 2609 quo
1697 2547 1938 2608 Rhipaeos
1945 2547 2136 2608 possim
2151 2547 2474 2596 conscendere
2492 2561 2633 2597 niora-

1580 2628 1679 2681 tes,·
1744 2635 1845 2670 nec
1907 2633 2036 2670 vero
2106 2633 2231 2669 cum
2304 2620 2635 2672 Scholasticis

1583 2693 1847 2746 nonnullis
1883 2695 2024 2744 serio
2049 2693 2418 2756 accipiendum
2443 2694 2510 2744 de
2536 2710 2635 2745 ne-

1582 2771 1693 2821 scio
1729 2782 1837 2832 quo
1873 2767 2069 2819 Horatii
2106 2770 2160 2816 et
2182 2768 2419 2830 Septimii
2442 2768 2635 2833 despe-

1584 2847 1698 2895 rato
1750 2846 1910 2906 atque
1962 2843 2147 2892 insano
2193 2841 2413 2892 consilio
2461 2844 2635 2894 Gades

1580 2916 1957 2984 proficiscendi
1990 2915 2074 2965 vel
2111 2916 2271 2966 etiam
2305 2916 2447 2980 apud
2487 2917 2638 2968 indo·

1582 2993 1740 3042 mitos
1808 2990 2103 3042 Cantabros
2161 2991 2423 3053 refugium
2472 3005 2640 3055 quae-

1582 3067 1754 3116 rendi.

1649 3143 1699 3192 2.
1739 3140 2005 3202 Cantabri,
2045 3140 2240 3204 quibus
2275 3141 2493 3192 Romani
2529 3143 2635 3192 iam

1585 3230 1634 3266 a.
1673 3230 1726 3266 u.
1777 3217 1890 3266 725.
1939 3214 2141 3266 bellum
2186 3216 2493 3278 intulerant,
2547 3231 2637 3266 re-

1583 3289 1755 3342 belles
1790 3290 1937 3352 facti,
1976 3290 2043 3339 ab
2079 3291 2315 3353 Augusto
2351 3305 2399 3340 a.
2427 3293 2542 3341 729.
2583 3295 2637 3341 et

1584 3368 1780 3416 iterum
1813 3378 1862 3414 a.
1899 3365 2013 3415 730.
2059 3366 2213 3426 victi,
2265 3366 2319 3416 in
2369 3365 2476 3415 fide
2527 3378 2636 3414 non

1584 3443 2011 3505 permanserant,
2024 3440 2372 3502 sedpertinax
2386 3452 2573 3489 eorum
2582 3440 2640 3488 in

1581 3514 1866 3565 rebellando
1876 3515 1976 3577 fuit
1987 3515 2201 3563 animus.
2229 3512 2363 3562 Flor.
2380 3510 2430 3572 t,
2455 3512 2534 3572 ⁴2,
2552 3511 2632 3562 47.

1584 3589 1790 3638 Devicti
1826 3587 2046 3638 demum
2083 3590 2206 3638 sunt
2239 3599 2270 3635 a
2304 3587 2372 3637 M.
2405 3586 2636 3649 Agrippa

1585 3677 1634 3712 a.
1695 3663 1842 3720 735.;
1904 3663 2059 3725 igitur
2123 3663 2298 3724 iuqmn
2355 3661 2636 3710 Romanam

1585 3738 1725 3788 ferre
1761 3737 2000 3787 nondum
2024 3736 2342 3794 didicerant,
2382 3747 2506 3785 cum
2530 3735 2634 3785 hoc

1584 3826 1804 3863 carmen
1822 3811 2124 3875 composuit
2143 3810 2317 3872 poeta.
2347 3809 2452 3859 Cir.
2474 3810 2634 3860 etiam

1585 3886 1681 3936 Od.
1704 3887 1762 3947 3,
1799 3887 1858 3946 8,
1885 3887 1980 3935 221
2018 3883 2266 3934 Cantaber
2285 3896 2399 3932 sera
2422 3884 2637 3934 domitas

1582 3966 1780 4010 catena.
1841 3959 1936 4009 Od.
1984 3957 2039 4018 4,
2095 3956 2182 4018 ⁴4,
2237 3956 2327 4007 4⁴:
2388 3958 2638 4009 Cantaber·

1582 4049 1685 4084 non
1717 4039 1835 4083 anto
1875 4031 2152 4082 amabilis.
2223 4032 2401 4082 lustin.
2439 4031 2529 4096 44,
2567 4036 2627 4083 δε

1583 4110 1687 4158 Nec
1707 4109 1856 4170 prius
1869 4107 2155 4169 perdomita
2168 4107 2438 4168 provincia
2457 4108 2633 4171 imaum

1583 4183 1797 4244 Hispani
1851 4181 2076 4243 accipere
2122 4185 2425 4243 potuerunt,
2477 4194 2632 4242 quam

1586 4258 1776 4308 Caesar
1806 4255 2056 4318 Augustus
2086 4256 2370 4317 perdomito
2403 4254 2521 4304 orbe
2552 4256 2633 4303 vi-

2177 4349 2231 4393 ⁴6
