3234 4975
1186 409 1302 459 un.
1342 411 1401 459 ιι.
1475 411 1531 459 c.
1570 410 1698 459 vui.
2482 409 2605 473 255

777 565 964 631 Ridet
1017 565 1171 639 boc,
1220 565 1512 653 inquam,
1561 567 1776 631 Venus
1821 566 1994 651 ipsa,
2044 565 2253 631 rident

769 685 1106 773 Simplices
1160 686 1518 775 Nymphae,
1565 685 1740 752 ferus
1789 696 1855 751 et
1899 684 2149 773 Cupido

773 808 1044 894 Semper
1087 806 1388 873 ardentes
1433 828 1677 873 acuens
1731 808 1992 895 sagittas

1026 929 1182 995 Cote
1231 938 1516 994 cruenta.

771 1084 981 1161 Adde,
1032 1085 1211 1173 quod
1256 1085 1465 1173 pubes
1515 1085 1627 1152 tibi
1673 1088 1906 1153 crescit
1948 1089 2184 1165 omnis,

769 1207 1058 1272 Servitus
1103 1207 1337 1272 crescit
1380 1227 1585 1283 nova,
1633 1228 1756 1273 nec
1801 1209 2053 1295 priores

768 1330 1007 1416 lmpiae
1052 1339 1291 1397 tectum
1335 1328 1635 1397 dominae
1663 1324 2053 1417 ‘relinquunt

1019 1452 1230 1537 Saepe
1276 1451 1512 1522 minati.
2517 1457 2599 1518 20

563 1639 639 1686 45.
667 1639 889 1687 amentis
910 1638 1036 1688 BSc.

428 1818 523 1854 nus
552 1806 665 1867 ipsa
692 1805 893 1867 favebit.
961 1806 1100 1868 Virg.
1129 1808 1221 1855 Ge.
1250 1808 1305 1861 4,
1345 1807 1432 1856 4Ξ4
1458 1822 1468 1855 :

426 1880 575 1928 Pater
604 1880 710 1941 ipse
741 1881 930 1929 colendi
961 1881 1112 1930 Haud
1140 1881 1341 1944 facilem
1374 1894 1475 1930 esse

426 1954 563 2003 viam
594 1954 765 2003 voluit.
802 1954 987 2005 Tibull.
1026 1957 1073 2016 4,
1112 1955 1170 2015 4,
1206 1957 1296 2005 23ε
1336 1957 1474 2006 Gra-

427 2030 502 2077 tia
548 2042 740 2093 magna
786 2030 922 2079 Iovi:
975 2031 1130 2080 vetuit
1173 2036 1323 2092 pater
1372 2033 1476 2093 ipse

426 2102 619 2163 valere,
654 2104 873 2153 Iurasset
904 2107 1082 2167 cupide
1102 2106 1344 2168 quidquid
1363 2107 1473 2155 ine-

420 2182 539 2238 ptus
561 2191 736 2236 aunon·
763 2177 853 2228 ubi
876 2179 1068 2229 eadem
1089 2181 1351 2229 sententia
1370 2183 1469 2241 est,

428 2263 589 2313 quam
613 2253 873 2315 expressit
897 2254 1160 2303 Horatius.
1199 2255 1283 2303 Sic
1306 2256 1474 2304 Pseu-

427 2323 662 2375 dotibull.
710 2325 768 2383 3,
823 2326 880 2385 6,
934 2326 1027 2377 49ε
1074 2329 1310 2389 periuria
1346 2329 1475 2377 ridet

426 2405 687 2448 mantum
739 2401 963 2462 luppiter
1012 2407 1059 2450 et
1104 2407 1274 2451 ventos
1320 2403 1475 2451 irrita

424 2474 557 2536 fem-e
590 2474 733 2524 iubet.
773 2476 879 2525 Sed
912 2476 1020 2527 iam
1045 2476 1304 2527 Hesiodus
1328 2476 1472 2541 apud

427 2548 598 2598 Schol.
620 2548 747 2599 Plat.
768 2550 837 2599 ad
860 2552 1044 2614 Symp.
1065 2564 1117 2614 p.
1138 2550 1220 2602 45.
1242 2552 1469 2602 Ruhnk.:

425 2615 523 2671 Ἕκ
556 2606 717 2673 τοῦδ’
737 2615 934 2710 ὅρκον
979 2620 1189 2690 ἔθηκεν
1244 2619 1472 2675 cinom-

424 2712 540 2761 μον
557 2692 919 2785 ἀνθρώποισι
934 2699 991 2748 N
988 2694 1321 2760 οσφιδίων
1292 2715 1471 2770 εργων

427 2772 551 2840 περὶ
570 2769 856 2843 Κύπριδος
876 2769 1309 2842 [Ἀφροδισίων],
1325 2774 1471 2836 quod

424 2858 475 2893 v
515 2858 579 2894 ex
626 2846 785 2908 gloss.
824 2847 1066 2897 additum
1107 2851 1207 2898 est.
1266 2847 1468 2898 Gallim.

428 2919 522 2981 Ep.
547 2920 636 2979 26,
675 2920 734 2969 3:
774 2914 1054 2986 ο’.Ωμοσεν-
1090 2916 1239 2971 αλλὰ
1271 2920 1472 2988 λέγου-

427 3007 521 3044 σιν
565 2987 812 3060 ἀληθέα,
864 2991 1003 3058 τοὺς
1044 2995 1106 3045 ἐν
1148 2989 1312 3066 ἔρωτι
1342 2989 1472 3081 Ὅρ-

426 3085 567 3131 κους
614 3064 699 3134 μὴ
755 3067 944 3120 δύνειν
989 3063 1146 3120 οῧατ
1191 3072 1272 3132 εἰς
1322 3064 1473 3120 ἀθα-

426 3141 631 3195 νάτων.
679 3146 982 3195 Phurnutus
1016 3147 1075 3194 N.
1103 3145 1165 3194 D
1193 3145 1287 3195 24ε
1325 3139 1471 3196 ἀκύ-

423 3234 563 3289 ρους
584 3216 675 3279 δέ,
709 3212 816 3269 οὒκ
839 3213 1271 3284 §penetremus-²*
1241 3234 1472 3281 εφασαν

425 3291 563 3357 τοὺς
594 3288 980 3364 ἀφροδισίους
1015 3287 1227 3366 ὅρκους
1261 3291 1425 3346 εἶναι.

492 3368 571 3419 44.
610 3368 882 3433 Simplices]
937 3368 1042 3418 «ab
1093 3370 1238 3419 omui
1284 3370 1469 3421 fraude

424 3443 659 3505 alienae,
719 3444 1175 3507 einfaltsvoll»
1190 3481 1209 3504 ,
1273 3446 1469 3509 quippe

425 3530 564 3580 quae
581 3518 747 3568 colant
768 3532 941 3568 amnes
955 3519 1161 3580 solaque
1182 3531 1315 3567 rura
1331 3520 1467 3569 deae.

424 3591 571 3642 ovid.
610 3594 746 3643 Fast.
787 3594 842 3653 4,
881 3593 995 3643 398.
1046 3593 1325 3655 Nymphae
1372 3607 1472 3643 au-

425 3668 562 3726 tem,
615 3668 676 3715 ut
707 3679 903 3729 saepe,
954 3667 1179 3717 Veneris
1226 3668 1467 3718 comites.

430 3766 483 3775 —
530 3739 683 3804 ferus]
730 3741 965 3790 Venusto
1012 3739 1280 3803 Meleager
1310 3743 1475 3802 Anth„

424 3811 532 3862 Pal.
567 3814 607 3862 Ι.
645 3826 698 3877 p.
732 3814 844 3865 434.
881 3810 1261 3886 βροτολοιγὸν
1294 3815 1474 3880 appel-

422 3884 497 3936 lat
531 3888 863 3949 Cupidinem.

492 3961 570 4009 45.
620 3974 802 4010 acuens
844 3963 1073 4026 sagittas]
1119 3964 1293 4026 imago
1339 3965 1396 4013 et
1438 3976 1467 4013 a

422 4033 595 4096 poetis
631 4038 685 4084 et
729 4034 797 4083 ab
833 4035 1127 4086 artificibus
1162 4049 1327 4100 saepe
1374 4050 1470 4086 ex—

421 4119 627 4170 pressa.
667 4107 1010 4160 Philodemus
1035 4112 1086 4161 in
1109 4109 1319 4160 Anthol.
1357 4109 1464 4160 Pal.

423 4180 462 4228 1.
490 4194 541 4244 p.
572 4183 692 4232 ⁴48:
726 4176 861 4232 Ἀλλ’
894 4177 1007 4250 ἤδη
1031 4180 1149 4233 θοὰ
1181 4181 1325 4248 τόξα
1346 4186 1469 4235 νέοι

422 4250 706 4322 θήγουσιν
714 4250 977 4328 Ἔρωτες.
1004 4257 1264 4308 Poliziano
1278 4261 1466 4309 Stanze

1550 1808 1606 1867 4,
1647 1806 1737 1856 73:
1776 1806 1954 1870 israti
1987 1807 2599 1869 diCupido--Conaue

1545 1883 1658 1931 voci
1706 1895 1733 1931 e
1783 1882 2102 1944 fanciullesco
2153 1885 2302 1946 arido
2355 1885 2598 1948 Ayuzzan

1548 1955 1627 2005 lor
1657 1961 1809 2005 saette
1841 1957 1910 2005 ad
1941 1970 2047 2005 una
2069 1962 2198 2005 cota.
2235 1985 2288 1994 -—
2315 1958 2392 2008 Ad
2429 1972 2478 2007 v.
2506 1973 2600 2008 ar-

1549 2031 1715 2079 dentes
1755 2030 1852 2080 cfr.
1901 2032 2023 2080 Tac
2061 2033 2194 2080 Αιιιι.
2234 2032 2324 2093 45,
2360 2032 2451 2082 54ε
2494 2047 2598 2095 pu-

1545 2105 1781 2166 ,cfionem-
1793 2110 2069 2155 -vetustate
2106 2105 2332 2155 obtusum
2367 2110 2600 2169 asperari

1547 2191 1676 2227 scuto
1726 2183 1772 2227 et
1820 2180 1873 2226 in
1921 2192 2209 2229 mucronem
2264 2181 2600 2230 ardescere

1546 2252 1704 2301 iussit.
1758 2254 1940 2302 Amori
1964 2256 2249 2324 πυρίπνοοι
2270 2250 2414 2317 τόξα
2437 2256 2592 2306 Anth.

1550 2325 1656 2376 Pal.
1695 2327 1733 2375 1.
1773 2340 1824 2389 p.
1866 2325 1977 2377 434.

1616 2401 1695 2450 46.
1721 2402 1946 2465 crima]
1971 2405 2191 2465 propter
2210 2401 2430 2451 volnera
2450 2417 2598 2454 amo-

1548 2475 1648 2534 ris3
1707 2475 1761 2524 id
1816 2475 1962 2539 quod
2012 2476 2228 2540 proprie
2281 2478 2595 2540 sagittarum

1549 2553 1657 2612 est,
1697 2549 1881 2600 tribuit
1912 2551 2017 2600 coti
2053 2564 2146 2600 eas
2171 2553 2407 2612 amenti,
2448 2555 2502 2602 et
2525 2553 2595 2602 ab

1548 2625 1760 2674 Amoris
1781 2621 2239 2694 αἱματοφύρτοις
2260 2623 2454 2684 βέλεσι
2476 2628 2598 2688 (Me-

1545 2697 1728 2760 leager
1781 2699 1956 2762 Epigr.
2016 2698 2105 2757 50,
2166 2698 2214 2747 8.
2264 2699 2315 2747 in
2349 2700 2595 2750 Brunckii

1546 2770 1697 2823 Anal.
1736 2773 1772 2820 1.
1810 2785 1862 2835 p.
1904 2771 2014 2833 46.)
2063 2772 2215 2834 quasi
2264 2776 2592 2824 cruentatae.

1549 2847 1655 2896 Cfr.
1693 2843 2099 2896 Winckelmann
2133 2846 2266 2910 Opp.
2297 2848 2337 2896 Ι.
2363 2860 2482 2911 pag.
2511 2850 2591 2898 74.

1546 2922 1655 2971 vn.
1691 2934 1812 2985 pag.
1850 2920 1965 2971 499.

1616 2996 1695 3045 47.
1743 2995 1899 3057 pubes
1948 2994 2036 3044 tibi·
2084 2994 2286 3059 crescit]
2346 2995 2594 3046 «Idcirco

1547 3069 1917 3120 tantummodo
1964 3070 2210 3119 iuventus
2245 3082 2593 3120 succrescere

1548 3144 1784 3205 videtur,
1823 3148 1881 3194 ut
1903 3144 1995 3194 tibi
2019 3146 2109 3194 uni
2134 3146 2362 3195 serviat:
2380 3164 2405 3190 n
2432 3159 2593 3210 quam

1548 3221 1868 3269 sententiam
1903 3220 1958 3269 in
1982 3219 2089 3269 duo
2112 3219 2359 3270 membra
2384 3217 2596 3291 παράλ-

1546 3291 1696 3359 ληλα
1728 3294 1937 3356 dividit,
1976 3307 2083 3358 quo
2115 3294 2312 3344 diutius
2336 3296 2388 3345 in
2413 3310 2476 3345 ea
2500 3297 2598 3346 im-

1548 3381 1845 3418 moremur.

1613 3443 1693 3492 48.
1746 3442 1987 3506 Servitus]
2043 3443 2334 3493 «catervae
2385 3445 2594 3492 amato-

1545 3530 1670 3566 rum
1702 3529 1920 3580 semper
1953 3529 2218 3567 novorum
2260 3519 2311 3565 te
2359 3517 2595 3564 circum-

1547 3591 1765 3651 sistunt,
1804 3604 1908 3640 nec
1941 3591 2180 3653 priores,
2225 3602 2362 3652 quos
2396 3589 2593 3639 misere

1547 3664 1834 3727 decepisti,
1863 3666 1914 3713 te
1938 3665 2161 3714 missam
2185 3663 2433 3712 faciunt.»
2460 3661 2598 3724 (Ser-

1542 3740 1675 3788 vitus
1721 3741 1806 3790 est
1845 3739 1999 3801 quasi
2042 3737 2303 3800 appositio
2336 3749 2387 3783 v.
2422 3735 2590 3796 pubes.

1549 3811 1784 3874 «Pubes,
1830 3825 1968 3875 quae
2005 3811 2100 3861 tibi
2135 3812 2358 3871 crescit,
2402 3810 2594 3862 eadem

1548 3886 1641 3937 tibi
1678 3890 1761 3937 est
1792 3887 2023 3937 servitus
2059 3883 2266 3945 novam)

1609 3963 1693 4011 ΞΟ.
1731 3961 1813 4010 2⁴.
1849 3960 2046 4023 minati]
2082 3957 2268 4008 Tibull.
2294 3961 2356 4021 2,
2394 3962 2453 4021 6,
2495 3960 2585 4009 43;

1541 4037 1717 4085 Iuram*
1755 4034 1978 4096 quotiens
2006 4033 2287 4082 rediturum
2318 4035 2387 4083 ad
2417 4034 2595 4084 limina

1543 4111 1833 4171 nunquam!
1902 4107 2026 4157 Cum
2087 4107 2205 4158 bene
2252 4109 2450 4169 iuravi,
2508 4122 2595 4169 pes

1545 4189 1712 4234 tamon
1743 4184 1847 4245 ipse
1877 4182 2023 4231 redit.
2065 4210 2120 4218 —
2150 4183 2382 4247 iuvencis]
2419 4183 2591 4246 poetis

1544 4258 1741 4308 Latinis
1765 4257 2050 4307 honestum
2074 4270 2269 4308 nomen
2293 4260 2347 4307 et
2369 4256 2435 4305 de
2459 4256 2596 4306 ado-
