3234 4975
655 358 777 425 ⁴38

1423 360 1679 410 flonA‘ru
1715 360 2051 412 CARMINUM

989 519 1078 582 Tu
1123 515 1357 582 frustra
1399 515 1546 603 pius
1589 514 1718 582 heu
1762 536 1889 582 non
1934 517 2019 581 ita
2063 481 2377 582 creditum

1072 638 1295 704 Poscis
1337 637 1754 718 Quinctilium
1798 638 1978 704 deos,

991 795 1239 876 Quodsi
1283 794 1574 863 Threicio
1617 794 1916 862 blandius
1960 795 2223 884 Orpheo

988 916 1285 984 Auditam
1329 916 1670 984 moderere
1715 916 2056 983 arboribus
2097 916 2322 995 fidem,

785 1172 863 1222 43.
921 1173 1052 1235 Quid
1086 1173 1130 1221 si
1160 1170 1375 1232 Bb‘rcd,
1422 1183 1560 1222 corr.
1599 1171 1660 1231 S,
1707 1167 1795 1237 (γᾶ
1828 1184 1914 1236 ap.
1953 1172 2165 1223 Kirchn.
2204 1173 2333 1223 Nov.
2373 1175 2434 1233 Q.
2471 1174 2535 1225 Η.
2573 1188 2624 1238 p.
2665 1175 2745 1224 36.

718 1246 822 1308 56.)
874 1247 1104 1297 Pottierii
1152 1257 1362 1305 omnes,
1414 1244 1598 1299 Lamb.
1657 1245 1735 1308 (Ut
1784 1257 1908 1305 nos,

719 1320 799 1371 ⁴4.
834 1321 1099 1371 moderare
1128 1321 1187 1369 B.
1230 1347 1285 1356 —
1323 1320 1402 1369 ⁴5.
1439 1321 1575 1370 Num
1603 1319 1872 1381 BbSTc,L.

1964 1246 2180 1310 Cruquii
2219 1248 2398 1309 Mart.,
2450 1246 2651 1311 Aldus.)
2694 1276 2745 1284 -

1946 1321 2024 1383 (Ut
2058 1334 2174 1381 nos,
2211 1320 2412 1385 Aldus.)

655 1545 760 1594 sic:
799 1544 947 1593 «Non
981 1543 1124 1592 enim
1146 1543 1218 1592 ita
1241 1541 1334 1592 tibi
1358 1541 1593 1592 creditus
1619 1545 1704 1593 est
1774 1543 1935 1594 etiam
1968 1541 2258 1594 crudeliter
2288 1543 2500 1607 Virgilio
2522 1543 2812 1596 illudentis:

656 1618 964 1679 Quinctilius
999 1631 1027 1667 a
1064 1617 1163 1667 diis
1197 1615 1604 1677 immortalibus,
1642 1619 1702 1665 ut
1775 1618 1948 1679 «Heus
2004 1617 2175 1677 bone,
2234 1617 2387 1682 pulsa
2436 1618 2598 1669 modo
2642 1618 2816 1682 lyram

653 1692 754 1743 sibi
790 1706 913 1743 eum
948 1704 1223 1756 nunquam
1256 1690 1354 1741 abs
1377 1693 1430 1740 te
1454 1694 1699 1755 repetere

652 1767 890 1819 liceret.»
958 1765 1111 1817 Hand
1153 1767 1301 1815 Turs.
1347 1766 1433 1815 111.
1482 1778 1536 1828 p.
1573 1764 1696 1815 483:

656 1845 811 1892 «Non
846 1854 968 1891 raro
987 1879 999 1901 ‚
1041 1841 1358 1905 praesertim
1392 1839 1535 1904 apud
1567 1845 1702 1904 poe-

654 1919 753 1977 tas,
791 1915 863 1975 id,
900 1915 970 1965 ad
1002 1915 1148 1980 quod
1182 1917 1257 1965 ita
1288 1914 1478 1966 referri
1516 1913 1697 1975 debet,

654 2005 716 2041 ex
754 1991 1014 2042 sententia
1048 1989 1223 2054 aliqua
1246 2002 1537 2054 suppressa
1560 1987 1706 2039 colli-

656 2067 812 2128 gitur,
838 2078 942 2116 nec
963 2067 1140 2129 potest
1160 2063 1475 2128 ambiguitas
1497 2063 1699 2128 ubique

655 2141 868 2189 vitari.»
936 2139 1140 2190 Deinde
1173 2139 1228 2188 h.
1265 2137 1299 2190 l.
1338 2139 1410 2188 ita
1444 2138 1697 2203 explicat:

657 2214 902 2263 «Frustra
935 2215 1010 2273 tu,
1047 2214 1137 2277 qui
1159 2213 1279 2277 pius
1301 2213 1496 2274 meras,
1535 2213 1702 2273 Quin-

656 2287 859 2339 ctilium
891 2289 1073 2352 poscis
1115 2301 1147 2337 a
1180 2288 1306 2349 diis,
1353 2287 1548 2352 quibus
1593 2301 1701 2339 non

654 2364 758 2424 ita,
795 2362 851 2412 id
886 2364 995 2423 est,
1033 2376 1096 2413 ea
1131 2363 1444 2414 condicione
1468 2360 1700 2413 credidi-

655 2439 722 2489 sti
756 2439 1008 2501 amicum,
1045 2442 1104 2489 ut
1141 2438 1242 2490 sibi
1277 2441 1448 2490 totum
1482 2449 1701 2501 arroga-

654 2514 825 2564 rent.»
888 2512 1010 2574 (Cir.
1048 2514 1208 2564 etiam
1241 2513 1612 2577 Dillenburger
1644 2527 1697 2577 p.

654 2588 757 2650 73.)
807 2587 870 2638 Η.
907 2586 1248 2653 Peerlkamp:
1289 2588 1551 2641 «Putabat
1581 2590 1703 2638 Vir-

656 2661 807 2725 gilius
841 2676 948 2713 non
982 2663 1053 2713 ita
1086 2663 1188 2714 sibi
1222 2678 1254 2714 a
1287 2665 1370 2715 dis
1393 2665 1556 2715 fuisse
1579 2678 1702 2716 cre-

656 2737 826 2788 ditum
848 2738 1207 2800 Quinctilium,
1234 2743 1293 2789 ut
1314 2742 1422 2790 tam
1444 2740 1551 2791 cito
1575 2753 1702 2791 eum

655 2814 1062 2876 reposcerent.»
1131 2814 1235 2863 Sed
1270 2813 1487 2865 obstant
1528 2817 1704 2866 mani-

657 2887 792 2938 festo
824 2900 909 2937 vv.
944 2888 1141 2950 frustra
1162 2890 1297 2949 pius.
1339 2916 1393 2926 -·
1430 2891 1702 2941 Hactenus

657 2961 828 3011 effuso
861 2960 1024 3011 luctui
1064 2962 1301 3026 indulget
1337 2966 1528 3029 poeta3
1574 2977 1703 3015 sen·

657 3036 758 3085 sim
806 3035 1078 3098 Virgilium
1129 3035 1393 3088 consolari
1440 3039 1624 3103 incipit
1671 3053 1702 3088 a

656 3110 981 3160 necessitate
1032 3110 1239 3161 fortiter
1287 3112 1521 3164 serenda.
1591 3115 1704 3164 Nec

656 3196 785 3233 vero
839 3185 1020 3234 Musae
1076 3188 1352 3249 sequentia
1419 3188 1703 3240 tribuenda

658 3271 783 3308 cum
816 3258 1024 3320 Sigonio
1056 3259 1317 3311 Emendd.
1353 3263 1402 3314 2.
1436 3264 1567 3314 extr.

725 3333 903 3383 43-45.
944 3334 1144 3399 Quodsi]
1178 3335 1312 3386 Vide
1336 3337 1406 3387 ad
1428 3338 1523 3387 Od.
1563 3339 1610 3400 4,
1650 3339 1698 3400 4,

656 3408 737 3458 35.
818 3408 947 3468 Quia
1001 3409 1176 3471 quodsi
1221 3411 1276 3460 in
1324 3408 1492 3474 lyrico
1541 3414 1701 3476 poeta

656 3481 918 3534 nonnullis
991 3483 1321 3536 intolerabile
1397 3486 1697 3549 videbatur,

654 3557 1024 3623 praetulerunt
1055 3560 1202 3622 Quid,
1237 3561 1297 3611 si.
1350 3561 1551 3612 Verum
1573 3526 1700 3613 illud

655 3649 687 3685 a
722 3633 889 3685 Codd.
936 3634 1066 3685 satis
1110 3634 1378 3687 firmatum
1418 3639 1700 3700 praeterea

655 3708 1068 3760 commendatur
1097 3711 1216 3774 ipso
1250 3723 1382 3762 sono
1405 3714 1612 3763 maesto
1637 3726 1700 3763 ac

653 3782 866 3846 lugubri
897 3785 1299 3836 vehementiore
1321 3784 1427 3849 illo,
1466 3790 1520 3838 et
1540 3788 1700 3838 unice

656 3861 865 3908 rectum
921 3860 1029 3918 est;
1089 3873 1215 3911 nam
1270 3861 1425 3923 Quid,
1493 3862 1538 3911 si
1592 3862 1697 3912 eet.

657 3935 804 3983 esset
836 3934 1141 3985 excitantis:
1191 3936 1369 3996 «Quin
1403 3934 1584 4000 pulsas
1616 3934 1704 3998 ly-

656 4008 853 4057 ram‘t»
906 4010 1031 4071 post
1071 4022 1231 4073 quam
1275 4009 1702 4061 adhortationem

657 4084 1032 4145 exspectares:
1075 4084 1359 4136 «Fortasse
1394 4086 1567 4137 amico
1595 4085 1703 4135 vita

656 4155 915 4219 redibit»,
953 4159 1261 4221 neutiquam
1291 4172 1445 4210 vero:
1481 4162 1595 4210 Non
1613 4172 1706 4208 va-

657 4245 755 4282 nae
787 4233 889 4281 cet.
961 4232 1123 4295 Quid,
1170 4233 1316 4297 quod
1360 4246 1482 4285 esse
1518 4237 1706 4299 posset

1771 1693 1919 1742 tuam
1937 1692 2246 1755 Orphieaml
2284 1694 2400 1742 Non
2423 1695 2603 1743 tamen
2624 1693 2817 1744 redibit

1772 1767 2046 1825 amicusn;
2084 1767 2139 1817 id
2173 1767 2318 1831 quod
2340 1767 2636 1818 absurdum
2660 1768 2811 1819 foret.

1776 1866 1833 1878 --
1869 1841 2098 1891 blandius
2130 1842 2338 1907 Orpheo]
2374 1842 2521 1893 ovid.
2558 1844 2619 1892 A.
2656 1844 2716 1892 A.
2754 1842 2812 1902 3,

1771 1916 1859 1965 324
1882 1930 1894 1964 :
1939 1917 2087 1966 Saoea
2115 1918 2349 1980 ferasque
2378 1916 2496 1977 lyra
2518 1918 2673 1967 movit
2693 1916 2819 1967 Rho-

1771 1989 1974 2052 dopeius
2009 1991 2248 2053 Orpheus,
2287 1990 2648 2053 Tartareosque
2678 1991 2819 2040 lacus

1771 2066 2199 2129 torqominumque
2240 2078 2430 2115 caneun.
2472 2092 2527 2102 —
2562 2065 2818 2115 moderata·

1771 2139 1824 2188 h.
1862 2137 1896 2190 l.
1936 2144 1993 2190 ut
2026 2140 2121 2191 Od.
2170 2140 2227 2201 4,
2286 2142 2343 2201 3,
2400 2141 2488 2190 ⁴7:
2541 2145 2819 2202 temperare

1771 2216 2030 2276 strepitum
2062 2218 2334 2266 εοεειιάᾶηᾶε.
2381 2243 2437 2251 -
2473 2214 2639 2279 fldem]
2675 2212 2818 2278 apud

1772 2290 1959 2352 poetas
1991 2302 2090 2353 pro
2124 2289 2327 2354 plurali.
2380 2290 2460 2341 Ct'.
2498 2289 2594 2339 Od.
2633 2290 2689 2349 4,
2733 2289 2814 2349 47,

1775 2362 1853 2413 48.
1892 2363 2059 2427 Epod.
2097 2364 2189 2425 43,
2226 2365 2275 2414 9.

1839 2437 1920 2488 45.
1956 2439 2071 2488 Non
2102 2441 2323 2490 -redeat
2354 2439 2574 2505 sanquis]
2616 2437 2809 2489 Aesch.

1771 2515 2081 2576 Agamemn.
2137 2515 2292 2564 ⁴0⁴9:
2356 2510 2437 2565 Τὸ
2485 2511 2533 2563 δ’
2572 2512 2666 2564 ἐπὶ
2707 2508 2816 2578 γᾶν

1773 2579 1929 2652 ἅπαξ
1973 2584 2153 2639 πεσὸν
2198 2586 2531 2653 θανάσιμον
2578 2583 2816 2658 Προποί-

1773 2664 1920 2752 pou?
1958 2656 2169 2735 ἀνδρὸς
2203 2662 2385 2728 μέλαν
2421 2657 2571 2727 αἷμα
2614 2665 2701 2725 τίς
2740 2656 2817 2711 ἄν

1772 2735 1956 2789 Πάλιν
1997 2679 2362 2805 ἆγκαλέσαιτ
2405 2735 2698 2788 ἐπαείδων.
2758 2763 2812 2773 -

1770 2828 1984 2864 vanae-
2005 2814 2234 2877 imwim]
2271 2813 2574 2864 Recordare
2598 2811 2816 2862 Homeri

1773 2885 1990 2939 νεκύων
2032 2886 2239 2938 εἴδωλα
2280 2883 2600 2952 καμόντων.
2671 2886 2812 2948 Virg.

1772 2965 1904 3014 Aen.
1941 2964 1991 3024 6,
2032 2962 2154 3013 293:
2196 2964 2252 3012 ni
2283 2964 2431 3012 docta
2460 2973 2621 3012 omnes
2651 2966 2819 3011 tenues

1771 3041 1876 3088 sine
1906 3051 2115 3100 comere
2143 3039 2275 3087 vitas
2305 3037 2579 3087 Admoneat
2605 3035 2818 3085 volitare

1772 3127 1903 3164 cava
1933 3113 2023 3163 sub
2053 3115 2273 3178 magiae
2301 3114 2511 3176 somnae.

1838 3189 1919 3239 46.
1984 3187 2152 3251 viran
2205 3187 2447 3238 Mercurii
2493 3194 2816 3249 ψυχοπομ-

1774 3258 1908 3312 noti.
1978 3261 2074 3312 Od.
2114 3263 2162 3324 4,
2200 3262 2282 3323 40,
2321 3261 2401 3312 48.
2460 3261 2673 3311 Lucian.
2713 3260 2817 3311 Ca-

1773 3336 1896 3400 tapl.
1935 3336 1993 3386 3:
2041 3334 2288 3402 πλησίον
2308 3328 2486 3397 αὐτὸς
2508 3324 2700 3396 οὗτος,
2737 3327 2816 3395 ὥς

1774 3405 1934 3495 ὁρᾷς,
1971 3407 2221 3473 πολλούς
2252 3425 2411 3473 τινας
2454 3403 2596 3474 ἡμῖν
2639 3401 2814 3475 aym,

1769 3481 1994 3552 μᾶλλον
2041 3483 2137 3547 δὲ,
2189 3500 2410 3574 ωσπερ
2431 3499 2486 3535 τι
2530 3480 2814 3543 αἰπόλιον,

1771 3555 2029 3630 αθρόοος
2076 3552 2293 3622 αὖτοὺς
2340 3557 2411 3632 τῇ
2460 3553 2657 3630 ῥάβδῳ
2712 3572 2817 3608 σο-

1771 3632 1910 3698 βῶν.
1980 3636 2193 3699 Virgam
2225 3635 2367 3686 hanc
2407 3635 2511 3686 Diti
2542 3634 2683 3685 Patri
2714 3633 2818 3697 ipsi

1774 3711 1956 3762 tribuit
2010 3710 2266 3762 Pindarus
2317 3710 2393 3760 Ol.
2446 3710 2495 3770 9,
2548 3709 2643 3760 33·

1768 3780 1950 3848 Ἀΐδας
1970 3779 2270 3874 ἀκινήταν
2274 3779 2376 3844 ἔχε
2395 3705 2817 3909 ῥάβδονζωὶῖοὲι-’ξ3

1772 3876 1876 3912 tea
1939 3857 2175 3927 σώμαθ’
2231 3849 2273 3928 ᾇ
2326 3856 2562 3926 κατάγει

1774 3932 1918 4008 πρὸς
1949 3930 2159 4004 ἀγυιὰν
2192 3929 2594 3986 Θνασκόντων.
2665 3934 2819 3984 Cete-

1774 4026 1895 4063 rum
1929 4012 2017 4063 hic
2052 4023 2285 4076 quoque,
2325 4013 2382 4059 ut
2410 4007 2563 4070 solet,
2589 4003 2817 4073 μύθους

1775 4086 2128 4136 Graecanicos
2187 4096 2407 4148 prorsus
2468 4084 2542 4133 ita
2595 4083 2813 4142 tractat,

1775 4162 1927 4224 quasi
1984 4161 2037 4210 in
2094 4160 2454 4209 Romanorum
2507 4156 2815 4220 religionem

1773 4234 2087 4285 iamdudum
2120 4234 2323 4297 recepti
2358 4234 2563 4292 essent,
2602 4232 2699 4283 etsi
2733 4231 2816 4281 bis
