3234 4975
637 401 674 461 ι2
682 399 761 462 70

1407 402 1661 454 HoRATu
1699 405 2032 456 CARMINUM

976 562 1104 624 Cur
1150 579 1274 623 non
1321 560 1441 623 sub
1488 559 1612 624 alta
1656 560 1757 625 vel
1806 560 2060 647 platano
2107 561 2205 625 vel
2256 560 2373 625 hac

982 680 1137 744 Pinu
1186 680 1468 745 iacentes
1514 680 1609 746 sic
1657 692 1899 747 temere
1945 692 2008 746 et
2054 702 2202 746 rosa

1069 800 1278 867 Canos
1324 798 1572 867 odorati
1620 801 1918 888 capillos,

2742 802 2811 866 iti

1149 924 1315 986 Dum
1362 921 1539 997 licet,
1589 922 1990 1011 Assyriaque
2038 922 2240 987 nardo

978 1083 1278 1146 Potamus
1326 1080 1545 1145 uncti?
1590 1080 1876 1165 Dissipat
1920 1050 2118 1145 Euius

984 1204 1187 1268 Curas
1233 1199 1489 1266 edaces.

1581 1200 1742 1278 Quis
1787 1220 1953 1287 puer
1995 1200 2177 1266 ocius

783 1364 860 1412 43.
897 1361 1103 1410 subacta
1141 1362 1196 1409 T.
1241 1387 1296 1396 -
1337 1362 1415 1410 45.
1462 1361 1675 1409 odorata
1717 1360 1755 1409 T
1791 1364 1845 1409 et
1883 1358 2114 1409 Oberlini
2147 1363 2205 1409 A.
2250 1387 2305 1396 -
2346 1361 2422 1409 46.
2462 1361 2757 1422 Assyrioth

717 1438 773 1488 B.
813 1437 986 1486 Ceteri
1023 1436 1215 1491 nostri,
1254 1436 1412 1483 etiam
1448 1433 1502 1494 d,
1538 1435 1856 1495 Assyriaque.
1902 1462 1953 1469 —
1995 1435 2073 1483 48.
2111 1434 2277 1482 edacis
2312 1435 2365 1482 B.

651 1586 849 1649 optime
894 1584 1219 1648 expresserit
1259 1586 1464 1645 gratam
1510 1584 1586 1633 sie
1622 1583 1699 1631 ia-

651 1661 884 1709 centium
926 1656 1298 1719 negligentiam
1340 1672 1402 1707 ac
1440 1655 1700 1720 tranquil-

651 1734 910 1784 lissimam
945 1735 1200 1795 quietem.

721 1808 799 1859 44.
871 1808 941 1855 sic
990 1805 1198 1868 temere]
1290 1807 1503 1855 Homeri
1573 1804 1699 1854 illud

656 1883 800 1932 Iliad.
836 1879 902 1940 β,
956 1882 1083 1930 420:
1130 1875 1270 1943 μὰψ
1312 1872 1483 1929 οὕτω.
1555 1879 1701 1929 Plato

655 1962 811 2019 Gorg.
850 1956 965 2005 506.
1003 1957 1103 2004 D.
1091 1968 1103 1979 ·
1159 1947 1345 2015 οὕτως
1380 1950 1525 2018 εἰκῆ.
1599 1956 1703 2002 Po-

655 2031 780 2081 litic.
833 2031 947 2078 295.
1001 2032 1099 2078 A.:
1170 2030 1268 2078 καί
1317 2042 1437 2089 πως
1488 2022 1704 2077 οὑτωσὶ

656 2105 1005 2172 παχυτέρως.
1078 2103 1173 2152 Dio
1211 2103 1487 2164 Chrysost.
1529 2104 1607 2152 45.
1647 2115 1699 2164 p

659 2179 772 2230 445.
812 2180 907 2228 R..
961 2170 1070 2227 οὐκ
1120 2176 1181 2227 ἐν
1213 2174 1284 2246 τῇ
1319 2171 1541 2247 ἀγορᾷ,
1602 2171 1705 2226 οὖ-

659 2254 802 2303 τωσὶ
835 2250 897 2301 δὲ
931 2251 1053 2301 κατ’
1087 2253 1293 2301 οἰκίαν.
1365 2254 1602 2302 Donatus
1637 2250 1704 2299 ad

659 2330 780 2378 Ter.
819 2327 981 2376 Andr.
1022 2328 1076 2383 4,
1117 2328 1172 2385 2,
1211 2325 1274 2376 4:
1316 2328 1418 2375 «sic
1451 2325 1708 2389 prolevi-

662 2404 744 2450 ter
794 2404 849 2450 et
898 2399 1257 2463 negligenter,
1317 2399 1462 2464 quod
1520 2399 1705 2448 Graeci

662 2467 849 2537 οὕτως
883 2476 1119 2526 dicunt.»
1191 2476 1298 2525 Cic.
1327 2477 1469 2525 Arat.
1497 2474 1611 2524 230.
1641 2473 1707 2523 de

663 2550 919 2614 planetis:
979 2552 1063 2601 Sic
1111 2551 1306 2600 malunt
1339 2563 1517 2599 errare
1547 2561 1712 2611 vagae

658 2640 752 2687 per
793 2626 965 2674 nubila
1015 2626 1159 2674 caeli.
1230 2625 1379 2675 Idem
1414 2636 1544 2674 usus
1579 2621 1716 2671 obti-

663 2703 755 2750 net
786 2699 929 2763 apud
963 2701 1105 2762 Virg.
1143 2702 1274 2750 Aen.
1315 2701 1370 2760 4,
1409 2697 1540 2748 224:
1591 2699 1715 2758 Iup-

659 2776 790 2836 puer
811 2801 841 2811 -
862 2801 890 2810 -
913 2775 1198 2836 Despiciens
1228 2787 1374 2822 maro
1395 2799 1424 2808 -
1445 2799 1475 2809 -
1496 2773 1566 2821 sic
1596 2784 1716 2819 ver-

663 2849 756 2897 tice
803 2849 929 2897 caeli
979 2849 1220 2898 Constitit.
1290 2848 1347 2906 8,
1387 2845 1516 2895 488:
1576 2844 1716 2893 sanie

661 2922 875 2983 taboque
903 2925 1110 2985 fluctues
1144 2921 1417 2981 Complevu
1449 2920 1502 2966 in
1533 2920 1716 2967 misero

666 2998 820 3059 longa
852 2997 922 3044 sic
953 3001 1113 3044 morte
1145 2995 1387 3054 necabat,
1426 2988 1506 3054 ὦς
1527 2987 1710 3050 ἔτυχε.

669 3072 733 3120 Et
782 3082 1005 3134 prorsus
1056 3070 1114 3117 ut
1167 3068 1446 3128 Horatius,
1514 3068 1715 3116 Seneca

671 3143 876 3207 Hippol.
904 3142 1035 3193 394:
1075 3143 1158 3190 Sic
1191 3146 1372 3191 temere
1392 3142 1557 3191 iactae
1589 3141 1718 3190 colla

664 3219 972 3280 perfundant
1003 3229 1192 3265 comae.

737 3293 818 3341 45.
873 3290 1060 3354 Canos]
1116 3291 1359 3340 Horatius
1412 3292 1527 3340 erat
1559 3303 1721 3350 prae-

669 3379 843 3416 canam.
883 3365 1016 3427 Epp.
1055 3365 1113 3422 4,
1152 3366 1240 3420 20,
1279 3362 1361 3413 24.
1409 3364 1503 3412 Od.
1548 3364 1596 3423 3,
1627 3361 1715 3422 44,

673 3443 753 3491 25.
794 3438 1150 3489 Pseudanacr.
1189 3438 1285 3487 36:
1345 3435 1554 3487 ΙΙολιαὶ
1588 3438 1719 3487 στέ-

670 3529 856 3577 φουσι
903 3510 1105 3600 κάραν-
1181 3508 1296 3574 Δός
1345 3503 1528 3580 ὕδωρ,
1586 3509 1718 3572 βάλ’

674 3587 869 3648 οἶνον,
907 3605 952 3636 ω
988 3592 1109 3637 παῖ.
1168 3615 1223 3624 —-
1282 3587 1502 3650 odorati]
1543 3589 1721 3638 «rosis

675 3664 813 3714 bene
849 3660 1113 3712 olentibus
1149 3662 1421 3716 coronati,
1410 3676 1454 3705 ·»
1492 3674 1619 3711 nam
1653 3661 1720 3710 de

676 3738 795 3788 oleo
830 3751 1052 3788 rosaceo
1097 3750 1222 3786 eum
1255 3735 1430 3785 Schol.
1469 3734 1722 3799 explicari

675 3826 782 3863 non
816 3815 1025 3874 potest,
1080 3824 1204 3860 cum
1254 3812 1512 3873 sequatur
1561 3811 1724 3859 nardo

674 3885 827 3934 uncti.
898 3886 1092 3935 Unctos
1117 3883 1334 3946 capillos
1359 3885 1544 3932 contra
1567 3885 1727 3946 signi-

675 3960 800 4007 ficat
833 3957 927 4005 Od.
962 3958 1019 4016 3,
1057 3959 1146 4015 20,
1186 3956 1283 4007 44:
1321 3957 1569 4018 Sparsum
1601 3959 1726 4007 odo-

675 4033 805 4081 ratis
835 4032 1094 4080 humerum
1127 4032 1337 4092 capilli-3.

745 4106 824 4154 46.
861 4104 1068 4166 Λημνία
1100 4118 1198 4168 pro
1237 4106 1490 4154 «advecta
1524 4119 1590 4154 ex
1625 4107 1728 4168 Sy-

678 4181 786 4229 ria»
833 4179 975 4242 apud
1011 4183 1198 4242 poetas
1241 4179 1567 4241 frequenter.
1640 4180 1727 4229 Ti-

679 4252 805 4303 bull.
865 4255 918 4312 4,
973 4253 1028 4310 3,
1090 4253 1152 4301 7:

1773 1581 1960 1632 Achill.
1998 1583 2108 1631 Tat.
2153 1596 2203 1644 p.
2258 1581 2305 1631 3.
2361 1581 2582 1631 Iacobs:
2642 1580 2824 1632 Σιδών

1773 1656 1865 1706 ἐπὶ
1898 1653 2157 1725 θαλάττῃ
2196 1653 2378 1717 πόλις·
2433 1650 2742 1725 Ἀσσυρίων
2780 1652 2813 1721 ἡ

1774 1728 2051 1779 θάλαττα.
2092 1732 2394 1779 Schroeteri
2421 1733 2735 1781 sententiam
2756 1732 2823 1780 de

1774 1819 1862 1854 vv.
1910 1808 2070 1867 Syms
2116 1806 2167 1854 et
2212 1806 2445 1866 Ass-yrias
2486 1806 2591 1854 vid.
2632 1808 2682 1856 in
2724 1808 2826 1856 Ex-

1779 1894 1957 1930 cursu.
1998 1907 2052 1915 —
2087 1881 2165 1928 De
2199 1882 2361 1928 nardo
2386 1880 2560 1928 v.·0d.
2587 1882 2641 1939 2,
2680 1883 2735 1937 7,
2774 1884 2820 1930 8.

1785 1983 1836 1990 —
1864 1954 1993 2004 Cod.
2023 1956 2296 2018 antiquiss.
2324 1956 2380 2004 B.
2408 1993 2419 2013 ,
2458 1958 2516 2004 ut
2538 1955 2717 2004 Altors.
2745 1957 2818 2015 ⁴2„

1778 2029 2032 2078 exhibere
2055 2030 2354 2090 Assyrioque
2376 2030 2665 2079 notandum
2681 2068 2692 2089 ,
2719 2043 2825 2079 non

1779 2104 2148 2166 recipiendum
2184 2104 2342 2153 ducO.
2392 2105 2500 2152 Iam
2525 2106 2667 2153 enim
2692 2108 2827 2153 Acro

1782 2178 2074 2228 notandum
2109 2191 2229 2227 esse
2265 2177 2415 2236 dicit,
2453 2178 2598 2240 quod
2622 2178 2829 2228 semini-

1782 2266 1851 2301 no
1887 2265 2083 2313 genere
2118 2265 2248 2301 usus
2283 2253 2351 2300 sit
2385 2253 2647 2301 Horatius
2719 2253 2823 2303 Cfr.

1783 2328 1931 2376 Ovid.
1960 2329 2018 2375 A.
2046 2330 2106 2375 A.
2133 2326 2189 2385 3,
2228 2325 2351 2376 443:
2390 2328 2831 2388 comm-liquida

1782 2401 2079 2449 nitidissima
2114 2401 2301 2459 nardo,
2339 2398 2429 2448 ubi
2467 2404 2643 2450 tamen
2679 2414 2833 2450 com-

1788 2472 1968 2537 plures
2004 2473 2171 2523 Codd.
2211 2474 2415 2535 liquido,

1854 2551 1933 2597 47.
1991 2549 2173 2611 Euius]
2226 2542 2428 2609 Εὔϊος,
2470 2547 2625 2598 Liber
2659 2553 2827 2613 pater,

1787 2623 1855 2672 ab
1891 2623 2270 2673 acclamatione
2307 2618 2438 2672 εὐοῖ
2466 2615 2625 2672 ccciv.
2680 2624 2829 2672 Ovid.

1788 2701 1848 2747 A.
1886 2700 1947 2746 A.
1988 2699 2042 2755 4,
2081 2697 2209 2746 563:
2264 2711 2391 2758 pars
2441 2698 2661 2746 clamant
2710 2699 2835 2746 Euie

1788 2783 1923 2820 euoe.
1953 2772 2325 2834 (Ecphantides
2342 2773 2391 2820 in
2414 2772 2636 2821 Meinek.
2660 2773 2830 2833 Frgm.

1791 2847 1941 2894 Com.
1980 2845 2107 2894 min.
2146 2859 2198 2908 p.
2238 2847 2300 2894 7:
2339 2840 2477 2895 Εὕιε
2512 2845 2834 2905 κισσοχαΐτ’

1789 2913 1936 2981 ἅναξ
1956 2955 1969 2977 ,
2006 2919 2213 2988 >calpe-3)
2258 2947 2312 2954 —
2355 2921 2412 2968 In
2448 2921 2657 2983 Cypriis
2694 2920 2834 2983 apud

1792 2993 2147 3056 Miillerump.
2173 2996 2255 3054 90,
2285 2995 2332 3043 8.
2360 2996 2550 3043 Nestor
2568 2995 2635 3042 ad
2655 2997 2838 3043 Mene-

1790 3067 1970 3117 laum:
2031 3063 2204 3116 Οῖνόν
2237 3082 2356 3128 τοι,
2394 3067 2672 3124 Μενελαε,
2710 3068 2833 3116 θεοὶ

1794 3143 2047 3205 ποίησαν
2070 3133 2319 3227 ἄριστον
2343 3142 2588 3207 Θνητοῖς
2620 3138 2841 3212 ἀνθρώ-

1794 3230 1989 3264 ποισιν
2049 3209 2449 3266 ἀποσκεδάσαι
2497 3214 2835 3281 μελεδῶνας.

1794 3291 2056 3352 Theognis
2080 3291 2211 3339 883:
2250 3289 2363 3340 Τοῦ
2394 3292 2570 3341 πίνων
2592 3285 2710 3341 ἁτὸ
2731 3292 2840 3355 μὲν

1794 3360 2050 3427 χαλεπὰς
2083 3363 2385 3428 σκεδάσεις
2415 3365 2752 3430 μελεδῶνας.

1862 3441 1941 3488 48,
1990 3440 2151 3489 Caras
2183 3441 2377 3504 edaces]
2415 3442 2509 3491 Od.
2550 3441 2608 3502 4,
2649 3443 2733 3498 48,
2772 3439 2838 3490 41

1794 3514 2056 3562 Mordaces
2077 3539 2106 3550 -
2130 3540 2157 3549 -
2176 3515 2541 3563 sollicitudines,
2623 3514 2838 3563 Hesiod.

1800 3589 1858 3635 Ο.
1900 3592 1955 3636 et
1985 3589 2048 3637 D.
2087 3589 2143 3636 6:
2181 3585 2526 3658 γυιοκόρους
2562 3588 2643 3650 (al.
2681 3603 2841 3653 γυιο-

1795 3656 2033 3730 βάρους)
2065 3659 2404 3725 μελεδῶνας.
2448 3691 2501 3699 -
2546 3664 2666 3723 Quis
2697 3662 2841 3725 puee]

1798 3736 1851 3784 in
1902 3737 2139 3800 pedestri
2190 3750 2268 3786 or.
2368 3738 2533 3795 «Quis
2568 3738 2706 3786 inter
2748 3750 2844 3785 vos

1800 3812 2014 3860 nostrae
2091 3811 2498 3872 compotationis
2576 3811 2845 3860 ministros

1802 3885 2006 3946 primus
2042 3883 2377 3946 refrigerabit
2418 3884 2849 3947 temperabitque⁴

1799 3971 1939 4020 aqua
1981 3971 2045 4007 ex
2082 3960 2459 4022 praetereunte
2495 3960 2611 4007 rivo
2658 3959 2845 4007 hausta

1802 4032 1984 4081 vinum
2022 4036 2264 4082 nostrum
2300 4033 2579 4083 Falernum
2594 4037 2651 4082 ‘fn

1870 4108 1948 4155 49.
1988 4107 2225 4170 meientis]
2264 4110 2443 4157 iuven.
2486 4110 2581 4169 40,
2617 4108 2708 4156 27:
2746 4107 2851 4156 lato

1802 4182 2027 4230 Setinum
2066 4182 2260 4230 ardebit
2304 4184 2358 4230 in
2401 4197 2560 4242 aure,
2616 4181 2684 4230 de
2726 4182 2849 4229 vino

1249 4254 1475 4314 Assyrios
1532 4255 1721 4303 odores.
1762 4267 1767 4286 ·
1803 4256 2125 4304 vehementi.
2176 4256 2353 4319 Eurip.
2382 4255 2491 4305 Alc.
2518 4257 2648 4304 758:
2686 4254 2851 4324 ἐθέρ-
