3234 4975
1177 395 1380 445 LtBER.
1453 397 1648 446 CARM.
1687 397 1791 446 Xll.

2474 395 2586 460 744

591 544 846 611 Inachia
889 543 1160 632 langues
1211 550 1423 615 minus
1468 571 1544 616 ac
1588 572 1727 629 me3

508 664 830 730 Inachiam
876 677 973 732 ter
1016 679 1205 736 nocte
1251 680 1470 756 poteS,
1519 670 1671 735 mihi
1722 657 2110 759 semper-ad
2155 694 2354 739 unum

2516 673 2595 738 ⁴5

596 785 800 852 Mollis
846 808 1030 875 opus.
1119 790 1353 856 Pereat
1395 789 1589 868 male,
1639 811 1807 879 quae
1851 802 1914 858 te

501 905 733 972 Lesbia
777 910 1114 994 quaerenti
1164 920 1419 976 taurum
1460 912 1838 978 monstravit
1879 912 2187 990 inertem,

589 1027 751 1093 Cum
794 1027 947 1093 mihi
997 1030 1169 1096 Cous
1214 1030 1480 1099 adesset
1520 1035 1864 1122 Amyntas,

513 1148 712 1214 Cuius
758 1148 820 1211 in
867 1148 1175 1215 indomito
1221 1153 1616 1218 constantior
1661 1152 1921 1240 inguine
1966 1174 2205 1220 nervus

586 1268 795 1346 Quam
841 1289 1008 1334 nova
1052 1269 1324 1336 collibus
1372 1271 1567 1337 arbor
1612 1271 1920 1340 inhaeret.

2505 1277 2588 1339 20

502 1387 850 1454 Muricibus
895 1390 1104 1477 Tyriis
1149 1393 1414 1458 iteratae
1458 1391 1700 1458 vellera
1743 1392 1929 1459 lanae

591 1509 709 1575 Cui
753 1510 1323 1596 properabantur‘?
1366 1512 1502 1578 Tibi
1546 1534 1781 1601 nempe
1807 1564 1821 1590 ,

498 1631 592 1695 Ne
638 1628 802 1695 foret
846 1629 1154 1717 aequales
1199 1631 1365 1698 inter
1406 1635 1706 1710 conviva,
1754 1634 1957 1723 magis
2005 1655 2202 1722 quem

585 1748 894 1836 Diligeret
935 1749 1167 1817 mulier
1208 1773 1328 1819 sua
1372 1774 1569 1840 quam
1612 1764 1697 1820 te.

549 1969 629 2017 45.
660 1973 839 2030 potens
870 1969 928 2019 T.
959 1996 1013 2005 —
1053 1970 1196 2019 Inter
1223 1982 1277 2017 v.
1314 1968 1396 2017 22.
1435 1969 1491 2017 et
1521 1967 1605 2018 23.
1644 1968 1786 2018 hunc
1822 1970 2045 2020 inseruit
2077 1969 2142 2020 T:
2182 1970 2358 2021 Cetera
2387 1972 2527 2021 mitto

490 2042 641 2103 loqui.
680 2044 799 2093 dous
828 2044 951 2094 haec
981 2044 1192 2106 fortasse
1224 2043 1467 2107 benigna,
1516 2041 1651 2093 infra
1688 2041 1874 2105 (Epod.
1913 2042 2002 2105 43,
2039 2044 2110 2107 7.)
2147 2045 2422 2095 omissum.
2465 2070 2522 2082 —

482 2116 564 2165 23.
604 2117 832 2178 aequales
875 2118 974 2166 BT.

418 2306 579 2359 elice:
618 2320 813 2370 «nquam
845 2308 975 2357 item
1011 2306 1165 2357 foeda
1196 2308 1299 2367 est,
1336 2318 1462 2357 cum

418 2394 503 2431 me
537 2380 845 2443 ohim-gath»
886 2405 939 2416 -
985 2381 1116 2431 νοι-
1138 2380 1276 2444 cwn]
1326 2380 1459 2432 Vide

414 2456 485 2506 ad
502 2454 669 2520 Epod.
690 2455 739 2516 2,
762 2454 842 2505 47.
866 2481 923 2494 -
940 2454 1163 2519 Inachia]
1192 2454 1268 2506 CI.
1290 2455 1457 2520 Epod.

417 2532 469 2580 44
496 2567 508 2590 ,
545 2531 594 2579 6.
624 2557 679 2567 -
705 2529 914 2593 latique-s
929 2529 1112 2593 minus]
1152 2528 1337 2593 «longe
1359 2530 1464 2580 sor·-

417 2605 608 2653 tiorem
644 2605 696 2652 te
741 2601 974 2667 praebes
1019 2603 1073 2653 in
1119 2604 1329 2654 Inachia
1380 2606 1463 2654 ter

416 2677 682 2727 interdum
724 2690 829 2728 una
865 2680 1021 2728 nocte
1059 2676 1459 2739 subagitanda.»

418 2776 471 2786 -
504 2751 662 2815 potes]
698 2751 901 2802 Eadem
935 2751 1038 2801 hac
1060 2752 1333 2801 reticentia
1355 2752 1462 2801 uti-

413 2830 500 2876 tur
522 2823 697 2888 virgil.
725 2823 833 2875 Ecl.
860 2825 890 2874 3
909 2862 921 2885 ,
959 2826 1009 2875 8.
1046 2823 1265 2877 Martial.
1291 2824 1348 2886 3,
1375 2825 1457 2886 33,

413 2901 460 2950 4.
499 2899 724 2950 Τὴθοοικ-
761 2901 820 2961 4,
861 2899 974 2950 405.
1010 2899 1096 2949 ed.
1124 2900 1332 2949 Ameis:
1388 2892 1458 2950 οὗ

414 2971 635 3039 λέγεται
679 2967 787 3023 τὰν
835 2969 1056 3042 Κύπριν
1096 2966 1132 3022 ὁ
1163 2968 1460 3034 menolog,-

414 3049 538 3097 Luc.
565 3045 694 3097 Dial.
721 3047 881 3097 Deor.
921 3047 1011 3096 ⁴5:
1057 3039 1199 3131 Ἐἴῶ
1250 3043 1312 3096 δὲ
1346 3039 1459 3111 ἤδη

413 3118 552 3170 ποτὲ
572 3116 678 3185 τὴν
695 3113 1032 3191 Ἀφροδίτην
1053 3148 1084 3159 -
1101 3117 1224 3169 αλλ’
1251 3114 1320 3170 οὐ
1344 3115 1457 3190 χρὴ

412 3187 630 3252 αὐχεῖν.
680 3195 852 3245 Strato
887 3195 939 3244 in
973 3194 1128 3245 Anth.
1167 3192 1274 3244 Pal.
1312 3196 1374 3244 11.
1399 3207 1455 3258 p.

412 3267 535 3318 452:
577 3262 781 3331 Ἐχθὲς
811 3263 966 3327 ἔχων
999 3262 1112 3318 ἀνὰ
1145 3265 1328 3319 νύκτα
1360 3268 1460 3319 Φι-

413 3338 730 3411 λόστρατον
781 3338 890 3393 οὐκ
938 3340 1356 3409 ἐδυνήθην.
1397 3371 1454 3381 -

409 3416 589 3479 Mollis]
617 3417 803 3466 «nimis
823 3416 1079 3468 ssaccidus
1096 3417 1179 3467 vel
1204 3418 1273 3468 ad
1292 3431 1456 3468 unum

412 3489 660 3538 coitum.»
701 3515 754 3524 ·-
797 3501 927 3549 quae
948 3495 995 3539 to
1015 3491 1191 3540 Lesbia
1213 3492 1341 3553 cet.]
1377 3495 1455 3543 De

411 3563 800 3613 constructione
835 3563 901 3612 cs.
940 3562 1106 3627 Epod.
1144 3564 1202 3624 6,
1239 3565 1268 3613 7
1293 3577 1375 3627 sq.

476 3636 652 3685 47-20.
689 3636 879 3700 Lesbia]
914 3636 1098 3687 ancilla
1117 3675 1128 3697 ,
1165 3636 1249 3687 vel
1279 3638 1455 3701 potius

408 3710 546 3760 lena.
583 3707 769 3759 Tibull.
795 3710 856 3769 Ξ,
901 3710 959 3769 6,
995 3709 1085 3761 45:
1137 3711 1274 3760 Lena
1312 3715 1458 3761 necat

408 3784 644 3833 miserum
672 3783 889 3845 Phryne,
939 3784 1213 3846 hortimzluo
1252 3784 1457 3833 tabellas

410 3858 608 3908 Occulta
641 3861 857 3918 portans
895 3858 1030 3919 itque
1061 3857 1286 3917 reditque
1317 3859 1445 3907 sinu.

413 3960 466 3967 -
494 3928 716 3993 taurum]
755 3943 912 3981 «cum
935 3931 1108 3981 virum
1132 3943 1451 3994 quaererem

408 4006 598 4056 fortem
633 4018 698 4054 ac
719 4002 978 4063 validum,
1018 4005 1173 4054 nimis
1206 4003 1452 4066 frigidum

407 4077 492 4129 illa
516 4078 583 4128 ad
608 4091 695 4128 me
727 4077 1024 4142 perduxit.»
1068 4104 1120 4113 —
1165 4075 1308 4140 Cous]
1345 4078 1454 4126 Da-

409 4165 668 4204 moxenus
690 4151 832 4216 apud
866 4151 1054 4200 Athen.
1085 4151 1104 4199 4
1134 4188 1146 4209 ,
1172 4150 1270 4201 26:
1307 4150 1453 4199 Νεα-

407 4228 533 4289 νίας
555 4254 584 4264 -
607 4220 826 4277 -Ἐτῶν
865 4221 1007 4288 ἴσως
1050 4221 1447 4287 ἑπτακαίδεκα,

1536 2304 1722 2369 Κῶος·
1775 2303 1951 2371 θεοὺς
2000 2305 2114 2380 γὰρ
2149 2310 2377 2372 φαίνεθ’
2408 2306 2447 2375 ἦ
2481 2308 2588 2376 νῆ-

1537 2395 1646 2442 σος
1693 2381 1907 2452 φέρειν.
1967 2385 2045 2433 De
2097 2383 2180 2434 his
2229 2383 2517 2447 ἐπιθέτοις
2553 2398 2584 2435 a

1535 2455 1708 2519 patria
1740 2456 1917 2520 petitis
1952 2456 2047 2507 cfr.
2075 2457 2144 2507 ad
2178 2456 2272 2507 Od.
2300 2456 2361 2519 4,
2399 2458 2460 2519 9,
2500 2458 2580 2510 46.

1539 2556 1595 2567 -
1632 2529 1899 2593 indomito]
1939 2543 2242 2594 «nunquam
2274 2530 2445 2592 lasso,
2483 2531 2582 2583 sed

1535 2615 1754 2667 semper
1786 2603 1856 2653 ad
1888 2616 2146 2653 venerem
2188 2607 2489 2668 promptos
2521 2630 2577 2641 —

1532 2676 1732 2740 nervus]
1779 2677 1973 2727 «Cuius
2006 2676 2074 2726 ab
2121 2678 2332 2741 inguine
2367 2679 2586 2741 erigitur

1534 2752 1688 2815 penis
1722 2751 1950 2812 firmior,
1989 2765 2150 2815 quam
2185 2754 2350 2803 arbor
2377 2753 2584 2804 novella

1535 2827 1589 2874 et
1622 2827 1810 2888 vegeta
1851 2825 2121 2876 radicibus
2170 2829 2345 2877 terrae
2397 2827 2584 2878 inhae-

1533 2901 1668 2948 ret.»
1726 2900 1856 2949 Mire
1901 2899 2076 2950 haesit
2117 2900 2170 2949 in
2216 2901 2318 2951 hoc
2358 2915 2409 2951 v.
2447 2915 2583 2952 nova

1535 2973 1798 3037 «ideoque
1845 2973 2095 3025 robusta»
2131 2987 2376 3026 summus
2410 2975 2581 3027 Scali—

1533 3061 1630 3110 ger
1662 3049 1974 3097 coniiciens:
2014 3049 2178 3110 Quam
2207 3062 2325 3098 non.

1598 3122 1655 3171 2⁴
1689 3123 1807 3172 -26.
1848 3122 2125 3173 Μυήοεὺω
2150 3123 2324 3187 runis]
2372 3123 2579 3176 «vesus
2656 3152 2659 3155 -

1533 3192 1617 3244 illa
1654 3208 1923 3260 purpurea
1968 3196 2201 3260 dibapha
2251 3197 2335 3248 cui
2386 3210 2580 3261 magno

1532 3281 1658 3318 cum
1669 3269 1845 3319 studio
1859 3270 2150 3333 parabatur
2160 3270 2577 3334 mittebaturque

1532 3343 1676 3393 dono
1710 3343 1810 3393 nisi
1842 3342 1962 3403 tibi,
1999 3345 2237 3407 ingrate?
2271 3346 2348 3395 Ne
2381 3343 2582 3395 scilicet

1533 3417 1671 3466 inter
1702 3414 1915 3466 sodales
1949 3418 2068 3467 tuos
2103 3418 2387 3480 quisquam
2413 3420 2575 3477 esset,

1531 3491 1624 3553 qui
1670 3490 1957 3553 pretiosius
2006 3490 2205 3540 amoris
2266 3491 2456 3553 pignus
2510 3490 2578 3540 ab

1530 3563 1703 3614 amica
1738 3576 1837 3613 sua
1871 3565 2153 3626 acceptum
2188 3565 2458 3612 ostentare
2482 3575 2579 3612 eo-

1530 3650 1637 3700 que
1672 3649 1732 3686 se
1766 3637 1963 3685 iactare
1999 3638 2235 3699 posset.»
2265 3661 2319 3671 -
2346 3635 2576 3699 iterata]

1529 3711 1613 3760 Sic
1625 3711 1755 3759 stat.
1777 3708 1898 3759 Silv.
1925 3708 1973 3769 3,
1993 3709 2045 3768 2,
2066 3708 2178 3759 ⁴40.
2204 3709 2442 3758 iteratam
2449 3722 2579 3771 pur·-

1523 3796 1714 3845 puram
1751 3782 1896 3832 dixit.
1977 3780 2072 3831 Od.
2116 3782 2179 3842 2,
2221 3782 2308 3843 46,
2345 3782 2442 3832 35:
2502 3783 2577 3833 bis

1525 3857 1651 3920 Afro
1671 3857 1867 3906 Murice
1888 3856 2113 3905 tinctae-
2130 3856 2297 3906 lanae.
2335 3855 2483 3906 Ovid.
2510 3859 2571 3907 Α.

1526 3934 1586 3981 A.
1608 3930 1658 3991 3,
1682 3931 1801 3980 ⁴70:
1838 3943 1969 3992 miae
1992 3929 2065 3979 bis
2085 3930 2436 3991 Turianam-ico
2457 3930 2581 3982 lana

1524 4004 1687 4053 rubo-⁴5.
1719 4031 1773 4040 —
1798 4003 1987 4068 nonme]
2020 4017 2144 4054 cum
2167 4003 2272 4055 leni
2311 4004 2574 4055 irrisione.

1527 4077 1680 4127 Hand
1718 4077 1868 4127 Turs.
1911 4077 1995 4126 Ν.
2038 4092 2092 4141 p.
2123 4078 2237 4129 462.
2285 4106 2338 4114 -
2375 4078 2574 4142 multer]

1526 4163 1624 4214 pro
1649 4151 1844 4210 amica,
1872 4152 1931 4200 ut
1954 4150 2139 4202 Catuli.
2168 4153 2256 4214 70,
2285 4153 2306 4201 4
2329 4167 2342 4200 ι
2366 4152 2505 4201 Nulli
2524 4165 2577 4201 se

1524 4224 1645 4274 dicit
1674 4224 1856 4275 mulier
1886 4237 2001 4276 moa
2030 4226 2213 4277 nubere
2239 4227 2389 4277 mue
2412 4228 2575 4287 Quam
