3234 4975
654 425 777 489 594
1423 425 1678 475 nolum
1717 424 2054 476 Claranum

654 585 796 635 enim
830 581 902 632 ob
937 594 1183 634 caussam
1218 583 1394 634 minus
1428 583 1711 633 honestam
1734 579 1957 631 Lollium
1992 582 2137 631 esset
2159 577 2436 631 adulatus?
2464 608 2518 616 -
2555 582 2826 631 Incertum

654 667 737 717 est
768 666 837 718 M.
874 664 1018 716 Lollii
1054 678 1387 729 cognomen3
1425 677 1551 714 nam
1585 666 1638 714 in
1675 666 2020 728 inscriptione
2070 663 2228 727 (apud
2271 664 2447 727 Sigon.
2486 667 2540 713 et
2573 664 2719 727 Pigh.
2756 662 2826 713 ad

653 764 702 799 a.
740 747 875 812 732.)
925 751 1147 800 vocatur
1195 746 1506 813 simpliciter
1536 749 1606 797 Μ.
1649 747 1833 796 Lollius
1862 747 1934 796 M.
1973 747 2029 796 F.
2091 749 2146 796 et
2194 748 2335 797 Fasti
2385 745 2659 810 Capitolini
2709 747 2825 797 eius

653 832 776 882 anni
828 830 1039 883 desunt.
1128 832 1429 883 Palikanum
1476 831 1714 881 nominat
1763 831 2068 881 Torrentius
2118 831 2233 881 sine
2285 831 2431 880 certa
2482 831 2792 880 auctoritate
2810 869 2822 891 ,

653 914 752 965 sed
786 916 900 965 eius
934 913 1171 978 aequalis
1203 916 1259 965 Ι..
1297 915 1441 965 Lollii
1473 914 1703 964 Palikani
1738 916 1947 964 exstant
1999 915 2240 973 nummi;
2300 912 2395 962 cfr.
2432 912 2627 963 Eckhel
2660 914 2723 963 D.
2760 915 2822 963 N.

652 998 717 1047 V.
754 1011 874 1062 pag.
912 997 1026 1048 235.
1102 998 1331 1061 Ryckius
1365 997 1435 1047 ad
1468 999 1589 1047 Tac.
1626 1000 1761 1047 Ann.
1803 998 1891 1058 ⁴2,
1930 998 1978 1046 4.
2017 1000 2071 1047 et
2104 996 2366 1047 Obbarius
2401 995 2471 1046 ad
2505 997 2636 1060 Epp.
2680 998 2736 1057 4,
2771 996 2822 1045 2.

651 1093 773 1146 pag.
802 1082 883 1130 44.
918 1081 1202 1132 Patauinum
1233 1082 1451 1141 vocant,
1503 1081 1627 1143 quia
1661 1081 1833 1144 neptis
1869 1081 1985 1131 eius
2007 1080 2169 1130 Lollia
2191 1080 2425 1130 Patauina
2460 1082 2516 1129 et
2546 1081 2617 1131 M.
2642 1078 2830 1129 Lollius

650 1164 912 1214 Poeninus
944 1162 1128 1214 consul
1151 1163 1407 1213 suffectus
1441 1177 1489 1213 a.
1519 1177 1571 1212 u.
1599 1177 1648 1213 e.
1677 1162 1790 1213 846.
1830 1162 1940 1213 fuit.
2011 1163 2118 1213 Sed
2151 1164 2255 1214 hoc
2289 1176 2502 1227 quoque
2537 1163 2824 1223 incertum,

655 1260 781 1297 cum
813 1259 913 1310 per
946 1245 1079 1296 duas
1112 1248 1289 1296 tresve
1326 1248 1530 1296 aetates
1564 1248 1679 1296 tum
1714 1247 2029 1308 cognomina
2064 1245 2390 1311 permultum
2430 1246 2639 1296 variare
2683 1243 2827 1295 sole-

658 1332 794 1380 rent.
866 1329 1166 1380 Piranesius
1218 1330 1269 1378 in
1304 1329 1469 1379 Fastis
1505 1329 1674 1393 Capit.
1726 1328 1794 1378 ad
1830 1342 1878 1379 a.
1917 1328 2030 1378 732.
2086 1342 2211 1379 eum
2246 1327 2476 1393 appellat
2505 1330 2577 1379 M.
2615 1329 2827 1378 Lollium

650 1413 891 1464 Paedium
928 1413 1108 1462 Verum
1142 1426 1208 1461 ex
1241 1412 1586 1475 inscriptione
1611 1413 1884 1463 Ursiniana
1917 1411 2060 1476 apud
2084 1413 2230 1462 Grut.
2258 1413 2377 1463 4034
2408 1451 2420 1473 ,
2458 1412 2508 1464 4.
2545 1412 2826 1463 manifesto

653 1494 880 1547 conficta
914 1508 979 1545 ex
1014 1496 1193 1546 Horat.
1221 1496 1350 1560 Epp.
1388 1498 1408 1544 4
1436 1534 1447 1555 ,
1485 1497 1579 1555 20,
1621 1495 1703 1545 28.
1742 1498 1796 1545 et
1830 1494 1930 1546 alio
1964 1496 2102 1560 turpi
2137 1509 2322 1546 errore
2359 1498 2416 1559 Q.
2459 1497 2604 1545 Iunio
2641 1495 2826 1557 Lepido

651 1593 750 1644 pro
799 1579 1006 1630 Aemilio
1054 1579 1344 1643 inquinata.
1416 1579 1625 1640 Lollius,
1679 1578 1749 1628 ad
1800 1591 1965 1642 quem
2016 1579 2100 1629 est
2143 1580 2277 1644 Epp.
2328 1580 2385 1640 4,
2422 1580 2511 1639 2..
2558 1579 2717 1628 huius
2752 1578 2821 1628 M.

653 1662 797 1713 Lollii
833 1660 968 1713 filius
1002 1661 1214 1712 videtur
1247 1662 1425 1713 misse.
1453 1689 1509 1698 —
1549 1664 1862 1713 «Poetarum
1896 1664 2222 1712 Graecorum
2245 1663 2554 1726 Lyricorum
2592 1659 2829 1725 (quibus-

653 1759 780 1796 cum
830 1744 1059 1796 fldenter
1108 1758 1241 1808 ego,
1293 1746 1552 1795 Romanae
1612 1747 1792 1809 fidicen
1862 1745 2032 1807 lyrae,
2087 1758 2175 1795 me
2226 1746 2492 1810 consocio)
2549 1744 2784 1794 carmina
2806 1782 2820 1804 ‚

636 1829 865 1880 tametsi
899 1830 1099 1893 primas
1135 1827 1272 1879 ultro
1307 1828 1596 1879 deferimus
1632 1829 1863 1879 Homero
1885 1866 1897 1888 ,
1957 1830 2138 1879 tamen
2173 1830 2476 1879 etiamnunc
2512 1829 2723 1878 exstant
2755 1841 2824 1877 ac

652 1924 864 1962 summa
898 1924 1025 1962 cum
1058 1910 1405 1962 admiratione
1440 1911 1508 1962 ab
1544 1911 1795 1962 omnibus
1828 1909 2105 1974 leguntur;
2153 1912 2232 1962 sic
2267 1924 2390 1962 mea
2422 1924 2638 1975 quoque
2672 1913 2825 1961 aeta-

650 1996 765 2044 tem
797 1992 1083 2044 durabunt.
1154 1993 1261 2044 Sed
1308 1993 1558 2058 permulti
1609 1995 1910 2059 priscorum
1959 1992 2170 2044 illorum
2219 1996 2474 2055 heroum,
2528 1996 2620 2058 qui
2670 1997 2825 2044 ante-

653 2078 935 2128 cesserunt
965 2077 1188 2127 Troiana
1225 2079 1497 2141 tempora,
1539 2091 1571 2127 a
1607 2076 1748 2127 nullo
1781 2080 1940 2141 poeta
1974 2076 2256 2128 collaudati
2288 2091 2429 2129 nunc
2463 2078 2658 2128 misera
2693 2075 2826 2127 obli-

650 2160 808 2211 vione
840 2161 1189 2223 premuntur;
1243 2173 1380 2223 quae
1433 2161 1613 2225 iniqua
1664 2160 1874 2211 fortuna
1925 2165 2080 2211 nete
2115 2174 2332 2225 quoque
2365 2162 2603 2221 maneat,
2655 2159 2820 2221 Lolli,

650 2242 757 2294 hoc
792 2242 1026 2293 carmine
1062 2243 1281 2293 eximias
1314 2245 1433 2295 tuas
1465 2245 1689 2295 virtutes
1717 2244 2059 2308 praedicante
2095 2244 2251 2306 satis,
2287 2246 2347 2293 ut
2379 2257 2564 2305 spero,
2602 2246 2822 2294 cautum

652 2326 804 2377 erit.»
872 2327 1139 2390 Scriptum
1187 2326 1400 2377 videtur
1443 2341 1665 2378 carmen
1697 2329 1818 2393 post
1852 2326 1993 2378 Lollii
2029 2326 2389 2390 consulatum,
2443 2327 2665 2378 fortasse
2699 2328 2824 2390 post

653 2408 895 2471 cladem,
949 2422 1113 2473 quam
1154 2410 1207 2460 in
1250 2412 1530 2460 Germania
1573 2423 1766 2475 passus
1810 2412 1915 2472 est,
1971 2411 2114 2461 circa
2148 2424 2196 2460 a.
2232 2423 2286 2460 u.
2325 2424 2372 2460 c.
2411 2409 2526 2460 738.
2579 2407 2665 2459 vel
2699 2408 2816 2459 739.

653 2495 884 2546 maxime
917 2496 1137 2558 propter
1166 2507 1217 2545 v.
1255 2494 1351 2544 35:
1389 2495 1612 2545 sec-mdis
1648 2495 1963 2557 Temporibus
1994 2494 2248 2557 dubiisque
2282 2496 2387 2545 cet.
2457 2493 2657 2554 Quodsi
2697 2494 2827 2557 post

653 2577 795 2628 hanc
839 2577 1197 2641 compositum
1242 2580 1360 2639 est,
1413 2575 1788 2628 consolationis
1832 2579 1951 2629 vice
1995 2577 2228 2642 fungitur
2270 2577 2824 2640 existimationemque

655 2658 801 2710 Lollii
834 2657 918 2709 illa
968 2660 1333 2723 imminutam,
1394 2663 1660 2724 quatenus
1727 2661 1968 2714 civilibus
2019 2663 2133 2713 eius
2182 2660 2462 2713 virtutibus
2513 2658 2824 2713 extollendis

656 2741 773 2795 fleri
806 2745 1050 2808 poterat,
1087 2744 1450 2810 redintegrare
1485 2744 1683 2796 studet.

1514 3284 1946 3310 n
