3234 4975
1224 383 1342 433 ΜΒ.
1382 384 1417 431 1.

1490 385 1546 431 (ι.
1588 384 1623 431 1.
2491 380 2526 441 7

714 538 959 606 Laudat
1002 560 1151 604 rura
1193 539 1326 616 sui;
1372 559 1519 604 mox
1565 537 1769 605 reficit
1811 549 1980 604 rates

629 660 944 738 Quassas,
995 658 1285 726 indocilis
1327 658 1705 747 pauperiem
1748 659 1898 746 pati.

632 779 740 843 Est
782 779 893 865 qui
936 799 1059 845 nec
1102 779 1337 845 veteris
1382 776 1615 865 pocula
1658 778 1909 845 Massici

631 900 761 964 Nec
804 907 1052 985 partem
1095 896 1304 965 solido
1348 896 1613 964 demere
1659 897 1743 963 de
1787 896 1892 962 die

2450 902 2531 962 20

712 1019 993 1105 Spernit,
1042 1040 1211 1085 nunc
1254 1018 1439 1084 viridi
1486 1017 1778 1085 membra
1821 1017 1943 1083 sub
1989 1017 2216 1083 arbuto

514 1226 592 1274 47.
631 1225 777 1290 rura]
811 1229 921 1274 tuta
954 1223 1241 1282 AcidaliuS,
1280 1224 1432 1289 prob.
1474 1224 1640 1276 Bentl.

377 1415 504 1464 ergo
550 1404 777 1452 otiosum
822 1404 915 1451 aut
958 1401 1150 1452 falsum
1182 1416 1232 1451 v,
1270 1416 1415 1451 rura.

378 1475 595 1526 Acidalii
630 1482 739 1526 tuta
761 1476 1025 1527 Bentleius
1058 1477 1110 1525 in
1135 1477 1287 1527 Curis
1323 1490 1422 1526 no-

376 1551 501 1601 viss.
546 1551 761 1601 firmare
814 1552 1005 1602 trustra
1055 1551 1257 1601 studuit
1304 1550 1422 1601 loco

378 1625 525 1675 ovid.
571 1626 722 1675 Trist.
775 1625 825 1686 4,
881 1626 960 1686 40,
1008 1625 1097 1675 39:
1156 1627 1223 1676 Et
1255 1632 1424 1688 petere

378 1700 566 1748 Aoniae
604 1699 879 1750 suadebant
919 1704 1032 1750 tuta
1071 1713 1267 1750 sorores
1310 1701 1425 1750 Otia

379 1774 567 1823 audicio
597 1787 792 1836 σαπρα-
821 1780 999 1824 amata
1028 1788 1155 1825 meo.
1214 1776 1291 1824 Tu
1325 1775 1418 1824 cfr.

382 1849 575 1898 Lucan.
614 1847 736 1898 449ε
771 1861 903 1897 rura
928 1850 1158 1899 Nemetis.
1197 1848 1282 1899 Sil.
1308 1848 1418 1898 Ital

381 1921 430 1982 4,
454 1923 577 1971 227:
615 1923 984 1973 nebalosirwra
1004 1924 1188 1974 Casini.
1216 1924 1264 1984 8,
1292 1923 1418 1974 434.

379 1998 664 2059 scopulosae
694 2011 825 2047 rura
857 1998 1139 2050 Nmnanao.

447 2072 525 2123 48.
563 2072 787 2136 quassas]
815 2075 1243 2136 «conquassatas,
1280 2071 1424 2122 lace-

380 2159 519 2195 ras»
580 2173 634 2181 —
688 2147 996 2210 pauperiem]
1057 2148 1258 2197 «vitam
1308 2148 1422 2196 sine

380 2222 606 2282 quaestu
623 2221 869 2270 continuo
887 2224 1046 2284 atque
1065 2220 1421 2271 abundante.»

378 2294 635 2355 Pavor-ies·
667 2297 848 2344 autem
881 2308 998 2344 voc.
1020 2294 1297 2358 aliquoties
1322 2295 1425 2343 uti-

384 2373 467 2418 tur
500 2369 567 2419 de
600 2369 707 2418 vita
741 2371 954 2419 rustica.
1009 2370 1105 2420 Od.
1144 2372 1192 2430 4,
1232 2371 1311 2431 42,
1338 2369 1418 2420 43.

380 2445 485 2494 Sat.
524 2445 573 2504 4,
610 2444 660 2504 6,
697 2443 777 2495 74.
849 2445 962 2495 Νοιι
1006 2445 1162 2509 igitur
1195 2445 1425 2509 inopiam

382 2531 556 2581 neque
589 2532 721 2568 vero
751 2522 1061 2581 egestatem,
1097 2521 1196 2571 sed
1219 2520 1426 2571 medio-

380 2605 530 2643 crem
570 2593 710 2642 vitae
754 2593 1119 2645 condicionem
1167 2594 1421 2657 designat

387 2694 441 2703 —-
466 2668 862 2733 indocilis—pati]
888 2662 1190 2732 ἀδίδακτος
1208 2672 1422 2739 φέρειν.

384 2741 631 2791 Ceterum
676 2741 860 2792 similis
906 2746 987 2794 est
1029 2744 1236 2794 Pindari
1277 2743 1426 2794 locus

383 2828 415 2865 a
438 2817 596 2865 Sexto
620 2816 813 2879 Empir.
853 2817 1044 2881 Hypot.
1070 2832 1123 2882 p.
1152 2818 1231 2870 48.
1270 2818 1422 2868 Fabr.

381 2894 641 2951 servatus,
678 2891 774 2941 Ed.
811 2893 1040 2943 Boeckh.
1076 2895 1202 2944 min.
1227 2907 1280 2958 p.
1307 2894 1422 2945 240.

380 2964 461 3014 Fr.
502 2965 621 3014 439:
656 2960 1033 3016 Ἀελλοπόδων
1051 2968 1161 3032 μέν
1192 2970 1295 3018 τιν’
1331 2963 1426 3018 εὖ-

377 3040 711 3109 φραὶνοισιν
746 3038 933 3091 ἵππων
956 3044 1133 3106 Τίμια
1162 3044 1262 3093 καὶ
1296 3045 1425 3094 στέ-

378 3128 586 3176 φανοι,
635 3111 777 3178 τοὺς
823 3110 874 3165 δ’
924 3114 988 3167 ἐν
1038 3114 1427 3188 πολυχρύσοις

376 3185 668 3254 θαλάμοις
697 3186 891 3250 βιοτά·
934 3191 1209 3263 Τέρπεται
1242 3190 1305 3243 δὲ
1325 3194 1427 3242 καί

378 3277 466 3326 τις
500 3262 585 3313 ἐπ’
622 3260 773 3329 οἶδμ’
809 3258 977 3315 ἅλιον
1018 3266 1115 3317 ναι
1146 3264 1266 3335 θοᾷ
1299 3265 1428 3329 Σῶς

375 3335 736 3399 διαστειβων.
806 3340 1054 3391 Libanius
1096 3343 1226 3406 Opp.
1275 3342 1325 3402 4,
1369 3355 1423 3406 p.

380 3414 503 3464 ⁴68:
535 3408 605 3461 Ο
635 3412 743 3479 μὲν
777 3412 881 3484 ἐρᾷ
902 3410 1007 3466 τοῦ
1026 3412 1313 3466 δύνασθαι
1335 3414 1427 3466 λε’-

376 3502 517 3553 γειν,
552 3489 651 3538 καὶ
670 3482 825 3539 τᾶλλ’
848 3485 1004 3557 αὐτῷ
1028 3488 1226 3562 μικρά
1261 3489 1341 3558 τῷ
1364 3489 1427 3542 δὲ

375 3559 449 3611 τὸ
482 3568 712 3649 κρατεῖν
744 3562 808 3615 ἐν
838 3561 1068 3629 μάχαις
1099 3568 1282 3632 μέγα,
1328 3566 1428 3615 καὶ

379 3632 494 3685 τῶν
535 3630 723 3687 ἄλλων
767 3633 958 3701 οὐδεὶς
1007 3636 1198 3706 λόγος·
1245 3635 1278 3690 ὁ
1320 3639 1428 3705 μὲν

374 3711 650 3777 ἐπιθυμεῖ
676 3709 791 3762 τῶν
823 3713 889 3764 ἐκ
921 3712 1030 3780 γῆς
1061 3713 1296 3786 καρπῶν
1329 3715 1428 3765 καὶ

376 3787 612 3873 φρίττει
644 3784 751 3853 τὴν
792 3785 1106 3838 θάλατταν
1150 3787 1230 3856 τῷ
1264 3787 1327 3840 δὲ
1356 3785 1427 3839 τὸ

377 3859 539 3911 πλεῖν
574 3853 739 3927 ἥδιον
769 3860 876 3913 τοῦ
912 3865 1041 3951 περὶ
1061 3861 1170 3928 τὴν
1193 3861 1303 3930 γῆν
1324 3879 1426 3914 τα-

375 3933 701 4006 λαιπωρεῖν·
736 3930 944 4023 ἕτερος
978 3952 1162 4001 ηττων
1197 3934 1425 4009 χρημά-

373 4023 515 4071 των,
552 4011 651 4061 καὶ
683 4006 756 4060 τὰ
799 4007 973 4061 λοιπὰ
1019 4010 1214 4077 γέλως·
1249 4010 1329 4079 τῷ
1362 4011 1425 4063 δὲ

371 4085 483 4148 μία
514 4079 742 4149 σπουδὴ
786 4087 1080 4148 στέφανον
1123 4084 1185 4151 ἐξ
1214 4083 1425 4153 Ὀλυμ-

373 4160 509 4222 πίας
543 4157 779 4221 λαβεῖν,
798 4163 915 4211 καὶ
947 4157 1061 4223 πᾶς
1094 4154 1249 4229 αὗτῳ
1203 4176 1424 4232 ‹1›va-

372 4230 504 4296 σός,
543 4237 597 4285 εἰ
627 4230 772 4305 πρὸς
814 4233 916 4285 τὸν
959 4231 1196 4286 κότινον
1229 4231 1423 4300 ἐξετά-

1494 1405 1675 1465 ζοιτο,
1744 1398 1986 1464 φαῦλος.
2091 1400 2301 1460 (Iacobs
2368 1403 2530 1451 Lectt.

1495 1478 1692 1527 Venus.
1730 1490 1784 1540 p.
1820 1476 1954 1536 374.)
2005 1475 2374 1539 comparanda
2409 1477 2536 1526 item

1496 1554 1733 1615 Propert.
1778 1550 1920 1613 Eleg.
1967 1549 2037 1600 ad
2079 1552 2313 1601 Maecen.
2363 1551 2428 1614 (3,
2465 1552 2533 1614 9),

1496 1625 1756 1689 imprimis
1789 1638 1873 1673 vv.
1914 1625 1992 1674 47.
2025 1639 2208 1689 seqq.:
2245 1627 2334 1674 Est
2367 1626 2541 1687 qmbus

1494 1701 1648 1750 Eleae
1663 1699 1916 1748 cenetam-it
1925 1700 2102 1760 palma
2124 1700 2429 1762 quadrina&
2452 1701 2539 1749 Est

1497 1774 1674 1835 mnibus
1715 1774 1767 1822 in
1808 1773 1986 1823 celeres
2015 1774 2184 1836 qlon'a
2214 1778 2340 1823 nata
2370 1775 2533 1836 podes.

1495 1848 1588 1897 Hic
1617 1852 1758 1897 satus
1788 1849 1857 1897 ad
1871 1861 2078 1910 pacem,
2113 1849 2193 1897 hic
2213 1848 2540 1898 castrensibus

1494 1923 1633 1972 utilis
1664 1923 1823 1972 armis
1856 1926 1958 1972 cet.

1564 1998 1740 2047 49-24.
1786 1998 2056 2046 Massia-mn
2087 1997 2268 2047 vinum
2308 1998 2361 2047 in
2399 1999 2540 2049 Mas-

1496 2072 1619 2120 sicis
1662 2072 1981 2134 Campaniae
2026 2071 2296 2121 montibus
2335 2075 2535 2122 natum.

1496 2144 1624 2195 Plin.
1665 2144 1745 2205 44,
1789 2146 1844 2194 6:
1901 2146 2104 2196 Certant
2133 2147 2353 2196 Massica
2384 2159 2541 2207 aeque

1501 2221 1731 2284 (optimis
1765 2220 1933 2280 vinis),
1972 2234 2038 2269 ea:
2057 2225 2222 2270 monte
2244 2223 2419 2270 Gauro
2437 2222 2538 2270 Pu—

1497 2296 1647 2343 teolos
1667 2294 1917 2357 Baiasque
1932 2285 2319 2357 prospectantia.
2351 2323 2405 2331 —
2442 2297 2539 2345 So-

1496 2370 1656 2418 lidum
1687 2370 1816 2419 diem
1847 2369 2113 2419 vocabant
2145 2371 2400 2420 maiorem
2436 2370 2537 2420 diei

1498 2446 1705 2509 partem
1721 2482 1733 2505 ,
1770 2458 1869 2509 per
1892 2458 2054 2509 quam
2078 2445 2319 2496 homines
2338 2447 2538 2496 strenui

1498 2522 1659 2582 atque
1680 2519 1920 2569 industrii
1937 2522 2128 2569 vacant
2146 2521 2365 2582 negotiis
2379 2559 2391 2579 ,
2419 2521 2538 2583 qui-

1498 2593 1601 2644 bus
1643 2593 1860 2643 tandem
1902 2595 2131 2657 peractis
2172 2595 2333 2643 Genio
2367 2593 2540 2643 indul—

1499 2682 1625 2731 gere
1661 2667 1798 2718 licet.
1870 2669 1989 2717 Seu.
2019 2669 2110 2731 Ep.
2150 2668 2241 2716 83:
2278 2668 2541 2717 hodiernus

1499 2744 1601 2792 dies
1641 2742 1825 2791 solidas
1866 2747 1961 2803 est,
2014 2755 2157 2791 nemo
2198 2756 2263 2791 ea:
2301 2743 2386 2791 illo
2418 2742 2540 2792 mihi

1499 2818 1772 2878 quidquam
1790 2817 1985 2877 eripuit.
2043 2816 2286 2866 Similiter
2307 2817 2535 2867 luvenal.

1502 2892 1581 2950 44,
1608 2891 1721 2940 205.
1748 2890 1958 2939 solidam
1978 2891 2156 2939 horam
2173 2890 2298 2940 dicit
2320 2893 2540 2951 negotiis

1499 2964 1798 3014 dicandam.
1835 2967 1948 3016 Iam
1982 2966 2220 3015 devnivrms
2252 2965 2318 3015 de
2344 2966 2428 3015 die
2452 2980 2542 3016 so-

1500 3039 1604 3089 lido
1639 3039 1798 3088 horas
1833 3053 1950 3099 eas,
1989 3039 2182 3102 quibus
2217 3042 2337 3089 ante
2373 3039 2540 3102 legiti-

1500 3127 1649 3164 mum
1684 3126 1883 3164 coenae
1921 3118 2130 3179 tempus
2165 3119 2256 3164 aut
2295 3119 2540 3179 potamus

1500 3191 1616 3249 aut,
1655 3191 1715 3238 ut
1735 3189 1788 3238 h.
1815 3187 1879 3249 1.,
1916 3188 2093 3238 Italico
2116 3202 2265 3238 more
2291 3190 2541 3239 meridia-

1501 3274 1639 3312 mur.
1701 3264 1811 3312 Hoc
1846 3264 1989 3312 enim
2024 3264 2283 3324 significat
2315 3262 2540 3312 verbum

1499 3342 1703 3386 stratas.
1773 3335 1869 3386 Alii
1913 3336 2175 3400 explicant
2215 3337 2282 3387 de
2319 3351 2541 3401 compo-

1501 3413 1715 3469 tatione,
1743 3411 1812 3461 ad
1829 3424 1990 3474 quam
2010 3411 2408 3474 significandam
2431 3411 2542 3462 suf-

1502 3486 1609 3534 ficit
1641 3499 1691 3533 v.
1722 3486 1833 3545 49.,
1872 3485 1956 3534 alii
1993 3487 2288 3549 cogitarunt
2320 3485 2386 3534 de
2412 3498 2542 3533 con-

1499 3559 1650 3609 viviis
1686 3560 2040 3623 tempestivis,
2078 3573 2215 3623 quae
2240 3562 2419 3608 tamen
2444 3558 2543 3607 do-

1501 3634 1600 3693 mi,
1661 3646 1767 3682 non
1817 3633 1916 3683 sub
1954 3634 2069 3694 dio,
2114 3632 2537 3682 celebrabantur.

1501 3708 1668 3756 Varro
1703 3709 1802 3757 RR.
1842 3709 1890 3768 4,
1929 3710 1985 3757 2:
2043 3709 2299 3771 diffindere
2338 3707 2543 3756 insititio

1498 3795 1670 3831 somno
1701 3783 1972 3833 meridiem.
2005 3809 2059 3818 -
2093 3782 2261 3845 viridi]
2309 3782 2540 3832 Frondes

1501 3858 1616 3907 eius
1658 3870 1783 3908 cum
1825 3872 1931 3908 non
1975 3858 2080 3907 sint
2117 3857 2392 3907 deciduae.
2465 3859 2540 3907 De

1500 3929 1691 3981 arbuto
1712 3935 1764 3981 et
1776 3934 1923 3994 grato
1943 3930 2183 3981 foliorum
2205 3931 2380 3981 colore
2399 3930 2543 3995 (hell-
2614 3954 2618 3959 ·

1497 4005 1651 4068 arim)
1687 4019 1737 4054 v.
1777 3997 1926 4057 voss.
1967 4006 2036 4056 ad
2071 4007 2207 4069 virg.
2237 4004 2341 4056 Ecl.
2381 4006 2428 4065 3,
2456 4006 2535 4055 82.

1499 4082 1553 4129 et
1585 4080 1634 4139 7,
1675 4079 1756 4130 46.
1827 4082 1939 4130 Νοιι
1978 4081 2156 4144 igitur,
2194 4083 2252 4130 ut
2275 4093 2540 4130 nonnemo

1499 4165 1646 4212 ratus
1682 4165 1788 4223 est,
1841 4165 1991 4214 viridi
2035 4166 2263 4214 otiosum
2304 4164 2385 4213 est
2418 4159 2539 4211 ἐπί-

1499 4236 1688 4287 θετον.
