3234 4975
628 374 754 437 280
1397 374 1654 423 HORATu
1689 372 2025 424 cummuni

1141 528 1465 595 Interdum
1508 547 1739 614 rapere
1785 536 2075 614 occupet.

758 730 840 778 28.
877 731 1080 788 occupat
1110 726 1295 776 BSTcd
1330 729 1385 777 et
1415 740 1496 790 pr.
1523 726 1587 789 b,
1632 725 1861 775 Pottierii
1891 724 2152 789 plerique,
2190 727 2320 776 LCt:
2359 732 2569 790 occupat
2589 740 2725 778 corr.

698 802 761 862 b,
815 799 1031 869 γδκνξω
1067 805 1121 852 et
1154 801 1260 850 duo
1294 800 1561 852 Bodleiani
1583 843 1595 864 ,
1656 802 1790 853 Pott.
1830 804 2111 865 quattuor,
2148 800 2442 862 Bentleius,
2480 802 2547 853 M.

624 979 803 1030 oscula
828 994 839 1037 ;
878 978 1119 1042 cupidius
1144 979 1304 1028 etiam
1328 992 1390 1027 ea
1415 977 1516 1028 sibi
1540 992 1674 1041 gau·
1747 983 1957 1041 occupat
1990 977 2201 1039 regredi
2236 990 2491 1039 cogamur
2513 976 2583 1027 ad
2606 981 2789 1041 partic.

625 1054 716 1103 det
751 1055 881 1118 eripi
916 1054 1218 1116 Licymnia,
1256 1054 1475 1117 propter
1506 1066 1671 1116 quem
1747 1054 1881 1102 amn.
1921 1054 2173 1102 Ceterum
2191 1053 2575 1102 sententiarum
2598 1054 2793 1103 seriem

624 1128 875 1178 ardorem
910 1129 1085 1192 ipsum
1121 1141 1337 1191 semper
1371 1128 1544 1177 carior
1577 1126 1671 1177 tibi
1746 1125 2104 1190 perturbavit,
2142 1126 2234 1188 qui
2268 1126 2476 1187 signum
2502 1126 2795 1188 interroga-

621 1203 730 1252 fit.»
766 1201 881 1263 Alii,
917 1203 1081 1264 magis
1112 1204 1331 1265 aaudeat
1371 1203 1669 1264 iungentes,
1748 1201 1903 1251 tionis
1936 1201 2113 1265 posuit
2159 1201 2284 1263 post
2326 1212 2413 1248 vv,
2467 1200 2606 1250 crine
2647 1202 2796 1261 Licy-

615 1280 846 1338 poscente
881 1274 1208 1340 explicarunt
1241 1289 1276 1324 a
1301 1280 1546 1337 poscente.
1744 1276 1940 1337 maiae,
2010 1274 2268 1337 virgulam
2318 1277 2440 1338 post
2488 1287 2539 1324 v.
2610 1276 2793 1324 dmrws.

687 1350 768 1399 28.
829 1350 1055 1413 occupet]
1106 1345 1328 1410 φθάνοι
1365 1344 1438 1399 ἂν
1482 1343 1673 1420 ἁρπά-
1748 1352 1924 1399 Nexus
1960 1350 2104 1399 enim
2126 1350 2214 1398 hic
2238 1352 2353 1399 est:
2395 1350 2561 1399 «Num
2584 1352 2642 1398 tu
2665 1348 2795 1398 velis

623 1427 822 1486 ζουσα.
891 1425 975 1475 Sic
1011 1424 1176 1475 Codd.
1204 1425 1416 1489 optimi,
1456 1438 1518 1475 ac
1543 1424 1672 1473 mihi
1747 1436 1845 1487 pro
1879 1425 2183 1486 Licymniae
2218 1423 2452 1474 crinibus
2492 1435 2647 1486 gazas
2682 1421 2797 1473 illas

626 1500 770 1548 certe
806 1500 1114 1550 concinnius
1147 1499 1388 1559 videtur,
1438 1501 1494 1548 ut
1528 1498 1673 1549 idem
1746 1497 2058 1548 barbaricas
2083 1500 2326 1562 accipere
2351 1500 2491 1557 tum,
2528 1511 2650 1547 cum
2682 1498 2796 1550 eius

625 1572 818 1625 modus
841 1576 1113 1633 sei-vetur,
1153 1586 1314 1639 quam
1339 1576 1396 1623 ut
1431 1571 1671 1635 legentes
1746 1571 1909 1622 basiis
1944 1572 2132 1625 frueris
2149 1574 2206 1621 ‘fn
