3234 4975
657 398 778 463 ⁴08

1423 400 1679 454 HORATII
1721 402 2059 456 CARMINUM
2088 449 2091 451 ,

1339 631 1808 695 cm
1846 634 2117 696 xm

1075 800 1270 867 Velox
1313 820 1658 868 amoenum
1702 822 1900 889 saepe
1943 802 2328 869 Lucretilem

1072 923 1268 988 Mutat
1307 924 1564 1012 Lycaeo
1606 925 1864 991 Faunus
1907 933 1971 990 et
2014 924 2267 1011 igneam

1155 1043 1452 1111 Defendit
1495 1054 1806 1112 aestatem
1850 1044 2115 1133 capellis

1239 1165 1460 1253 Usque
1503 1166 1667 1232 meis
1708 1166 2096 1254 pluviosque
2139 1177 2384 1234 ventos.

1073 1325 1339 1411 Impune
1382 1334 1589 1390 tutum
1629 1344 1750 1411 per
1792 1345 2021 1390 nemus
2066 1324 2329 1392 arbutos
2779 1329 2818 1390 5

783 1503 935 1553 XVII.
1004 1504 1170 1554 Inscr.
1206 1500 1345 1566 volg.
1413 1503 1490 1552 Ad
1525 1503 1870 1565 wadan-idem.
1903 1532 1958 1541 -
1983 1504 2059 1553 Ad
2090 1504 2298 1554 eandem
2328 1505 2637 1555 meretricem
2658 1506 2748 1555 ST.

722 1605 778 1615 -
814 1579 864 1628 δ.
933 1582 1090 1627 totum
1114 1590 1240 1628 cum
1273 1576 1440 1628 Codd.
1477 1576 1718 1629 Lambini
1743 1577 1910 1629 Bentl.
1956 1578 2148 1642 (Nostri
2178 1592 2366 1629 omnes
2398 1578 2600 1643 tutum.)

719 1737 872 1786 XVII.
925 1736 1161 1786 Amicam
1187 1735 1239 1785 in
1263 1733 1516 1785 Sabinum
1540 1747 1702 1784 suum

658 1810 858 1861 invitat.
896 1811 1156 1874 Tempus,
1199 1823 1307 1873 quo
1346 1810 1701 1873 compositum

609 1902 613 1909 ·
655 1886 724 1935 sit
762 1897 1006 1945 carmen,
1061 1882 1266 1934 definiri
1307 1884 1517 1947 nequit;
1567 1882 1703 1933 refe-

655 1960 780 2008 runt
823 1961 1003 2008 autem
1047 1956 1132 2008 alii
1171 1958 1240 2008 ad
1283 1971 1332 2008 a.
1370 1972 1424 2008 u.
1462 1971 1508 2008 c.
1561 1959 1698 2019 725.,

656 2032 741 2083 alii
774 2032 841 2082 ad
875 2045 924 2082 a.
965 2033 1077 2083 727.

723 2107 770 2156 4.
806 2108 1035 2167 Fuimus,
1074 2107 1376 2158 Latinorum
1401 2108 1701 2171 priscorum

657 2180 794 2231 deus
843 2180 1128 2244 silvestris,
1189 2180 1402 2233 oramssa
1451 2182 1698 2243 fundenS,

657 2255 873 2305 Horatio
920 2255 1063 2306 idem
1115 2256 1226 2306 fere
1266 2259 1349 2307 est
1387 2271 1511 2307 cum
1545 2259 1704 2307 Grae-

657 2342 846 2379 corum
878 2332 1037 2391 Pane,
1070 2334 1130 2380 ut
1162 2331 1311 2382 Ovid.
1331 2333 1467 2382 Fast.
1494 2333 1544 2393 2,
1570 2331 1696 2382 424:

657 2405 862 2459 Faunus
897 2405 952 2454 in
996 2405 1218 2455 Arcadia
1257 2407 1444 2469 templa
1481 2409 1705 2469 Lycaeus

653 2478 813 2529 habet.
886 2478 991 2530 Cfr.
1045 2480 1303 2546 imprimis
1343 2481 1580 2533 Ger-hard
1626 2482 1704 2532 del

654 2555 737 2604 dio
765 2556 941 2606 Fauno
970 2567 998 2604 e
1024 2557 1097 2606 de'
1127 2558 1236 2607 suoi
1257 2558 1472 2622 sequaci
1516 2558 1703 2620 Napoli

656 2630 824 2692 ⁴825„
851 2631 941 2694 qui
963 2643 1016 2694 p.
1044 2632 1125 2682 27.
1159 2633 1397 2696 apposite
1434 2632 1589 2682 affert
1608 2646 1696 2682 vv.

654 2703 825 2753 Rutilii
873 2706 919 2766 4,
970 2705 1095 2756 230:
1158 2707 1263 2756 Hoc
1304 2707 1418 2756 Inui
1470 2706 1701 2758 Gastrmn

652 2779 1171 2843 fantasiaissepmat;
1210 2782 1413 2831 --Seu
1444 2782 1551 2832 Pan
1582 2783 1703 2843 Tyr-

651 2854 819 2904 rhenis
847 2856 1132 2905 mutavit
1161 2857 1403 2906 Maenala
1435 2857 1586 2918 silvis,
1624 2858 1705 2907 Si-

652 2942 712 2977 ve
746 2929 883 2978 sinus
913 2932 1111 2991 patrios
1154 2932 1320 2981 incola
1341 2933 1546 2981 Faunus
1588 2932 1697 2981 init.

653 3002 790 3052 Voss
832 3002 901 3051 ad
942 3005 1084 3067 Virg.
1122 3003 1230 3055 Ecl.
1274 3006 1323 3066 6,
1369 3007 1451 3055 27.
1516 3008 1699 3069 Itaque

655 3090 722 3126 ex
775 3077 984 3138 Lycaeo
1031 3077 1220 3140 (Schol.
1272 3078 1342 3129 ad
1380 3080 1604 3130 Theocr.
1650 3081 1697 3141 4,

658 3149 781 3199 ⁴23:
836 3144 975 3221 ὄρος
1018 3150 1123 3217 τῆς
1162 3145 1454 3223 Ἀρκαδίας
1488 3152 1700 3219 κληθὲν

654 3216 772 3273 ἀπὸ
805 3222 1107 3289 Λυκάονος
1137 3225 1243 3278 τοῦ
1274 3225 1599 3295 Πελασγοῦ,
1638 3227 1700 3279 ἐν

654 3287 703 3365 ᾦ
735 3305 1008 3364 μαντεῖον
1038 3297 1280 3368 Πανός.)
1311 3316 1473 3367 saepe
1508 3305 1701 3366 migrat

654 3375 709 3428 in
773 3374 1117 3437 Lucretilem,
1176 3377 1492 3429 Sabinorum
1550 3391 1701 3429 mon—

654 3451 795 3513 tem,
863 3450 1016 3502 villae
1071 3453 1381 3503 Horatianae
1443 3453 1694 3514 vicinum,

652 3527 861 3590 partem
873 3526 1114 3577 hodierni
1129 3529 1298 3578 Monte
1314 3527 1563 3578 Gennaro.
1589 3530 1696 3578 Pan

654 3604 834 3651 autem
928 3594 1235 3672 ὀρειβάτης
1248 3639 1262 3662 ,
1361 3603 1694 3666 montivaqus.

654 3675 831 3740 Eurip.
858 3677 1000 3741 apud
1032 3678 1185 3727 Dion.
1218 3675 1330 3727 Hal.
1361 3676 1428 3726 de
1454 3690 1693 3741 compos.

653 3763 708 3815 p.
744 3750 858 3801 426.
892 3752 1011 3801 Sch.
1065 3744 1132 3813 ὃς
1169 3764 1231 3800 τε
1265 3751 1472 3822 πέτρον
1500 3744 1696 3821 Ἀρκά-

652 3822 768 3873 δων
865 3822 1244 3896 δυσχείμερον
1341 3822 1692 3891 ἐμβατεύεις.

655 3899 804 3949 Ovid.
840 3900 976 3949 Fast.
1009 3901 1058 3961 2,
1085 3901 1198 3950 285.
1231 3900 1298 3950 de
1334 3900 1555 3950 eodem:
1591 3902 1699 3963 Ipse

654 3974 774 4024 deus
799 3973 947 4023 velow
979 3975 1256 4025 dicem-rere
1291 3976 1477 4039 gaudet
1501 3975 1556 4024 in
1582 3976 1699 4025 altis

654 4048 919 4099 Montibus.
968 4049 1033 4100 Et
1063 4050 1234 4101 Nicias
1266 4051 1360 4114 Ep.
1399 4052 1447 4101 6.
1483 4050 1690 4101 Anthol.

655 4126 710 4174 T.
749 4124 794 4174 4.
831 4137 884 4188 p.
920 4124 1032 4174 484.
1102 4124 1197 4175 Ed.
1242 4126 1380 4189 Lips.
1423 4126 1491 4176 de
1524 4128 1692 4176 Pane:

654 4200 847 4265 μίμνω
875 4192 1120 4250 Ἐνθάδο
1162 4197 1469 4251 Μαινάδων
1501 4195 1696 4251 κλιτὺν

654 4269 1081 4346 ἀποπρολιπών.
1141 4273 1498 4326 Pulcherrima
1534 4275 1695 4325 Fauni

1770 1736 1946 1798 imago
1990 1738 2072 1786 est
2118 1737 2170 1785 in
2217 1738 2390 1787 Museo
2426 1737 2640 1787 Bor-bon.
2698 1736 2812 1788 Vol.

1772 1811 1903 1859 VIII.
1942 1811 1997 1860 T.
2029 1811 2110 1861 20.

1838 1885 1886 1935 2.
1949 1885 2025 1936 Ex
2058 1888 2361 1936 nostrarum
2400 1884 2695 1949 linguarum
2727 1901 2816 1937 ra-

1771 1959 1913 2009 tione
1965 1964 2220 2010 mutatum
2273 1974 2398 2011 eum
2446 1962 2816 2014 tantummodo

1770 2032 1966 2095 locum,
2004 2047 2168 2098 quem
2190 2035 2554 2099 relinquimus,
2581 2050 2704 2087 cum
2728 2051 2813 2098 ec,

1773 2122 1880 2172 quo
1916 2109 2329 2173 proficiscimur;
2365 2110 2529 2162 Latini
2565 2111 2633 2162 de
2666 2113 2816 2162 utro-

1773 2196 1878 2247 que
1902 2197 1954 2233 V.
1989 2189 2190 2234 mutare
2220 2188 2492 2249 usurpant.
2546 2184 2678 2237 Hinc
2710 2187 2815 2235 iam

1771 2259 2069 2309 Priscianus
2105 2259 2184 2309 48.
2212 2260 2267 2309 Τ.
2298 2259 2347 2309 2.
2377 2272 2430 2323 p.
2460 2260 2571 2311 ⁴92.
2605 2261 2690 2309 Kr.
2729 2273 2819 2309 ex-

1770 2331 1957 2397 plicat:
2006 2347 2159 2398 apro:
2204 2335 2473 2397 Lycaeum
2504 2338 2673 2385 mutat
2710 2336 2816 2385 Lu-

1774 2408 1990 2459 cretili.»
2058 2410 2262 2459 Mutare
2305 2407 2417 2458 scil.
2468 2412 2552 2458 est
2598 2411 2654 2458 et
2698 2422 2816 2458 ver-

1769 2484 2001 2534 tauschen
2034 2486 2089 2534 et
2119 2484 2446 2534 eintauechen.
2519 2483 2624 2535 Ctr.
2662 2484 2809 2536 Ovid.

1772 2561 1908 2610 Fast.
1953 2558 2003 2620 4,
2057 2558 2180 2609 803:
2233 2559 2579 2621 Mutantesque
2615 2560 2817 2610 domum

1771 2636 1909 2684 tectis
1946 2632 2236 2697 ayt-estibus.
2322 2633 2456 2690 Vide
2502 2633 2571 2683 ad
2617 2634 2711 2684 Od.
2760 2636 2811 2695 2,

1837 2784 1883 2833 3.
1920 2782 2165 2847 Defendit]
2191 2780 2511 2846 «propulsat,
2535 2786 2733 2844 arcet,»
2756 2786 2815 2833 ut

1771 2859 1911 2921 Virg.
1959 2855 2067 2908 Ecl.
2116 2857 2165 2918 7,
2218 2856 2308 2908 47:
2354 2857 2616 2907 solsticium
2641 2858 2814 2920 pecore·

1771 2932 2023 2996 defendite.
2070 2933 2351 2995 Reperitur
2380 2932 2466 2981 hic
2494 2944 2623 2983 usus
2653 2932 2811 2983 etiam

1769 3007 1823 3057 in
1855 3006 2089 3070 pedestri
2119 3007 2374 3056 oratione.
2421 3006 2529 3057 Cic.
2567 3008 2679 3057 Cat.
2716 3009 2807 3057 ⁴5:

1768 3081 1948 3129 nivnios
1994 3081 2110 3131 solis
2164 3081 2378 3144 defendit
2424 3081 2647 3131 ardores.
2711 3094 2812 3146 pro

1771 3157 1821 3204 S.
1858 3155 2046 3204 Roscio
2084 3156 2139 3204 ⁴:
2176 3156 2420 3205 iniuriam
2444 3160 2628 3217 putant
2659 3170 2811 3218 opor-

1767 3234 1871 3279 tere
1892 3230 2099 3293 defendi.
2173 3231 2278 3280 Cfr.
2311 3243 2409 3280 nos
2439 3230 2509 3280 ad
2535 3231 2655 3280 Tac.
2687 3233 2806 3294 Agr.

1770 3303 1849 3354 30.
1919 3305 2003 3354 Sic
2041 3298 2281 3370 ἀμύνειν
2316 3307 2415 3354 cet.

1834 3377 1882 3429 4.
1925 3380 2083 3442 Usque
2105 3379 2248 3444 apud
2273 3382 2460 3444 poetas
2490 3393 2589 3443 pro
2612 3393 2663 3429 v.
2688 3392 2813 3429 sem-

1761 3468 1890 3517 per,
1932 3455 2146 3519 proprie
2188 3468 2360 3517 usque
2407 3454 2475 3504 ad
2523 3454 2811 3504 terminum

1768 3529 2045 3578 infinitum.
2093 3531 2206 3579 Iam
2239 3542 2428 3590 semper
2461 3529 2516 3577 et
2545 3542 2690 3591 saepe
2715 3542 2813 3593 pu·
2904 3553 2923 3574 ·

1769 3616 1931 3666 gnare
1966 3605 2112 3653 ratus
2157 3601 2220 3654 H.
2256 3601 2567 3666 Peerlkamp
2610 3615 2812 3666 propo-

1768 3679 1873 3727 suit
1903 3678 2021 3739 ipse.
2071 3678 2265 3727 Omnes
2293 3678 2416 3727 ante
2439 3689 2564 3727 eum
2581 3675 2810 3727 lectores

1768 3752 2047 3814 cogitando
2124 3749 2521 3815 suppleverant:
2607 3764 2802 3814 «usque

1770 3827 2044 3891 (semper),
2081 3839 2205 3875 cum
2235 3824 2446 3875 adest.»

1831 3902 1880 3951 ὅ.
1902 3901 1949 3949 6.
1975 3902 2140 3951 «Cum
2159 3900 2315 3950 Fauni
2333 3900 2632 3964 praesentia
2649 3905 2810 3950 uatum

1768 3977 1837 4027 sit
1860 3989 2078 4035 nemu3‚
2117 3975 2347 4036 mune,
2383 3975 2497 4024 sine
2526 3973 2631 4024 ullo
2663 3977 2810 4038 peri-

1768 4049 1905 4111 culo,
1938 4049 2062 4099 illud
2083 4052 2440 4114 pervagantur
2459 4049 2648 4110 deviae,
2684 4061 2807 4098 sae-

1766 4138 1864 4189 pe,
1916 4127 1975 4173 ut
2006 4124 2201 4184 solent,
2254 4136 2283 4172 a
2316 4123 2615 4174 tramitibus
2649 4124 2805 4173 deer-

1767 4202 1945 4250 rantes
1964 4238 1975 4259 ,
2023 4212 2265 4264 caprae.»
2308 4227 2359 4234 -
2394 4200 2597 4260 Inmane
2627 4199 2804 4261 namn]

1768 4275 1910 4325 Haec
1964 4271 2249 4323 cumulatio
2303 4286 2570 4324 summam
2632 4273 2804 4335 gregis
