3234 4975
1306 444 1505 494 LlBER.

1581 445 1774 495 CARM.
1815 445 1875 493 V.

865 599 1130 666 Canidia
1176 599 1413 665 rodens
1462 599 1762 686 pollicem

776 720 945 799 Quid
991 720 1148 785 dixit
1191 732 1300 785 aut
1343 720 1498 808 quid
1544 720 1790 787 tacuit?
1842 721 1900 785 Ο
1945 720 2141 786 rebus
2188 723 2349 787 meis

862 842 999 906 Non
1046 840 1337 907 infideles
1385 840 1698 917 arbitrae‚

2521 845 2603 906 50

774 964 910 1026 Nox
954 972 1018 1026 et
1060 962 1295 1036 Diana,
1343 982 1513 1048 quae
1559 961 1882 1027 silentium
1926 962 2135 1049 regis,

863 1083 1110 1147 Arcana
1155 1103 1302 1145 cum
1346 1081 1505 1146 fiunt
1549 1103 1769 1158 sacra5

777 1205 999 1276 Nunc,
1049 1223 1219 1267 nunc
1266 1201 1526 1278 adeste,
1576 1223 1747 1268 nunc
1790 1203 1855 1266 in
1902 1201 2165 1269 hostiles
2210 1203 2439 1269 domos

864 1325 1028 1389 Iram
1073 1333 1267 1409 atque
1313 1343 1551 1388 numen
1598 1322 1864 1389 vertite!

772 1447 819 1508 F
826 1442 1235 1509 ormidolosis
1280 1442 1435 1507 dum
1479 1441 1678 1507 latent
1718 1442 1894 1507 silvis
1940 1444 2114 1508 serae

2524 1445 2604 1508 55

561 1648 642 1697 53.
679 1648 866 1696 hostilis
887 1649 944 1696 B.
976 1672 1030 1682 —
1070 1649 1151 1696 55.
1190 1647 1560 1696 Formidolosae
1581 1648 1723 1697 bScd
1747 1687 1758 1706 ,
1796 1646 2013 1696 Bentleii
2035 1647 2305 1712 plerique,
2345 1651 2531 1699 LCtFJ.

501 1723 579 1784 (Ut
611 1735 709 1772 nos
742 1723 809 1782 B,
845 1721 1098 1771 Blandinii
1133 1725 1375 1781 vetereS,
1415 1738 1516 1786 γκ,

1553 1734 1666 1770 var.
1704 1720 1825 1770 lect.
1853 1737 1925 1780 ω,
1965 1721 2193 1771 Pottierii
2230 1722 2250 1770 4
2274 1761 2283 1780 ,
2311 1723 2370 1782 2,
2399 1722 2429 1770 3
2448 1760 2459 1782 ,
2487 1723 2535 1783 6,

497 1797 545 1844 8.
587 1794 777 1856 Aldus,
817 1795 1122 1856 BentleiuS.)
1167 1823 1219 1831 -
1255 1788 1394 1858 ilum]
1428 1809 1543 1844 cum
1576 1795 1741 1845 BbSc.

435 1981 661 2030 TASSIT.
711 1980 875 2044 Epod.
907 1982 996 2040 Π,
1026 1980 1056 2031 4
1080 1994 1160 2045 sq.
1202 1982 1342 2044 Virg.
1372 1978 1478 2030 Ecl.
1559 1981 1681 2029 4⁴2:
1715 1981 1822 2042 fida
1842 1980 2039 2029 silentia
2059 1981 2234 2029 sacris.
2291 1982 2439 2031 Ovid.
2478 1983 2600 2032 Met.

433 2057 464 2104 8
481 2094 493 2116 ,
549 2056 638 2104 69:
695 2056 938 2106 Carmina
968 2055 1047 2105 vel
1094 2056 1232 2106 caelo
1277 2059 1484 2117 possunt

429 2130 666 2179 deducere
708 2130 898 2179 lunam.
958 2128 1144 2178 Tibull.
1186 2132 1238 2190 l,
1282 2131 1338 2190 2,
1381 2129 1477 2180 44:

431 2204 573 2252 Hanc
620 2216 711 2265 eqo
754 2205 814 2253 de
857 2202 995 2252 caelo
1029 2205 1284 2252 ducentem
1315 2204 1484 2253 sidera

427 2276 565 2335 vidi3
624 2278 679 2325 et
728 2290 794 2325 ex
844 2277 1210 2339 antiquissima
1260 2275 1480 2337 quidem

430 2349 674 2412 opinione
710 2349 999 2411 significata
1034 2350 1142 2398 iam
1176 2348 1243 2398 ab
1279 2349 1482 2399 Aristo-

428 2423 604 2488 phane
644 2422 709 2484 (ν.
749 2423 818 2471 ad
855 2437 901 2471 v.
939 2424 1040 2483 24.)
1078 2426 1132 2472 et
1177 2421 1392 2472 Platone
1427 2424 1480 2472 in

430 2499 618 2559 Gorgia
650 2511 705 2561 p.
742 2498 858 2548 543.
895 2499 986 2547 Aa
1031 2493 1135 2559 τὰς
1167 2493 1273 2562 τὴν
1308 2492 1480 2562 σελή-

428 2587 534 2636 νην
549 2567 968 2641 καθαιρούσας,
995 2566 1097 2633 τὰς
1114 2569 1475 2632 Θετταλίδας.

429 2647 618 2697 Suidas
641 2648 694 2697 in
720 2642 848 2697 Ἐπὶ
870 2640 1064 2712 σαυτῷ
1099 2641 1205 2709 τὴν
1227 2643 1479 2711 σελήνην

429 2720 745 2783 καθέλκεις.
771 2747 827 2757 -
848 2721 1046 2784 deripit]
1084 2719 1269 2770 Tibull.
1310 2722 1356 2780 ⁴,
1385 2720 1474 2782 ⁴0,

427 2796 517 2845 60:
554 2809 581 2845 e
611 2796 748 2844 caelo
782 2795 964 2856 deripit
995 2795 1075 2843 ille
1107 2795 1237 2843 deos.
1267 2819 1324 2830 -—
1351 2794 1480 2843 irre-

429 2869 630 2930 sectwm]
671 2881 808 2918 «non
841 2871 1114 2917 resectum
1151 2866 1353 2930 pollicis
1375 2881 1478 2917 un-

427 2954 589 3004 guem
622 2941 827 3004 rodit,»
865 2940 1031 2990 rabiei
1065 2941 1293 3004 signum.
1345 2943 1478 2991 «Pe-

426 3016 657 3076 tronius,
710 3018 768 3065 ut
811 3017 1135 3066 monstraret
1180 3015 1473 3075 furentem,

418 3090 617 3151 pollice,
643 3091 732 3151 ait,
757 3104 912 3152 usque
928 3091 996 3139 ad
1009 3089 1292 3151 periculum
1306 3103 1473 3138 roso.»

426 3165 609 3214 Senot..
649 3164 865 3223 Martial.
904 3163 959 3222 4,
997 3165 1088 3224 27,
1126 3165 1186 3212 5:
1232 3164 1360 3213 Ecce
1391 3165 1478 3213 ile-

424 3250 542 3287 rum
579 3239 752 3300 nigros
792 3239 1013 3287 corrodit
1053 3238 1235 3287 lividus
1266 3250 1472 3300 unques.

429 3335 486 3346 -—
526 3312 655 3372 Quid
688 3312 820 3360 dixit
842 3312 966 3376 cet.]
1001 3312 1133 3375 Epp.
1176 3312 1231 3370 4,
1275 3312 1333 3371 7,
1378 3312 1470 3360 72:

425 3385 634 3432 dicenda
682 3387 894 3433 tacenda
947 3386 1153 3434 locum.
1227 3384 1475 3435 Similiter

427 3457 478 3505 h.
505 3456 541 3505 l.
581 3457 941 3508 «incredibilia
975 3459 1154 3508 dixit.»

491 3529 554 3579 50
575 3556 606 3566 -
627 3530 708 3580 54.
760 3532 874 3580 Non
905 3532 995 3595 ins.
1024 3532 1266 3595 arbitrae]
1307 3531 1474 3581 «fide—

425 3602 657 3653 lissimae
693 3606 889 3663 testes»,
938 3606 1181 3655 consciae
1222 3607 1276 3654 et
1314 3618 1475 3667 prae-

424 3678 656 3726 sentes.»
693 3678 877 3728 Scnor..
931 3677 1083 3741 Apul.
1120 3678 1188 3728 de
1221 3692 1359 3741 mag.
1387 3679 1467 3728 34.

424 3763 477 3813 p.
499 3749 621 3801 467:
659 3751 844 3800 solebat
867 3753 938 3800 ad
951 3765 1218 3814 maqomm
1233 3754 1474 3802 caerimo-

421 3825 536 3873 nias
574 3825 816 3873 advocari
865 3826 1145 3875 Mercurius
1188 3828 1473 3876 caminum

421 3904 589 3948 vector
624 3903 672 3948 et
703 3898 825 3947 illex
862 3899 1022 3947 artioni
1063 3900 1220 3949 Venus
1249 3905 1296 3949 et
1327 3901 1474 3950 Luna

422 3973 640 4023 noctium
689 3974 888 4023 conscia
935 3978 981 4023 et
1028 3975 1256 4024 manium
1295 3980 1473 4035 potens

427 4048 610 4096 Trivia.
634 4073 692 4083 -
720 4061 850 4108 quae
863 4048 1111 4097 silentium
1124 4048 1272 4112 roais]
1299 4060 1468 4111 «quae

422 4121 628 4172 silentio
661 4134 854 4185 praees
891 4120 1050 4185 idque
1083 4123 1327 4185 praestas
1351 4134 1470 4171 ma-

421 4197 550 4258 gicis
573 4197 787 4246 sacris»
825 4196 964 4259 Virg.
990 4198 1120 4246 Aen.
1147 4197 1178 4246 2
1196 4235 1209 4257 ,
1234 4196 1354 4245 255:
1394 4201 1471 4245 ια-

420 4272 548 4319 citae
581 4284 674 4331 per
712 4272 878 4321 amica
918 4271 1114 4321 silentia
1163 4272 1349 4321 Lunae.
1407 4271 1464 4331 3,

1558 2054 1619 2114 7,-
1644 2052 1757 2103 494.
1801 2053 2014 2104 Medea:
2071 2054 2268 2116 «Tuque
2295 2054 2476 2117 triceps
2504 2057 2606 2105 He-

1555 2132 1694 2186 cate,
1765 2141 1893 2188 quae
1942 2129 2126 2188 coeptis
2179 2129 2378 2178 conscia
2426 2131 2609 2179 nostris

1554 2200 1890 2260 adiutrixque
1920 2202 2109 2250 veni-v.»
2149 2226 2206 2237 —·
2243 2203 2417 2264 Nune,
2454 2204 2602 2267 nunc]

1558 2273 1663 2321 Csr.
1705 2272 1857 2322 Hand
1900 2275 2050 2323 TurS.
2086 2275 2173 2323 IV.
2211 2288 2330 2338 pag.
2374 2276 2487 2326 343.
2547 2303 2601 2312 —

1556 2347 1721 2395 adeste
1742 2346 1867 2409 cet.]
1894 2347 2048 2395 «Mihi
2072 2347 2330 2410 propitiae
2353 2349 2490 2408 sitis,
2528 2351 2605 2398 ira

1554 2421 1733 2469 vestra
1762 2421 1816 2468 in
1846 2420 2028 2469 hostes
2053 2432 2202 2470 meos
2224 2420 2518 2484 ablegata.»
2547 2449 2601 2458 —

1548 2495 1758 2558 hostiles]
1797 2509 1913 2556 eas,
1951 2508 2089 2558 quae
2118 2495 2369 2545 Canidiae
2403 2508 2597 2546 exosae

1554 2570 1732 2629 erant,
1784 2568 1949 2618 veluti
2006 2570 2126 2618 Vari
2169 2571 2482 2619 amicarum.
2542 2597 2596 2606 —

1551 2642 1706 2705 Iram]
1722 2644 1855 2692 Satis
1873 2643 2005 2693 mire
2014 2643 2200 2692 Arcum
2214 2643 2344 2693 Cod.
2358 2643 2600 2694 Brodaei.

1552 2717 1646 2767 Est
1679 2718 1858 2766 tamen
1882 2719 2058 2765 ortum
2082 2729 2148 2766 ex
2170 2730 2220 2765 v.
2248 2718 2337 2765 52:
2372 2717 2595 2766 Arcana.

1616 2792 1697 2839 55.
1725 2790 1806 2840 56.
1834 2789 2200 2852 Fomidolosis]
2229 2803 2397 2852 «quae
2421 2789 2599 2840 sormi-

1552 2863 1735 2914 dinem
1769 2864 2027 2913 incutiunt
2059 2863 2281 2913 horrore
2305 2876 2404 2913 suo
2428 2876 2492 2912 ac
2516 2865 2600 2913 te·-

1551 2939 1786 2989 nebris.»
1808 2938 1947 3000 virg.
1966 2940 2056 2987 Ge.
2078 2936 2128 2999 4,
2147 2935 2271 2987 468:
2296 2938 2362 2986 Et
2375 2938 2604 3000 caligan-

1551 3017 1648 3062 tem
1685 3013 1839 3076 nigra
1863 3012 2131 3076 formidine
2159 3013 2343 3062 lucum.
2404 3014 2601 3063 Lucan.

1552 3086 1609 3146 3,
1636 3086 1760 3137 444:
1797 3085 2069 3136 Arboribus
2089 3099 2209 3135 silus
2238 3086 2422 3135 horror
2459 3088 2600 3137 inest.

1557 3159 1733 3210 Altera
1796 3159 1953 3211 lectio
2001 3160 2355 3223 somidolosae
2405 3160 2602 3211 idcirco

1551 3234 1862 3295 reficienda,
1890 3235 2035 3298 quod
2058 3235 2238 3284 statim
2262 3235 2503 3298 sequitur
2525 3233 2604 3283 al-

1550 3312 1727 3360 terum
1751 3309 1988 3359 serarum
2011 3308 2277 3360 ἐπίθετον
2300 3309 2597 3371 languidam

1548 3385 1829 3447 praeterea
1864 3384 2173 3445 ambiguum
2216 3382 2402 3432 fuisset
2435 3382 2597 3430 etiam

1547 3458 1796 3507 Romanis
1833 3458 1959 3520 ipsis
1983 3495 1995 3515 ,
2032 3459 2212 3505 utrum
2242 3454 2596 3517 formidolosae

1543 3531 1684 3593 ferae
1718 3533 1900 3581 essent
1936 3529 2265 3588 «timidae»,
2320 3540 2387 3576 an
2424 3526 2600 3576 «fero-

1546 3617 1691 3655 ces.»
1762 3604 1858 3663 Qui
1907 3606 2085 3652 tamen
2130 3602 2270 3651 hanc
2311 3600 2599 3650 lectionem

1545 3678 1803 3741 praefert,
1855 3677 2038 3740 utique
2075 3673 2339 3739 explicare
2377 3672 2599 3723 debebit

1543 3754 1720 3816 priore
1758 3751 1944 3811 modo,
1982 3752 2041 3799 ut
2073 3764 2133 3799 re
2167 3762 2295 3798 vera
2331 3749 2454 3798 fecit
2492 3750 2599 3799 Re-

1543 3825 1645 3889 gel.
1685 3825 1780 3875 Od.
1808 3827 1864 3886 2,
1895 3824 1981 3885 ⁴3,
2005 3823 2093 3874 40:
2137 3823 2335 3872 timidos
2356 3849 2384 3858 —
2405 3823 2595 3884 lyncas.

1545 3901 1822 3961 Ceterum,
1878 3899 2006 3949 dum
2058 3897 2352 3959 dormiunt,
2407 3900 2596 3949 neutro

1544 3987 1673 4023 sane
1707 3986 1871 4023 sensu
1912 3974 2036 4023 sunt
2076 3972 2443 4035 formidolosae.
2503 3974 2596 4021 At-

1544 4060 1651 4109 que
1698 4046 1979 4096 nobiscum
2024 4047 2186 4097 Voss:
2243 4046 2314 4095 im
2357 4046 2596 4096 saltauer-

1542 4121 1710 4183 hat'len
1743 4121 1903 4170 Forst.
1952 4147 2009 4157 —
2065 4121 2200 4185 dmn]
2255 4134 2383 4185 uper
2426 4123 2591 4170 totam

1544 4194 1700 4258 igitur
1734 4197 1997 4245 noctem.»
2057 4195 2334 4246 Efficacius
2376 4196 2477 4244 hoc
2512 4194 2594 4242 vi-

1544 4270 1703 4320 detur
1735 4282 1898 4333 quam
1931 4283 2068 4331 own,
2117 4270 2262 4333 quod
2296 4282 2424 4319 sane
2464 4280 2594 4331 pera
