3234 4975
659 357 782 421 262

1423 363 1677 411 noum!
1715 364 2050 415 CARMINUM

999 516 1187 581 Victis
1233 516 1513 581 minores
1561 516 1821 583 volvere
1864 519 2176 591 vertices,

1080 638 1378 723 Intraque
1431 639 1904 725 praescriptum
1950 639 2233 705 Gelonos

1164 758 1425 845 Exiguis
1470 760 1763 846 equitare
1812 761 2076 847 campie.

783 957 864 1004 22.
901 955 1111 1020 volvere]
1159 960 1349 1004 vertere
1381 973 1417 1021 y
1465 957 1694 1018 (Kirchn.
1731 969 1783 1021 p.
1823 956 1954 1020 36.),
2003 956 2174 1007 tollere
2220 959 2485 1008 Luctatius
2520 958 2658 1009 Plac.
2698 961 2762 1009 ad

721 1031 845 1079 Stat.
885 1028 1049 1080 Theb.
1092 1030 1170 1089 44,
1209 1030 1322 1079 508.
1365 1057 1419 1065 -
1456 1032 1667 1079 vortices
1700 1032 1755 1080 L.
1797 1032 1875 1092 (Ut
1908 1044 2023 1091 nos,
2062 1030 2326 1094 BbSTcd.)

659 1204 830 1268 Victis]
883 1206 967 1254 Sic
1008 1206 1195 1254 Cicero
1247 1219 1345 1268 pro
1398 1192 1566 1255 Sestio
1604 1208 1702 1257 6⁴:

655 1278 787 1326 orbis
828 1282 1084 1328 terrarum
1125 1280 1350 1342 reqiones
1383 1294 1412 1327 a
1447 1281 1703 1343 Pompeio

655 1353 919 1401 adiunctas
938 1353 1052 1402 huic
1075 1354 1283 1414 imperio
1306 1354 1449 1413 dicit,
1477 1356 1532 1402 et
1547 1355 1701 1403 Verr.

654 1430 780 1476 Ace.
807 1428 863 1485 ὅ,
901 1427 964 1475 6:
1001 1428 1220 1476 maiores
1252 1441 1366 1476 cum
1388 1428 1614 1477 Siciliam
1638 1429 1708 1476 ad

653 1513 762 1549 rem
787 1501 1046 1561 publicam
1068 1502 1425 1550 adiunoeissent.
1458 1529 1514 1538 -
1539 1502 1707 1550 mino·

653 1574 749 1637 res]
780 1575 932 1637 «quia
956 1573 1279 1624 debellatum
1315 1589 1375 1625 se
1410 1578 1586 1636 sentit,
1628 1576 1707 1625 sa·-

658 1650 799 1697 stum
815 1686 826 1708 ,
854 1661 959 1710 quo
981 1650 1130 1712 prius
1155 1649 1423 1710 tumebat,
1449 1650 1703 1709 abiecit»;

657 1724 808 1773 cuius
843 1724 1060 1773 demissi
1095 1725 1254 1774 animi
1298 1725 1509 1787 signum
1549 1723 1705 1774 nobis

657 1798 906 1861 proponit
957 1798 1071 1847 eius
1116 1800 1346 1848 vertices
1391 1799 1566 1848 minus
1610 1812 1707 1847 ae-

657 1874 868 1922 stuosos
893 1886 1054 1935 quam
1078 1876 1259 1933 antea,
1296 1887 1421 1923 cum
1445 1887 1586 1923 nunc
1603 1912 1615 1933 ,
1649 1874 1708 1922 ut

655 1946 787 1994 καθ’
825 1940 1149 2015 ὑπερβολὴν
1184 1948 1335 2007 dicit,
1374 1947 1598 2010 yentt'bus
1620 1949 1709 1996 ad—

657 2022 844 2081 ditum,
897 2021 951 2070 id
1003 2023 1114 2083 est,
1184 2021 1410 2084 imperio
1467 2023 1705 2071 Romano

658 2094 960 2146 subiectum
997 2097 1081 2146 sit.
1154 2096 1315 2145 Tacit.
1343 2098 1478 2144 Anu.
1516 2096 1574 2156 4,
1613 2096 1704 2144 79:

657 2170 780 2229 quin
837 2168 1000 2229 ipsum
1063 2168 1271 2218 Tiberim
1326 2168 1455 2217 nolle
1496 2183 1709 2231 prorsus

659 2243 843 2291 accolis
872 2244 1040 2306 flwiis
1071 2243 1304 2291 orbatum
1323 2243 1520 2291 minore
1539 2244 1710 2306 qloria

658 2319 828 2380 fluere.
889 2343 944 2352 —-
994 2317 1215 2380 vertices]
1274 2318 1422 2366 Hane
1457 2318 1705 2376 sormam,

661 2404 768 2440 non
827 2391 1061 2451 vorticeS,
1130 2391 1343 2440 videtur
1392 2390 1709 2455 praetulisse

663 2466 826 2516 etiam
858 2464 1118 2528 VirgiliuS.
1209 2466 1314 2517 Cir.
1357 2466 1592 2528 Wagner
1643 2465 1710 2515 ad

663 2543 755 2589 Ge.
785 2541 839 2600 4,
877 2538 991 2589 484.
1028 2541 1159 2589 Aen.
1201 2541 1257 2600 4,
1298 2540 1410 2590 447.
1466 2541 1707 2604 orthogr.

662 2612 853 2677 Vergil.
890 2627 944 2677 p.
972 2612 1086 2664 484.

729 2765 808 2814 23.
849 2763 1084 2828 Gelonos]
1123 2764 1262 2828 Virg.
1305 2766 1435 2816 Aen.
1481 2766 1539 2826 8,
1578 2766 1706 2814 725:

1778 1206 1869 1255 Hic
1904 1206 2108 1270 Leleqas
2142 1208 2401 1268 Carasque
2432 1210 2832 1273 saqittiserosque

1782 1280 1991 1329 Gelonos
2016 1283 2243 1344 finxerat
2280 1284 2522 1345 (victos).
2598 1283 2829 1344 «Geloni,

1780 1355 2014 1418 primum
2049 1357 2331 1405 memorati
2367 1355 2436 1405 ab
2473 1357 2744 1407 Herodoto
2780 1358 2829 1418 4,

1783 1428 1925 1488 ⁴08„
1968 1429 2257 1479 Sarmatiae
2295 1432 2407 1480 sive
2443 1432 2692 1493 Scythiae
2726 1432 2834 1481 Eu-

1780 1515 2010 1565 ropaeae
2047 1503 2253 1566 populi,
2306 1506 2357 1553 in
2402 1508 2681 1568 posterum
2728 1507 2832 1556 iam

1782 1578 1915 1625 intra
1939 1589 2066 1626 suos
2091 1577 2367 1627 dumtaxat
2389 1578 2549 1639 fines,
2582 1582 2640 1628 ut
2663 1578 2836 1629 soient

1780 1648 2065 1709 Nomades,
2102 1652 2420 1712 equitabunt,
2459 1666 2637 1715 neque
2663 1656 2722 1702 ut
2744 1668 2836 1702 an-

1781 1724 1866 1771 tea
1918 1724 1970 1771 in
2020 1724 2315 1774 Romanam
2369 1724 2669 1787 dicionem,
2728 1739 2834 1790 qua

1782 1798 1859 1846 eis
1896 1809 2038 1846 nune
2073 1797 2415 1848 interdictum
2456 1802 2539 1849 est
2570 1798 2637 1849 ab
2661 1803 2838 1861 Augu-

1782 1872 1898 1930 st0,
1950 1871 2284 1921 incursiones
2330 1872 2576 1922 sacient.»
2648 1872 2834 1923 Florus

1780 1943 1837 2005 4,
1865 1945 1952 2005 42,
1981 1946 2070 1993 20:
2104 1946 2376 1995 Sarmatae
2389 1946 2675 2008 patentibus
2696 1960 2837 1995 cam—

1773 2019 1857 2080 pis
1890 2018 2143 2083 (Stoppen)
2186 2020 2479 2080 inequitant.
2524 2048 2578 2055 —
2614 2021 2833 2084 Eoeiquis

1782 2095 1987 2153 autem,
2015 2095 2059 2143 si
2084 2096 2481 2158 comparaveris
2507 2108 2630 2144 cum
2655 2096 2831 2158 priore

1784 2180 1973 2216 eorum
2024 2166 2260 2229 lieentia,
2315 2181 2419 2230 qua
2462 2169 2596 2218 fines
2630 2170 2831 2232 patrios

1784 2240 2045 2291 arbitratu
2078 2254 2177 2291 suo
2214 2242 2580 2303 excedebant,
2636 2243 2833 2292 Roma-

1783 2329 1881 2365 nos
1901 2329 2057 2377 agros
2077 2315 2527 2379 depopulabuudi.
2566 2316 2671 2366 Csr.
2692 2318 2831 2366 Mon.

1784 2392 1979 2452 Ancyr.
2008 2389 2093 2439 ed.
2120 2391 2201 2439 Fr.
2234 2404 2284 2453 p.
2312 2390 2375 2439 36
2398 2405 2409 2438 :
2446 2392 2685 2439 Nostram
2706 2390 2833 2439 ami-

1784 2465 1955 2515 citiam
2002 2466 2251 2526 petierunt
2275 2478 2373 2526 per
2406 2465 2593 2528 leqatos
2623 2466 2838 2515 Bastar-

1784 2553 1882 2588 nae
1932 2544 1977 2588 et
2026 2539 2241 2600 Scythae
2289 2543 2335 2588 et
2385 2539 2839 2589 Sarmatarum

1785 2616 1857 2664 cis
1883 2614 2091 2666 Tanaim
2109 2615 2320 2678 fluvium
2346 2613 2652 2676 Tanaimque
2680 2615 2832 2662 ultra.

1791 2689 1915 2752 (Cir.
1955 2687 2089 2738 Flor.
2128 2687 2185 2748 4,
2229 2688 2316 2748 ⁴2,
2358 2688 2437 2738 48.
2525 2689 2667 2738 Suet.
2722 2689 2833 2738 Oct.

1788 2763 1869 2814 2⁴.
1910 2765 1964 2814 et
1995 2762 2076 2813 43.
2137 2764 2319 2833 lustin.
2360 2761 2448 2823 42,
2486 2763 2555 2824 5.)
