3234 4975
680 401 802 466 430

1437 403 1694 454 ΗΟΒΑΤΙΙ
1731 403 2066 455 ΟΑΒΜῙΝῙῙΜ
2177 445 2180 449 .

1099 560 1454 625 Caucasum
1498 558 1599 625 vel
1644 580 1813 646 quae
1857 557 1999 625 loca
2043 557 2369 625 fabulosus

1346 679 1592 746 Lambit
1637 678 1998 769 Hydaspes,

1091 842 1378 928 Namque
1424 858 1527 904 me
1572 837 1732 904 silva
1773 838 1967 927 lupus
2014 840 2075 903 in
2121 839 2389 913 Sabina,

1094 963 1260 1026 Dum
1304 980 1517 1026 meam
1559 970 1745 1026 canto
1789 959 2066 1048 Lalagen
2111 970 2175 1026 et
2216 959 2382 1026 ultra

2753 960 2832 1024 lo

1091 1081 1456 1148 Terminum
1501 1082 1676 1148 curis
1719 1101 1918 1169 vagor
1960 1081 2308 1167 expeditis,

1344 1203 1528 1290 Fugit
1568 1202 1917 1280 inermem,

1092 1361 1297 1441 Quale
1342 1371 1704 1449 portentum
1749 1381 1963 1449 neque
2006 1359 2295 1426 militaris

803 1573 881 1622 44.
918 1572 1176 1632 expeditus
1214 1570 1250 1619 d
1293 1572 1346 1620 et
1387 1582 1526 1620 corr.
1569 1568 1650 1630 b.,
1699 1570 1827 1620 item
1867 1567 2049 1629 Aldus,
2096 1571 2158 1619 Lt
2191 1571 2245 1618 et
2277 1568 2445 1619 Bentl.
2519 1570 2764 1633 (Codices

735 1661 839 1697 non
874 1646 1126 1696 nominat.
1181 1647 1244 1696 Ut
1275 1656 1390 1704 nos,
1429 1644 1593 1694 ceteri
1628 1643 1810 1705 nostri,
1847 1646 2098 1707 quattuor
2128 1642 2333 1706 mand„
2370 1646 2504 1694 Pott.
2532 1644 2762 1708 decem.)

732 1816 780 1864 7.
818 1816 866 1865 8.
919 1812 1477 1878 fabulosus-Hydaspes,
1516 1824 1711 1861 nomen

668 1889 979 1951 corruptum
1007 1900 1071 1936 ex
1095 1884 1278 1936 Indico
1309 1887 1497 1935 Vitasta
1518 1886 1714 1935 «emis-

669 1975 759 2013 sa»
782 1962 864 2025 (cf.
886 1963 1030 2011 1.,333.
1055 1958 1161 2010 ind.
1178 1958 1276 2009 Alt.
1292 1959 1332 2008 1.
1350 1957 1405 2010 44
1421 1997 1431 2008 .
1449 1972 1499 2008 n.
1517 1959 1608 2021 2.),
1632 1961 1715 2008 est

668 2036 845 2088 Indiae
885 2035 1076 2084 fluvius
1125 2033 1264 2098 (hod.
1306 2033 1500 2097 Behut),
1538 2047 1711 2096 usque

669 2111 738 2162 ad
766 2123 930 2174 quem
962 2108 1261 2158 Alexander
1293 2110 1359 2158 M.
1384 2110 1707 2172 penetrarat.

669 2187 745 2236 De
782 2199 847 2235 eo
880 2183 1043 2235 multa
1075 2183 1306 2247 fabulosa
1339 2196 1368 2233 a
1391 2184 1561 2247 poetis
1584 2196 1713 2232 nar-

670 2259 943 2319 rabantur,
980 2257 1144 2307 veluti
1179 2257 1470 2307 auriferum
1492 2257 1717 2320 gemmi-

670 2335 949 2396 ferumque
985 2345 1125 2393 esse,
1162 2332 1476 2396 praesertim
1512 2333 1565 2381 in
1585 2333 1714 2382 Dio—

671 2409 928 2472 nysiacis3
967 2409 1022 2456 et
1043 2408 1149 2456 tota
1171 2406 1318 2456 India
1343 2408 1713 2471 portentorum

671 2483 844 2549 plena.
883 2480 976 2531 Od.
1011 2480 1060 2540 3,
1100 2480 1158 2542 4,
1196 2481 1252 2531 9:
1308 2479 1613 2545 fabulosae-
1636 2507 1715 2517 --

661 2557 939 2621 palumbos.
988 2558 1110 2607 Tac.
1138 2557 1315 2605 Germ.
1354 2556 1409 2605 3:
1448 2553 1604 2607 Ulixis
1636 2556 1717 2618 sa-

672 2633 839 2683 buloso
860 2643 1049 2680 erroro.
1086 2630 1298 2680 Curtius
1321 2630 1371 2689 3,
1396 2630 1457 2679 2;
1483 2631 1718 2690 Marsyas

668 2707 848 2767 mia,
881 2705 1118 2769 sabulosis
1139 2706 1448 2755 Graecorum
1475 2704 1716 2753 cannati-

668 2783 757 2833 bus
775 2781 989 2829 inclitus
1015 2779 1167 2830 Notio
1185 2779 1332 2840 clm-i,
1352 2779 1527 2840 incliti,
1549 2791 1713 2841 quam

666 2859 755 2909 hic
778 2852 1015 2906 nonnulli
1037 2855 1356 2916 agnoscunt,
1384 2867 1490 2903 non
1514 2855 1598 2903 est
1615 2853 1712 2903 nisi

669 2929 1003 2984 secundaria.
1094 2928 1227 2977 Nam
1275 2925 1404 2977 Plin.
1455 2928 1515 2977 Η.
1563 2930 1625 2978 N.
1660 2928 1708 2977 5.

671 3007 727 3056 l:
752 3008 966 3054 montem
985 3001 1184 3064 Africae
1201 3001 1280 3050 vel
1297 3001 1715 3063 fabulosissiumnn

669 3080 949 3138 Atlantem,
1008 3075 1136 3126 item
1187 3076 1404 3139 proprie
1460 3075 1713 3140 explicari

672 3152 851 3213 debet,
890 3151 957 3201 de
993 3163 1100 3213 quo
1133 3149 1332 3201 multae
1356 3149 1564 3202 fabulae
1588 3154 1716 3202 sunt

668 3230 808 3278 inter
830 3226 1176 3275 homines.—
1121 3225 1473 3289 —Lambifln
1448 3229 1717 3290 «praeter-

669 3300 866 3353 labitur
882 3302 935 3348 et
951 3297 1158 3362 placide
1176 3297 1370 3349 alluit.»
1394 3301 1522 3350 Stat
1544 3301 1709 3352 Theb.

673 3375 851 3438 4,5.4

738 3526 787 3575 9.
843 3524 987 3587 silva]
1027 3487 1196 3588 prope
1235 3523 1488 3575 Sabinum
1532 3538 1708 3576 suum.

672 3601 768 3652 od.
805 3599 854 3662 3,
900 3601 978 3658 46,
1014 3599 1094 3649 29.
1133 3599 1201 3649 de
1237 3600 1449 3651 eadem:
1492 3603 1715 3663 silvaque

669 3677 901 3739 iugerum
928 3675 1224 3725 Panem-mn.

741 3750 818 3799 40.
856 3749 1094 3813 Lalagen]
1128 3750 1272 3799 Livia
1292 3750 1480 3813 Lalage
1499 3751 1712 3814 reperta

673 3826 756 3875 est
790 3824 841 3873 in
875 3821 1205 3875 columbario
1237 3824 1412 3875 Liviae
1446 3828 1712 3888 Augustae

673 3897 816 3963 apud
847 3898 1115 3949 Bianchini
1150 3899 1210 3947 N.
1249 3897 1362 3957 439,
1400 3910 1561 3961 quam
1583 3912 1717 3949 non-

674 3971 800 4025 nulli
835 3974 950 4022 sine
984 3971 1088 4022 ulla
1121 3984 1283 4022 causa
1307 3985 1406 4036 pro
1429 3973 1713 4024 Horatiana

673 4045 993 4097 habuerunt.
1064 4046 1335 4108 Frequens
1371 4046 1475 4097 hoo
1509 4045 1714 4097 liberti-

677 4133 864 4172 narum
900 4133 1094 4172 nomen
1130 4133 1163 4169 a
1194 4118 1468 4187 λαλαγέω.
1509 4148 1564 4157 -
1590 4125 1717 4172 Por-

674 4195 901 4259 phyrion
933 4194 987 4244 in
1020 4193 1114 4244 Ed.
1149 4195 1411 4258 principe:
1455 4200 1710 4256 «cantaro,

675 4281 999 4332 componere
1036 4265 1238 4318 scilicet
1271 4267 1479 4319 librum.
1534 4267 1713 4320 Lucilii

1790 1812 1971 1861 sextus
2015 1811 2257 1861 decimus
2298 1809 2541 1874 Collyrae
2583 1813 2832 1864 inscribi-

1788 1886 1900 1945 tur,
1947 1899 2038 1947 eo,
2092 1886 2236 1948 quod
2287 1886 2355 1937 de
2400 1885 2609 1950 Collyra
2658 1889 2830 1940 amica

1788 1960 2016 2024 scriptus
2039 1962 2160 2010 sit.»
2198 1960 2290 2011 Ed.
2317 1963 2434 2012 Bas.
2464 1963 2614 2012 458οῑ
2645 1964 2834 2013 «Com-

1786 2046 1946 2097 pon0,
1983 2033 2095 2085 scil.
2135 2034 2330 2086 librum
2363 2034 2605 2100 Lalagen.
2666 2038 2738 2087 Ita
2774 2036 2834 2086 li-

1787 2106 1887 2157 ber
1920 2109 2037 2158 Sex.
2084 2110 2230 2160 Decii
2273 2109 2483 2173 Collyra
2526 2111 2831 2162 inscribitur

1788 2185 1924 2233 cet.»
1996 2182 2100 2233 Cfr.
2138 2197 2243 2234 van
2278 2184 2491 2235 Heusde
2525 2185 2594 2235 de
2628 2186 2683 2236 L.
2721 2188 2830 2236 Ae-

1787 2255 1856 2306 lio
1893 2255 2087 2307 Stilone
2121 2271 2173 2321 p.
2212 2258 2292 2308 38.

1841 2331 1919 2381 44.
1945 2333 2241 2397 Tonninum]
2262 2334 2431 2383 «Dum
2452 2335 2624 2384 tractu
2649 2346 2830 2384 amoe-

1786 2419 1856 2456 no
1890 2420 1954 2456 ac
1986 2404 2282 2471 voluptario
2326 2408 2654 2471 somniisque
2692 2409 2828 2457 meis

1786 2482 2006 2546 poeticis
2021 2484 2209 2546 captus
2225 2480 2360 2533 ultra
2378 2483 2665 2534 terminum
2679 2482 2830 2547 agelli

1787 2558 1893 2606 mei
1945 2556 2149 2616 Sabini,
2217 2558 2352 2607 intra
2416 2570 2578 2621 quem
2642 2559 2829 2608 termi—

1788 2644 1916 2680 num
1950 2631 2061 2681 fera
2104 2630 2241 2681 nulla
2286 2632 2519 2682 timenda
2555 2635 2693 2692 erat,
2738 2645 2829 2682 se-

1787 2718 1950 2755 curus
1985 2706 2037 2755 in
2072 2718 2262 2756 nemus
2298 2719 2544 2769 evagor.»
2573 2708 2831 2757 -cum's-

1785 2781 2041 2844 medicis]
2076 2782 2127 2829 in
2151 2780 2386 2844 pedestri
2419 2781 2657 2832 oratione
2690 2781 2827 2830 curis

1786 2854 2073 2916 meditus,
2125 2856 2186 2904 ut
2238 2853 2440 2904 habent
2478 2854 2646 2910 Codd.
2691 2868 2828 2906 non-—

1787 2928 1927 2979 nulli.
1986 2930 2100 2980 Hoc
2141 2927 2507 2992 praetulerunt
2551 2928 2719 2980 Bentl.
2773 2932 2830 2979 et

1788 3004 1848 3054 H.
1885 3003 2213 3068 Peerlkamp.
2276 3004 2353 3054 Tu
2387 3003 2481 3054 cfr.
2520 3002 2705 3055 Catuli.
2742 3005 2823 3066 34,

1786 3079 1842 3128 7:
1887 3079 1928 3128 Ο
1972 3080 2092 3140 maid
2131 3080 2303 3129 solutis
2333 3085 2405 3130 est
2443 3079 2633 3129 beatae
2663 3079 2826 3129 ctu-is!

1786 3156 1863 3204 Ac
1908 3155 2056 3203 reete
2092 3155 2332 3216 anpoditis
2372 3153 2572 3204 mavolt
2609 3166 2827 3204 mecum

1787 3226 2158 3291 Dillenhurger
2187 3226 2273 3278 vel
2295 3230 2516 3293 propter
2536 3229 2830 3278 homoiote-

1785 3301 1989 3362 leuton,
2044 3305 2196 3353 cuius
2239 3302 2405 3354 multa
2447 3303 2601 3354 affert
2641 3316 2829 3353 exem-

1785 3376 1890 3442 pla,
1918 3378 1977 3426 ut
1993 3376 2087 3426 Od.
2108 3379 2157 3435 2,
2186 3378 2264 3437 42,
2294 3378 2347 3426 4ε
2373 3378 2526 3442 longa
2543 3378 2682 3440 serae
2701 3377 2829 3427 bella

1784 3451 2107 3513 Nmnantiao,
2129 3453 2179 3511 2,
2211 3452 2290 3509 46,
2311 3452 2400 3502 38:
2432 3452 2678 3514 spirim
2698 3453 2830 3502 Gra-

1785 3527 1865 3576 ias
1897 3530 2089 3575 tenuem
2109 3525 2385 3585 Camenae,·
2419 3527 2546 3577 item
2567 3527 2617 3587 2,
2655 3526 2735 3586 47,
2774 3527 2821 3575 4.

1786 3600 1846 3660 3,
1885 3600 1942 3659 6,
1979 3598 2026 3651 4.
2065 3598 2123 3659 3,
2153 3600 2235 3661 24,
2271 3601 2320 3649 5.
2358 3600 2406 3662 3,
2440 3601 2522 3660 22,
2559 3602 2608 3650 7.
2653 3598 2820 3664 Epod.

1788 3676 1869 3734 47,
1893 3673 1972 3723 35.
2011 3674 2247 3725 Permira
2269 3676 2453 3725 autem
2475 3677 2558 3724 est
2579 3674 2747 3724 Mohri
2771 3674 2826 3724 et

1785 3748 2054 3799 Bosschae
2096 3750 2460 3812 interpretatio
2499 3748 2824 3811 iungentium

1784 3824 1925 3873 ultra
1969 3825 2236 3874 uminum
2285 3824 2556 3886 modici-v,
2610 3822 2665 3873 id
2707 3823 2822 3883 est,

1789 3899 2082 3958 «nimium,
2134 3897 2252 3963 plus
2295 3911 2470 3961 aequo
2513 3897 2824 3961 expeditis.»

1854 3971 1932 4022 43.
1983 3972 2287 4036 portentum]
2345 3970 2626 4042 πέλωρον,
2677 3972 2829 4037 μέγα

1786 4042 2205 4187 aaa&
2234 4119 2797 4192 .........

2449 4157 2464 4183 ‚
2794 4145 2826 4158 ..

1785 4210 1907 4266 ρας.
1939 4221 1993 4231 -
2027 4195 2279 4260 militaris]
2318 4208 2489 4260 «quae
2523 4195 2717 4246 milites
2738 4205 2827 4258 ge-

1786 4273 1939 4321 nerat
1972 4273 2220 4321 strenuos
2254 4283 2318 4322 ac
2351 4270 2568 4321 sortes.»
