3234 4975
636 375 753 438 2⁴24

1407 379 1659 429 ΗΟΒΑΤῙΙ
1697 380 2030 431 CAaMlNUM

969 530 1182 599 Latius
1226 556 1457 621 regnes
1503 535 1763 601 avidum
1808 535 2135 601 domando

968 655 1304 741 Spiritum,
1352 677 1547 743 quam
1591 658 1646 722 si
1692 656 1962 746 Libyam
2006 658 2267 724 remotis

2712 656 2791 721 -lo

968 775 1251 842 Gadibus
1297 776 1522 863 iungas
1566 788 1631 843 et
1675 788 1950 866 uterque
1999 781 2256 845 Poenus

1302 898 1549 964 Serviat
1599 899 1725 963 uni.

967 1056 1213 1122 Crescit
1256 1055 1591 1144 indulgens
1636 1056 1756 1123 sibi
1802 1057 1982 1123 dirus
2026 1057 2342 1147 hydrops,

967 1179 1097 1245 Nec
1142 1177 1311 1243 sitim
1354 1176 1562 1262 pellit,
1611 1178 1730 1245 nisi
1777 1200 1974 1246 causa
2019 1180 2224 1247 morbi

762 1378 810 1425 9.
832 1376 1032 1426 Latium
1046 1376 1102 1426 T.
1125 1403 1178 1412 —
1196 1377 1250 1425 Μ
1265 1414 1275 1425 .
1291 1377 1474 1426 Pontus
1490 1376 1770 1426 Schrader,
1798 1404 1852 1412 —
1875 1376 1955 1426 ⁴3.
1972 1377 2129 1426 darm
2148 1377 2279 1428 Cod.
2297 1375 2480 1428 Bland.
2500 1380 2555 1428 et
2569 1376 2723 1430 Mald,

632 1555 791 1618 tangi,
831 1555 999 1616 «tangi
1034 1565 1093 1603 se
1128 1566 1235 1603 non
1267 1555 1514 1616 patitur.»
1573 1553 1670 1603 Od.

632 1626 681 1689 t,
708 1629 757 1687 ὅ,
783 1628 873 1677 20:
900 1627 1107 1689 culpari
1127 1628 1301 1676 metuit
1317 1628 1455 1690 fides,
1484 1640 1673 1677 «nemo

633 1704 742 1763 est,
777 1703 867 1766 qui
891 1716 1013 1752 eam
1034 1699 1231 1752 violare
1253 1700 1428 1751 velit.»
1466 1703 1594 1765 Epp.
1624 1703 1670 1760 ⁴,

634 1776 714 1836 46,
747 1776 837 1825 60:
868 1782 1087 1826 ntetuens
1114 1776 1300 1824 audiri.
1338 1776 1475 1838 Virg.
1508 1777 1598 1824 Ge,
1624 1776 1670 1835 4,

631 1850 754 1901 246:
782 1850 954 1900 Arctos
977 1852 1159 1900 Oceani
1174 1855 1438 1899 metuentes
1459 1863 1676 1911 aequore

631 1925 775 1988 tingi,
813 1938 879 1973 ex
899 1925 1041 1974 Arati
1063 1924 1150 1974 46:
1187 1916 1391 1994 ἄρκτοι
1424 1924 1672 1974 κυανέου

635 1997 1068 2065 πεφυλαγμένω
1111 1991 1432 2048 Ὠκεανοῖο.
1503 1997 1670 2048 GloSS.

630 2078 865 2122 renuente
895 2072 1064 2123 verbo
1089 2077 1330 2122 metue-nm
1351 2071 1673 2122 substituere

632 2145 847 2197 volebat
867 2147 1193 2199 Sanadonus.
1263 2147 1444 2212 (Fama
1470 2146 1571 2196 dea
1594 2148 1678 2197 est

633 2221 777 2286 apud
792 2224 996 2284 poetaS‚
1017 2235 1305 2285 nunquam,
1327 2220 1473 2285 quod
1483 2221 1672 2280 sciam,

633 2295 702 2346 ab
764 2296 1053 2347 artificibus
1116 2297 1343 2360 antiquis
1400 2308 1670 2359 expressa.

634 2370 738 2421 Cfr.
792 2372 1057 2435 Boettiger
1104 2372 1170 2421 kl.
1218 2372 1464 2434 Schriften
1510 2372 1570 2419 11.
1616 2370 1670 2418 S.

699 2521 779 2570 40.
817 2521 1077 2585 Spiritum]
1122 2521 1385 2582 animum,
1437 2515 1506 2569 τὸ
1551 2519 1677 2571 ἐπι-

631 2590 973 2660 θυμητικόν,
1009 2597 1068 2644 ut
1099 2594 1256 2645 simili
1295 2595 1674 2658 significatione

631 2667 824 2732 θυμοῦ
868 2665 1049 2732 πνοάς
1095 2669 1224 2719 dixit
1258 2671 1434 2734 Eurip.
1471 2671 1672 2722 Phoen.

632 2742 745 2795 454.
795 2744 974 2795 Herm.
1031 2746 1085 2794 et
1135 2745 1458 2807 posteriores
1510 2746 1677 2795 Latini

630 2819 797 2881 status.
869 2820 995 2869 Stat.
1033 2818 1200 2869 Theb.
1235 2821 1293 2879 4,
1331 2820 1454 2869 324ε
1490 2820 1680 2869 Attouit

629 2895 782 2956 flatus
813 2895 967 2942 ducis.
1039 2893 1168 2952 «Qui
1193 2896 1454 2956 pecuniae
1480 2895 1681 2958 cupidi-

634 2965 814 3015 datem
867 2966 1050 3016 domat
1101 2966 1344 3030 adeoque
1400 2981 1432 3017 a
1484 2967 1678 3020 divitiis

634 3040 1013 3090 coacervandis
1080 3040 1349 3104 sapienter
1413 3040 1673 3104 abstinet,

633 3115 787 3164 latius
828 3118 1035 3177 req-nat,
1087 3115 1255 3176 magis
1298 3115 1437 3177 regis
1480 3129 1678 3166 nomen

636 3190 903 3248 meretur,
963 3188 1276 3251 beatiorque
1328 3190 1454 3252 erit,
1513 3204 1677 3254 quam

635 3264 679 3314 si
713 3261 982 3312 latifundia
1015 3275 1115 3326 per
1148 3262 1374 3313 Africam
1411 3266 1465 3314 et
1487 3265 1678 3329 Hispa-

636 3337 777 3387 niam
834 3338 1133 3396 continuet,
1200 3337 1394 3401 quibus
1450 3339 1679 3390 admini-

634 3410 865 3462 strandis
906 3411 1097 3462 multas
1141 3413 1197 3461 et
1233 3412 1485 3465 molestas
1521 3428 1676 3465 curas

635 3485 908 3550 impendat
924 3500 1148 3537 necesse
1166 3491 1262 3537 est.
1298 3488 1533 3552 (Maqnas
1549 3492 1681 3539 inter

633 3574 747 3622 opes
778 3562 921 3623 inops
953 3561 1047 3610 Od.
1085 3561 1145 3621 3,
1186 3562 1276 3622 ⁴6,
1313 3564 1446 3626 28.)»
1501 3565 1680 3613 Homi-

635 3648 730 3685 nes
764 3634 1057 3699 locupletes
1079 3649 1241 3700 saepe
1268 3651 1408 3701 reyes
1428 3638 1678 3688 dicuntur

634 3713 692 3759 ut
725 3709 820 3759 Od.
863 3712 918 3770 l,
957 3709 1014 3770 4,
1054 3710 1140 3760 44:
1182 3713 1461 3775 Romamque
1493 3717 1674 3761 turres.

699 3785 778 3833 Η.
838 3790 1045 3847 uterque
1096 3786 1307 3849 Poenus]
1361 3788 1534 3836 «Cum
1588 3779 1716 3848 (ῐιιί1

636 3859 1005 3922 Karthaginem
1057 3863 1112 3909 et
1162 3862 1359 3912 Uticam
1411 3860 1573 3909 habet
1626 3862 1676 3909 in

632 3932 831 3992 Africa,
886 3937 999 3982 tum
1051 3934 1140 3996 qui
1192 3935 1363 3984 Gades
1411 3934 1674 3992 condid1t3

636 4007 872 4057 coloniae
908 4009 1415 4072 Karthaginiensium
1458 4007 1589 4059 aliae
1627 4010 1677 4058 in

639 4083 883 4146 Hispania
928 4096 1032 4132 non
1068 4083 1466 4133 excluduntur.»
1526 4087 1675 4134 Gsss.

642 4157 785 4205 Hanc
817 4170 978 4206 unam
1010 4152 1213 4207 rectam
1236 4171 1355 4208 esse
1381 4157 1682 4221 explicatio-

637 4245 760 4280 nem
797 4230 943 4292 (nonz
994 4235 1077 4281 «et
1111 4231 1474 4294 Syrophoenix
1512 4236 1567 4282 et
1599 4235 1679 4283 Li-

1748 1552 2077 1616 byphoenix:
2099 1555 2153 1617 n)
2211 1553 2544 1605 demonstrat
2599 1554 2792 1619 copula

1746 1632 1810 1687 et,
1848 1641 1985 1690 quae
2022 1627 2199 1678 verbis
2232 1628 2405 1691 ipsam
2443 1628 2791 1691 sequentibus

1749 1700 1972 1765 explicat
2003 1701 2408 1774 praecedentia.
2449 1704 2600 1767 quasi
2635 1703 2795 1754 dixis-

1747 1779 1853 1826 set:
1913 1790 2114 1839 «quam
2155 1778 2202 1827 si
2245 1776 2469 1841 Libyam
2506 1781 2709 1828 remotis
2742 1780 2788 1841 (a

1748 1851 1927 1914 Roma)
1964 1844 2195 1903 Gadibus‘
2230 1849 2442 1916 iungas,
2480 1853 2550 1902 ita
2573 1855 2632 1902 ut
2651 1855 2796 1903 uter-

1747 1939 1852 1989 que
1877 1928 2086 1977 Poenus
2108 1928 2306 1977 serviat
2327 1927 2420 1977 tibi
2444 1928 2585 1978 uni.»
2639 1927 2792 1977 Haud

1748 2013 1868 2050 raro
1903 2003 2082 2051 autem
2126 2004 2182 2051 et
2214 2002 2449 2052 Gaditani
2494 2006 2548 2051 et
2581 2005 2791 2053 ceterae

1749 2075 2258 2138 Karthaginiensium
2307 2075 2543 2126 coloniae
2594 2077 2645 2127 in
2701 2077 2790 2126 Hi-

1749 2150 1988 2213 spaniam
2036 2152 2265 2201 maxime
2307 2152 2577 2200 Baeticam
2621 2150 2795 2201 dedu-

1749 2227 1864 2274 ctae
1913 2227 2216 2275 Poenorum
2265 2225 2477 2275 nomine
2521 2223 2795 2288 appellan-

1749 2300 1851 2349 tur.
1920 2299 1997 2348 De
2041 2298 2306 2349 Gaditanis
2341 2300 2449 2349 Cic.
2487 2312 2586 2363 pro
2627 2297 2793 2349 Balbo

1750 2372 1836 2423 ⁴4:
1880 2374 2083 2435 Ignosco
2115 2373 2220 2435 tibi,
2256 2374 2298 2422 si
2328 2388 2485 2435 neque
2515 2375 2794 2424 Poenomm

1746 2448 1867 2498 iura
1898 2447 2062 2497 calles,
2108 2448 2280 2499 Livius
2314 2448 2377 2498 28
2396 2486 2409 2509 ‚
2445 2448 2526 2498 37.
2585 2448 2793 2512 Suffbtes

1747 2536 1945 2583 eowm,
1983 2522 2068 2583 qui
2098 2535 2319 2572 amamus
2351 2527 2422 2572 est
2439 2524 2610 2572 Poenis
2628 2524 2794 2587 magi—

1748 2602 1950 2646 stratus.
1988 2598 2066 2647 De
2102 2597 2296 2647 ceteris
2331 2596 2550 2649 coloniis
2585 2597 2712 2648 Plin.
2740 2599 2791 2658 3,

1750 2673 1804 2732 4,
1846 2672 1906 2720 3:
1946 2671 2102 2719 oram
2134 2685 2246 2720 eam
2274 2673 2562 2722 universam
2583 2673 2795 2736 oriyim‘s

1746 2747 2023 2794 Poenorum
2070 2745 2375 2794 evistimavit
2422 2748 2493 2796 M.
2545 2746 2790 2809 Agrippa.

1751 2822 1953 2869 Seneca
2001 2819 2210 2871 Consol.
2248 2820 2319 2869 ad
2361 2819 2508 2871 HeIV.
2547 2821 2603 2870 6:
2660 2822 2796 2882 Tyris·

1748 2896 1972 2958 Africam
2004 2894 2254 2953 incoluit&
2298 2895 2447 2944 Poeni
2477 2896 2790 2957 Hispaniam.

1749 2967 1884 3019 Nihil
1934 2971 2115 3018 autem
2165 2968 2410 3032 impedit,
2465 2982 2572 3032 quo
2620 2970 2795 3020 minus

1751 3044 1996 3094 Horatius
2028 3044 2489 3106 Karthaginienses
2513 3047 2567 3094 et
2588 3047 2795 3095 Poenos

1750 3118 2127 3182 Hispanienses
2159 3124 2425 3181 utumque
2456 3121 2672 3169 Poenum
2704 3131 2798 3182 ap-

1751 3192 1973 3257 pellarit,
2012 3195 2112 3243 etsi
2144 3194 2357 3257 proprie
2380 3206 2487 3244 non
2511 3194 2608 3244 ruit
2630 3194 2797 3244 Phoe·-

1751 3269 1870 3319 nice
1913 3268 2083 3317 maior
2127 3271 2180 3318 et
2224 3268 2421 3329 minor,
2475 3271 2534 3318 ut
2576 3270 2796 3332 propter

1750 3343 1854 3392 hoc
1888 3343 2078 3393 dicitur
2109 3348 2326 3405 utraque
2353 3343 2599 3407 Phryqia,
2644 3348 2795 3392 utra-

1751 3431 1844 3478 que
1873 3417 2139 3478 Armenia,
2191 3423 2398 3479 uterque
2447 3419 2688 3478 Maurus,
2743 3419 2797 3465 et

1750 3490 1995 3542 Paulinus
2031 3493 2210 3542 Poem.
2239 3492 2328 3540 47:
2365 3497 2575 3553 uterque
2603 3492 2791 3542 Dacus.

1750 3566 2029 3616 Schraderi
2082 3571 2290 3628 uterque
2340 3568 2524 3616 Pontus
2570 3566 2794 3616 nimium

1751 3644 1833 3691 est
1874 3654 1972 3690 nec
2015 3639 2163 3690 facile
2211 3640 2314 3690 dici
2349 3642 2558 3705 poterat
2590 3641 2691 3691 nisi
2724 3639 2793 3689 de

1748 3728 1856 3765 uno
1890 3716 2142 3776 Augusto,
2178 3717 2237 3763 ut
2269 3712 2336 3763 de
2369 3714 2475 3764 hoc
2503 3715 2618 3778 ipso
2642 3713 2791 3764 Ovid.

1753 3790 1871 3838 Met.
1914 3791 1999 3847 ⁴5,
2037 3789 2161 3839 829:
2203 3789 2334 3848 Quid
2366 3785 2453 3836 tibi
2487 3788 2791 3849 barbariem,

1748 3868 1914 3926 pentes
1963 3863 2026 3913 ab
2074 3868 2285 3924 atroque
2329 3861 2545 3911 iacentes
2578 3863 2790 3922 oceane,

1749 3936 2042 3987 numerem?
2076 3938 2399 3999 quodeunque
2423 3937 2688 3987 habitabile
2709 3939 2797 3986 lel-

1750 4012 1826 4061 lus
1858 4014 2073 4062 Sustinet
2083 4051 2097 4071 ⁸.
2134 4012 2280 4060 huius
2311 4011 2431 4070 erin
2463 4017 2645 4072 pontus
2676 4026 2797 4074 quo-

1752 4100 1846 4148 que
1860 4087 2035 4136 seu-idat
2055 4087 2144 4136 iai.
2183 4085 2442 4137 Hoffmann
2461 4086 2789 4149 Peerlkamp,

1753 4163 2000 4212 coniecit:
2059 4167 2267 4223 uterque
2319 4160 2548 4211 Phoebus.
2642 4161 2790 4210 Ovid.

1752 4235 1872 4283 Met.
1917 4237 1959 4292 l,
1998 4235 2119 4285 338:
2165 4237 2338 4284 Litora
2373 4249 2489 4285 voce
2519 4236 2674 4298 replet
2707 4236 2795 4283 sub
