3234 4975
659 373 782 440 ⁴88

1424 378 1683 429 HoaATu
1718 377 2056 430 CARMINUM

1001 535 1322 600 Praesens
1366 533 1469 600 vel
1514 534 1645 600 imo
1689 532 1915 601 tollere
1961 534 2044 602 de
2089 534 2291 621 gradu

1086 653 1350 721 Mortale
1394 675 1634 742 corpus
1677 654 1779 721 vel
1831 655 2153 742 superbos

1162 776 1428 843 Vertere
1473 775 1806 842 funeribus
1841 775 2246 865 triumphos,

996 935 1080 999 Te
1124 953 1378 1020 pauper
1421 932 1622 1000 ambit
1662 932 1933 1001 sollicita
1974 954 2174 1022 prece

2784 940 2822 999 01:

994 1054 1183 1122 Ruris
1228 1053 1528 1131 colonus,
1575 1064 1640 1122 te
1685 1054 2014 1122 dominam
2058 1056 2396 1143 aequoris,

783 1244 831 1294 6.
872 1243 1022 1294 Ruris
1055 1242 1381 1305 (dominam),
1417 1242 1621 1293 colonus
1650 1241 1886 1293 distinxit
1907 1241 2245 1294 Marklandus
2269 1247 2324 1294 et
2346 1246 2398 1295 F.
2426 1246 2486 1294 Α.
2514 1242 2751 1297 Wolflus.

648 1399 1262 1450 Fortunamwnaddanda
1280 1411 1534 1460 responsa.
1562 1399 1700 1450 Con—

650 1473 815 1525 sultas
859 1478 1040 1524 autem
1081 1487 1202 1524 esse
1247 1473 1314 1523 de
1356 1472 1694 1537 suscipienda

648 1548 983 1612 expeditione
1051 1547 1309 1598 adversus
1375 1547 1558 1597 hostes
1626 1546 1694 1596 ab

647 1622 931 1672 Octaviano
965 1622 1128 1673 hasce
1165 1623 1422 1671 Fortunas
1458 1620 1527 1683 (id
1551 1621 1695 1684 quod

647 1697 873 1747 coniecit
896 1696 1266 1758 Mitscherlich)
1287 1708 1507 1759 prorsus
1527 1696 1697 1745 incre-

646 1769 806 1820 dibile
843 1773 940 1821 est.
1012 1772 1157 1820 Tunc
1192 1772 1335 1820 enim
1358 1771 1567 1820 nonnisi
1588 1771 1698 1833 pri-

643 1845 750 1893 vati
796 1846 1147 1907 superstitiosi
1194 1848 1248 1895 et
1286 1844 1501 1894 infimae
1536 1844 1694 1893 sortis

644 1919 889 1969 homines
923 1920 992 1968 ad
1026 1919 1289 1969 eiusmodi
1322 1932 1580 1982 responsa
1610 1932 1697 1968 re-

644 1992 948 2048 currebant;
982 1994 1293 2055 neutiquam
1317 2006 1444 2043 vero
1467 1994 1693 2043 Senatus

644 2067 914 2118 Romanus
950 2070 1004 2117 et
1038 2068 1322 2131 Principes.

707 2141 755 2190 2.
790 2141 1045 2205 Praesens]
1068 2143 1263 2192 «Tanta
1279 2142 1513 2205 potentia
1529 2140 1693 2205 prae'-

643 2214 780 2276 dita,
841 2219 899 2266 ut
948 2216 1017 2266 ad
1067 2215 1263 2280 gloriae
1315 2219 1475 2280 atque
1526 2228 1690 2279 opum

643 2288 905 2352 fastigium
940 2292 1186 2354 quemvis
1221 2290 1502 2341 mortalem
1531 2291 1692 2340 etiam

644 2363 826 2414 infimo
872 2363 989 2415 loco
1034 2369 1219 2416 natum
1263 2368 1353 2415 tuo
1395 2367 1524 2414 nutu
1561 2377 1692 2414 eve-

640 2438 791 2489 baS.»
832 2440 952 2490 Ter.
991 2440 1205 2491 Phorm.
1243 2441 1300 2503 2,
1339 2441 1396 2502 2,
1435 2438 1528 2490 34:
1576 2440 1690 2490 Non

639 2517 696 2562 tu
746 2514 877 2563 hunc
938 2515 1123 2564 habeas
1175 2515 1329 2578 plane
1375 2519 1690 2578 praesentem

640 2588 821 2637 damn?
864 2589 972 2639 Cic.
1009 2591 1163 2640 Tusc.
1192 2591 1247 2651 4,
1288 2590 1377 2651 42,
1413 2590 1503 2640 28:
1556 2589 1690 2638 Her-

638 2662 769 2711 cules
800 2668 973 2713 tantus
1003 2669 1052 2714 et
1083 2670 1193 2714 tam
1216 2677 1459 2727 praesens
1479 2663 1691 2713 habetur

638 2737 773 2787 deus.
846 2737 924 2789 Cf.
961 2738 1058 2788 Od.
1096 2739 1154 2800 3,
1204 2740 1262 2800 ὅ,
1299 2739 1347 2788 2.
1387 2740 1492 2788 Sat.
1529 2739 1587 2798 2,
1627 2736 1684 2796 3,

638 2810 718 2860 68.
752 2811 883 2876 Epp.
912 2813 961 2873 2,
1001 2815 1048 2874 4,
1088 2812 1200 2864 434.
1274 2815 1409 2863 Cum
1433 2811 1687 2862 infinitivo

629 2898 872 2947 praesens
906 2887 956 2949 (i.
983 2899 1036 2950 q.
1060 2887 1251 2949 valens)
1286 2887 1391 2937 hoc
1425 2900 1531 2936 uno
1563 2885 1685 2935 loco

636 2959 874 3009 iunctum
892 2961 1145 3042 fimatur.
1218 2962 1558 3012 «Praesentia
1603 2959 1689 3009 di-

636 3034 829 3081 cuntur
871 3023 1088 3083 numina
1129 3033 1383 3095 deorum,
1436 3047 1577 3098 quae
1625 3046 1685 3084 se

633 3106 1035 3170 potentiamque
1049 3120 1204 3158 suam
1216 3108 1495 3160 manifeste
1508 3109 1690 3158 osten-

635 3180 819 3230 dunt.»
878 3183 1125 3231 Ponam.

699 3254 747 3304 3.
806 3255 1024 3306 Mortale
1065 3257 1269 3320 corpus]
1318 3255 1465 3307 Pind.
1517 3255 1593 3306 Ol.
1631 3257 1681 3317 9,

633 3328 725 3380 34;
761 3324 976 3400 βρότεα
1009 3325 1281 3395 σώματα,
1318 3344 1458 3397 quae
1492 3330 1580 3380 hic
1603 3330 1685 3382 af-

635 3404 756 3454 ferri
778 3404 953 3456 solent
974 3404 1043 3455 ab
1066 3407 1390 3471 Interprett.‚
1416 3409 1543 3458 sunt
1562 3407 1685 3456 Vir-

631 3479 733 3542 gilii
768 3482 898 3531 Aen.
937 3481 994 3543 6,
1040 3482 1155 3533 306.
1193 3483 1426 3546 defuncta
1465 3495 1685 3544 corpora

628 3555 752 3604 vita.
824 3555 921 3606 Hic
974 3557 1153 3621 potius
1202 3557 1463 3622 significat
1504 3557 1684 3607 homi-

628 3640 756 3679 nem
789 3642 1012 3693 prorsus
1056 3644 1177 3683 esse
1211 3632 1476 3683 caducum
1511 3633 1566 3680 et
1598 3631 1684 3680 in-

628 3701 863 3755 firmum.

697 3776 745 3828 4.
788 3779 1000 3845 Vertere]
1052 3793 1336 3845 «pompam
1383 3780 1682 3843 triumpha-

627 3849 737 3901 lem
772 3853 825 3903 in
862 3854 1143 3905 funebrem
1166 3857 1427 3904 mutare.»
1474 3854 1559 3903 Sic
1581 3856 1683 3904 Ae-

626 3923 754 3976 milii
801 3927 962 3977 Paulli
1009 3929 1331 3980 Macedonici
1379 3928 1681 3992 triumphus

626 3998 857 4050 duorum
901 4001 1129 4053 filiorum
1172 4005 1346 4054 morte
1383 4001 1679 4054 funestatus

626 4075 725 4124 est.
765 4075 873 4124 Liv.
910 4075 1002 4136 45,
1039 4074 1120 4126 44.
1160 4077 1253 4128 Est
1284 4078 1465 4140 igitur:
1524 4076 1678 4127 «Tibi

624 4149 671 4199 si
702 4145 858 4210 libet,
897 4148 1126 4200 laetitiae
1162 4164 1408 4204 summae
1433 4163 1679 4202 summus

1770 1400 2210 1464 interpretantur:
2251 1399 2616 1464 «splendidam
2651 1403 2820 1451 victo-

1770 1475 1906 1524 riam
1939 1477 2149 1525 mutare
2183 1475 2237 1525 in
2272 1474 2535 1526 cladem.»
2573 1477 2637 1527 Et
2668 1490 2820 1528 com-

1769 1560 1960 1612 parare
2006 1550 2181 1612 possis
2226 1549 2321 1600 Od.
2360 1550 2419 1611 3,
2467 1551 2523 1611 4,
2567 1551 2625 1599 7:
2681 1551 2820 1602 Clari

1770 1623 2014 1686 Giyantoo
2046 1624 2298 1686 tm‘umpho
2330 1638 2429 1688 pro
2469 1626 2716 1685 victoria;
2766 1628 2820 1676 et

1770 1696 1867 1746 Od.
1895 1698 1944 1757 4,
1983 1698 2072 1758 45,
2112 1698 2200 1749 4οε
2239 1705 2433 1762 quanta
2452 1702 2821 1763 movesfunera

1767 1771 2049 1820 Dardanae
2100 1773 2260 1823 Genti.
2333 1773 2435 1823 Sed
2487 1775 2635 1837 prior
2684 1775 2818 1824 ratio

1770 1846 1899 1895 mihi
1965 1848 2112 1897 certe
2170 1849 2341 1910 magis
2395 1849 2606 1912 poetica
2662 1847 2817 1898 vide-

1768 1922 1871 1980 tur,
1910 1921 1968 1969 ut
2006 1932 2143 1973 unus
2182 1920 2267 1972 ille
2308 1935 2486 1982 casus,
2519 1924 2611 1985 qui
2654 1934 2818 1986 quam

1767 1994 1999 2044 maxime
2022 1994 2261 2058 lugubris
2283 1998 2521 2047 Romano
2542 1998 2658 2046 viro
2682 1999 2815 2057 erat,

1766 2068 2107 2130 significetur.
2186 2072 2291 2133 (De
2349 2070 2510 2121 ablat.
2560 2071 2820 2134 funeribus

1766 2155 1863 2205 pro
1889 2144 1973 2193 «in
2010 2143 2224 2194 funera»
2258 2144 2325 2195 cf.
2353 2147 2412 2195 Α.
2440 2147 2495 2196 Ρ.
2521 2146 2636 2196 226.
2664 2144 2812 2196 Ovid.

1766 2218 1887 2267 Met.
1926 2217 1982 2278 4,
2019 2218 2103 2269 45.
2142 2219 2232 2280 40,
2270 2220 2404 2282 457.)

1829 2292 1878 2341 ὅ.
1907 2293 2131 2343 Fortuna
2155 2294 2209 2342 in
2232 2294 2466 2344 nummis
2484 2294 2697 2356 fingitur
2712 2296 2818 2344 sto—

1764 2362 1888 2425 lata',
1926 2364 2111 2416 dextra
2150 2369 2339 2418 tenens
2374 2366 2813 2430 gubernaculum,

1763 2438 1914 2490 laeva
1950 2453 2117 2491 cornu
2151 2442 2363 2507 copiae:
2418 2443 2496 2492 sic
2529 2443 2582 2492 h.
2619 2441 2653 2494 l.
2692 2445 2815 2494 ante

1764 2528 1952 2566 omnes
1972 2519 2340 2566 memorantur
2356 2516 2575 2568 colonus
2588 2519 2643 2567 et
2657 2520 2816 2568 nauta

1765 2590 1878 2640 eius
1885 2603 2064 2651 pacem
2072 2596 2308 2651 petentes.
2339 2591 2564 2654 (Lucret.
2582 2592 2631 2651 5,
2654 2594 2675 2641 4
2687 2592 2783 2642 228
2799 2607 2810 2639 :

1761 2665 1944 2714 Divom
1981 2677 2161 2726 pacem
2203 2665 2331 2714 votis
2372 2665 2522 2730 adit.)
2587 2665 2818 2715 Ambitur

1762 2741 1942 2790 autem
1976 2739 2028 2788 h.
2057 2738 2090 2789 l.
2119 2740 2374 2800 Fortuna,
2412 2742 2472 2789 ut
2503 2738 2816 2791 ambiebant

1762 2813 1981 2862 Romani
2025 2825 2151 2864 suos
2196 2814 2365 2872 οἰνος,
2419 2814 2678 2876 imprimis
2711 2828 2813 2878 po-

1760 2889 1954 2949 tentes,
1993 2900 2119 2938 cum
2153 2889 2385 2938 honores
2418 2887 2693 2952 petebant.

1827 2963 1876 3011 6.
1929 2963 2081 3011 Ruris
2129 2961 2354 3025 colonus]
2409 2961 2494 3011 Sic
2544 2962 2810 3025 iungenda

1761 3038 1885 3086 sunt
1914 3049 2031 3097 vv.‚
2079 3049 2255 3100 neque
2299 3050 2428 3087 vero
2472 3051 2598 3088 cum
2637 3038 2812 3088 Mark—

1759 3109 1916 3160 lando
1954 3109 2167 3175 (Explic.
2203 3113 2332 3161 vett.
2359 3112 2562 3176 scriptt.
2588 3126 2642 3176 p.
2669 3112 2808 3176 254.)

1760 3183 1980 3247 aliisque
2014 3185 2462 3249 inter-pungenda:
2510 3187 2659 3236 Ruris
2692 3185 2810 3248 (do-

1760 3259 1995 3322 minam),
2038 3259 2266 3322 colonus,
2314 3266 2361 3310 te
2392 3261 2648 3310 dominam
2681 3265 2807 3322 cet..

1759 3335 1818 3383 ut
1859 3334 1950 3384 sit:
2009 3334 2098 3382 «te
2141 3335 2278 3384 ruris
2325 3335 2594 3385 dominam
2642 3335 2811 3386 ambit

1759 3407 1981 3458 colonus
1997 3446 2009 3470 ‚
2035 3411 2088 3459 te
2113 3407 2387 3460 dominam
2410 3411 2658 3474 aequoris
2682 3425 2812 3461 nau-

1758 3485 1877 3544 ta»,
1922 3496 2061 3547 quae
2095 3483 2314 3548 quidem
2349 3486 2672 3535 constructio
2706 3487 2810 3536 mi-

1758 3558 1901 3608 nime
1938 3557 2075 3608 toret
2107 3559 2418 3621 Horatiana,
2456 3560 2621 3611 immo
2644 3574 2810 3612 sonus

1755 3633 1871 3696 ipse
1908 3635 1963 3682 et
1993 3645 2184 3684 versus
2219 3634 2567 3684 conformatio
2599 3648 2697 3685 nos
2719 3648 2804 3684 vv.

1755 3708 1906 3758 Raris
1958 3708 2162 3758 colonus
2214 3709 2435 3772 iunge-e
2488 3708 2691 3759 iubent.
2750 3735 2804 3745 -

1755 3781 1969 3832 Gelonus
2000 3784 2183 3831 autem
2216 3795 2322 3832 non
2356 3784 2528 3846 quivis
2558 3784 2805 3842 rusticus,

1754 3857 1853 3908 sed
1876 3856 2258 3920 significatione
2279 3859 2512 3921 propria,
2538 3860 2599 3907 ut
2620 3859 2726 3907 Sat.
2753 3858 2804 3916 2,

1753 3932 1804 3992 2,
1845 3930 1965 3982 444ε
2009 3932 2187 3980 Videas
2214 3935 2402 3981 metato
2424 3932 2479 3981 tn
2499 3931 2661 3996 avello
2684 3932 2810 3982 Cum

1745 4018 1929 4067 pecore
1968 4009 2017 4054 et
2046 4004 2217 4069 anatis
2253 4004 2437 4067 fortem
2466 4006 2689 4055 mercede
2718 4018 2807 4053 co—

1752 4079 1938 4129 lonum.
1977 4079 2073 4129 od.
2113 4082 2170 4142 Ξ,
2220 4077 2309 4139 44,
2356 4079 2447 4127 44;
2502 4080 2603 4130 sive
2646 4092 2804 4142 reyes,

1753 4154 1869 4205 Sive
1900 4155 2070 4217 inopes
2098 4154 2286 4204 artinas
2306 4152 2485 4203 coloni.
2535 4153 2663 4217 (Der
2692 4153 2808 4203 kein

624 4223 797 4275 luctus
830 4224 1055 4289 repente
1100 4225 1402 4276 succedit.»
1472 4224 1567 4277 Alii
1607 4227 1678 4277 ita
1752 4228 2052 4293 Eiaenssimn
2083 4227 2357 4280 besitzondo
2386 4228 2599 4291 Bauer.)
2626 4254 2681 4264 —
2709 4228 2808 4280 Ce-
