3234 4975
1253 424 1370 474 Lm.
1409 425 1447 473 1.
1520 425 1576 473 c.
1615 424 1720 473 xv,
2442 420 2550 486 lol

1113 691 1849 751 Excunsus

1297 823 1652 881 adaxv,

526 955 634 1004 Hac
669 954 771 1005 ode
806 953 1185 1018 Bacchylidem
1218 955 1480 1014 imitatum
1529 966 1655 1004 nam
1705 957 1763 1004 ut
1802 952 1887 1004 ille
1924 954 2278 1006 Cassandram
2314 955 2437 1006 tacit
2467 969 2560 1004 va-

400 1039 600 1088 ticinari
643 1038 815 1088 futura
859 1036 984 1088 belli
1029 1040 1266 1100 Roiani,
1315 1040 1385 1089 ita
1430 1038 1518 1090 hic
1564 1039 1815 1087 Nereum.
1887 1040 2133 1089 Ponrm.
2200 1037 2335 1089 Nihil
2380 1042 2561 1089 autem

400 1124 611 1184 praeter
641 1123 870 1172 vaticinii
906 1123 1132 1173 sormam
1169 1136 1454 1173 commune
1489 1122 1650 1173 fuisse
1687 1122 1908 1172 carmini
1930 1120 2283 1184 Bacchylideo
2306 1134 2431 1172 cum
2455 1122 2565 1172 Ho-

399 1205 599 1255 ratiano
634 1205 997 1279 confitendum
1032 1208 1141 1267 est,
1191 1207 1237 1257 si
1280 1208 1460 1257 tamen
1506 1204 1645 1257 illius
1687 1219 1814 1271 pars
1848 1219 1907 1256 re
1946 1218 2074 1255 vera
2108 1204 2203 1256 fuit
2234 1206 2438 1267 Fragm.
2476 1206 2559 1255 29.

397 1287 565 1350 Bergk
597 1302 650 1354 p.
688 1289 813 1339 828:
844 1280 927 1340 ’.Ω
963 1286 1152 1360 Τρῶες
1179 1283 1513 1361 Ἀρηΐφιλοι,
1549 1284 1693 1351 Ζεὺς
1728 1283 2056 1354 ὑψιμέδων,
2093 1282 2162 1351 ὃς
2183 1280 2413 1338 ἅπαντα
2444 1286 2564 1360 δέρ-

397 1385 584 1434 κεται,
621 1366 742 1423 Οὔκ
774 1369 958 1435 αἴτιος
990 1373 1229 1435 θνατοῖς
1259 1369 1524 1440 μεγάλων
1557 1367 1773 1434 ἀχέων·
1809 1366 1931 1423 ἀλλ’
1967 1372 2029 1423 ἐν
2060 1373 2222 1439 μέσῳ
2256 1378 2438 1422 κεῖται
2471 1389 2561 1424 κι-

395 1461 522 1514 χεῖν
552 1453 745 1506 Πᾶσιν
777 1452 1142 1529 ἀνθρώποισι
1173 1456 1354 1508 Δίκαν
1388 1452 1588 1521 ὁσίαν,
1637 1452 1850 1525 ἁγνὰν,
1896 1451 2195 1522 Εὐνομίας
2232 1450 2562 1508 ἀκόλουθον

395 1540 494 1589 καὶ
527 1536 767 1603 πινυτᾶς
800 1538 1065 1606 Θέμιδος·
1096 1533 1342 1601 'omem
1375 1539 1573 1604 παῖδές
1605 1557 1695 1592 νιν
1728 1535 1992 1612 εὑρόντες
2027 1536 2320 1592 σύνοικον.
2361 1568 2417 1577 -
2456 1543 2562 1593 Ce-

395 1625 568 1674 terum
601 1625 774 1674 Nereo
812 1624 979 1688 (cuius
1015 1637 1216 1676 nomen
1251 1624 1473 1676 ductum
1508 1624 1576 1675 ab
1602 1625 1706 1675 adi.
1734 1621 1941 1695 νηρός,
1978 1621 2179 1695 ναρός,
2214 1625 2563 1707 fluidus‘hu-

393 1709 577 1769 midm,
612 1709 825 1772 proprie
861 1708 1121 1771 significat
1158 1708 1535 1774 Wassermann)
1569 1709 1892 1760 vaticinandi
1935 1710 2116 1774 partes
2149 1723 2180 1759 a
2213 1712 2371 1774 po'eta
2406 1709 2560 1759 datae

397 1795 543 1851 sunt,
605 1794 866 1856 quatenus
923 1793 1320 1856 antiquissimus
1374 1792 1586 1843 habitus
1645 1794 1728 1843 est
1772 1794 1910 1842 inter
1953 1792 2085 1843 deos
2129 1793 2318 1853 maris,
2366 1791 2560 1856 quibus

396 1876 609 1926 omnino
653 1875 973 1925 vaticinandi
1013 1876 1256 1939 peritiam
1300 1880 1490 1939 poetae
1535 1876 1921 1938 attribuebant,
1964 1876 2127 1927 veluti
2171 1877 2360 1926 Proteo
2404 1876 2556 1926 Hom.

396 1959 489 2009 Od.
525 1957 585 2019 δ,
621 1957 736 2010 384.
774 1961 829 2008 et
867 1959 1008 2022 Virg.
1047 1961 1138 2009 Ge.
1176 1958 1234 2019 4,
1272 1959 1419 2020 387.,
1469 1958 1664 2010 Glauco
1710 1960 1888 2024 Eurip.
1937 1961 2106 2011 Orest.
2154 1958 2279 2010 364:
2326 1959 2560 2030 Νηρέως

395 2037 699 2113 προφήτης
729 2039 1008 2105 Γλαῦκος.
1047 2045 1102 2093 et
1133 2041 1298 2106 Apoll.
1335 2044 1455 2105 Arg.
1495 2044 1552 2104 4,
1590 2043 1745 2093 4340;
1792 2044 1989 2093 Τοτσιν
2020 2041 2083 2093 δὲ
2126 2041 2387 2107 Γλαῦκος
2418 2041 2560 2115 βρυ-

395 2128 525 2192 χίης
572 2120 715 2188 ἁλὸς
763 2122 1098 2191 ἐξεφαάνθη
1114 2163 1128 2188 ,
1164 2122 1401 2197 Νηρῆος
1432 2126 1620 2177 θείοιο
1655 2123 2084 2197 πολυφράδμων
2108 2121 2431 2194 ὑποφήτης.
2470 2124 2559 2191 (ὃς

392 2206 732 2276 μαντεύεται
754 2206 943 2260 πάντα
965 2207 1165 2272 φαῦλα
1197 2209 1337 2274 apud
1374 2208 1547 2260 Schol.
1581 2209 1710 2261 Plat.
1736 2225 1788 2274 p.
1816 2211 1930 2262 938.
2000 2211 2095 2261 Ed.
2123 2215 2361 2273 nostrae,
2404 2226 2560 2276 pror-

394 2308 485 2345 sus
514 2296 575 2344 ut
605 2295 693 2345 hic
726 2294 969 2356 Nereus.)
1037 2294 1186 2344 Adde
1221 2292 1290 2343 de
1325 2294 1429 2344 hoc
1465 2294 1568 2344 deo
1593 2294 1807 2345 Hesiod.
1834 2294 2030 2358 Theog.
2056 2294 2170 2345 233.
2242 2293 2406 2359 Apoll.
2434 2297 2555 2359 Arg.

395 2377 441 2439 4,
466 2380 589 2428 77⁴:
627 2376 714 2428 ἐνὶ
748 2374 938 2445 πόντῳ
961 2376 1194 2446 Αἰγαίῳ,
1231 2374 1363 2428 τόθι
1397 2378 1503 2449 πέρ
1535 2391 1597 2427 τε
1631 2373 1805 2442 δόμοι
1826 2376 2060 2448 Νηρῆος
2096 2371 2276 2428 ἔασιν.
2347 2378 2559 2430 Dictum

393 2462 548 2513 huius
596 2457 791 2513 ἁλίοιο
822 2463 1109 2533 γέροντος,
1147 2475 1212 2513 ex
1247 2461 1491 2527 Cyclico‚
1529 2463 1588 2512 ut
1621 2461 1877 2524 arbitror,
1913 2461 2090 2527 aliquo
2122 2465 2281 2526 poeta
2313 2464 2554 2527 petitum,

393 2548 657 2597 memorat
688 2545 834 2596 Pind.
871 2547 1023 2609 Pyth.
1060 2548 1115 2609 9,
1153 2546 1234 2597 94.
1275 2574 1330 2583 —
1367 2547 1807 2598 vaticinationem
1838 2548 2021 2597 autem
2053 2547 2176 2596 ideo
2211 2546 2311 2596 diis
2344 2548 2559 2598 marinis

392 2630 638 2680 tribuisse
670 2630 919 2680 videntur
957 2631 1120 2693 prisci
1160 2630 1431 2693 homines,
1483 2632 1643 2681 etiam
1687 2630 1933 2680 Germani
1983 2629 2285 2693 (recordare
2321 2630 2558 2692 Virgines

393 2711 504 2764 illas
537 2712 815 2765 fluviatiles
847 2715 901 2763 in
934 2712 1358 2777 Nibelungiade)‚
1412 2715 1536 2777 quia
1570 2714 1762 2763 nautae
1799 2712 2073 2764 cotidianis
2105 2710 2355 2776 periculis
2389 2726 2559 2776 expo-

394 2798 501 2857 siti,
554 2795 757 2859 singula
805 2799 1181 2861 tempestatum
1231 2797 1378 2860 signa
1421 2798 1620 2847 attente
1666 2794 2040 2857 observanteS,
2094 2795 2249 2846 undis
2290 2808 2354 2846 ac
2386 2797 2557 2847 ventis

394 2894 554 2931 voces
599 2880 801 2930 divinas
846 2881 901 2930 et
941 2881 1092 2944 quasi
1135 2880 1348 2931 oracula
1393 2880 1715 2930 tribuebant.
1766 2907 1821 2916 —
1861 2877 2189 2942 Singularem
2221 2880 2376 2929 Nerei
2417 2892 2557 2942 equo

394 2965 597 3013 marino
630 2965 770 3014 vecti
804 2965 1089 3027 imaginem
1121 2964 1345 3029 praebet
1366 2965 1603 3014 Gerbard
1642 2966 1925 3028 Vasenqem.
1953 2965 2009 3013 T.
2036 2964 2084 3014 8.
2145 2964 2294 3014 Idem
2319 2962 2555 3024 Peleum,

394 3047 668 3098 Thetidem
693 3047 823 3098 dum
845 3048 1007 3112 rapit,
1044 3048 1281 3110 intuens,
1322 3061 1488 3099 senex
1511 3047 1720 3111 calvus,
1756 3047 2041 3108 barbatuS,
2079 3048 2373 3112 scipionem
2395 3060 2558 3097 manu

395 3132 609 3192 tenens,
649 3132 733 3181 est
763 3130 905 3194 apud
940 3131 1385 3182 Raoul-Rochette
1420 3134 1556 3182 Mon.
1593 3133 1725 3182 med.
1764 3133 1802 3181 1.
1829 3133 1885 3182 T.
1911 3133 1961 3182 2.
2005 3160 2059 3168 -
2097 3133 2241 3182 Mera
2272 3133 2355 3182 est
2375 3134 2556 3181 autem

325 3236 331 3240 ·
393 3215 526 3265 haec
549 3216 847 3276 φαντασία
868 3213 1062 3276 lyrica,
1101 3229 1164 3265 ex
1189 3217 1390 3266 Graeco
1414 3214 1588 3279 aliquo
1612 3216 1849 3267 carmine
1876 3215 2060 3276 ducta3
2098 3215 2405 3280 neutiquam
2427 3228 2556 3264 vero

394 3296 638 3361 allegoria
681 3298 749 3347 de
791 3300 1016 3349 Antonio
1059 3302 1114 3349 et
1158 3299 1464 3364 Cleopatra,
1519 3302 1578 3350 ut
1596 3301 1606 3320 ⁸
1627 3299 1912 3350 arbitratus
1956 3301 2040 3349 est
2083 3296 2371 3349 Scholiasta
2415 3297 2557 3362 apud

395 3381 776 3444 Vanderbourg
819 3383 855 3431 1.
891 3395 943 3446 p.
983 3382 1094 3434 334.
1146 3382 1412 3434 Landinus
1454 3385 1508 3434 et
1547 3382 1751 3434 Weber
1792 3382 1964 3433 Horas
2003 3395 2057 3446 p.
2101 3383 2213 3432 448.
2251 3394 2426 3444 neque
2460 3394 2559 3445 per

393 3463 553 3516 ullam
589 3464 835 3529 dilogiam
867 3467 921 3516 in
956 3467 1318 3517 transversum
1341 3469 1492 3517 actus
1516 3467 1789 3530 egregium
1809 3467 1915 3517 hoc
1938 3462 2217 3516 εῖδύλλιον
2239 3465 2553 3527 composuit.

395 3548 556 3610 Quid,
595 3549 739 3612 quod
782 3549 994 3600 amabat
1033 3550 1363 3613 huiusmodi,
1417 3552 1477 3600 ut
1508 3552 1579 3600 ita
1614 3550 1816 3610 dicam,
1864 3550 2097 3614 picturas
2139 3545 2553 3611 mythologicas,

394 3633 452 3681 ut
482 3635 608 3683 sunt
640 3634 1056 3697 Hypermnestra
1093 3634 1157 3698 (3,
1195 3634 1295 3697 11⁴.)
1336 3636 1389 3684 et
1420 3635 1629 3698 Europa
1667 3634 1731 3698 (3,
1768 3633 1909 3695 27ss
1949 3634 2001 3683 in
2035 3631 2228 3696 quibus
2262 3628 2402 3679 nulla
2425 3643 2553 3680 sane

395 3718 476 3766 est
507 3716 771 3780 allegoria.
806 3745 860 3753 —
898 3718 1305 3782 compositionis
1334 3720 1546 3782 tempus
1570 3717 1776 3768 definiri
1800 3731 1906 3768 non
1929 3718 2122 3780 potest.
2172 3712 2412 3765 Nonnulli
2435 3712 2558 3764 alle-

394 3801 592 3862 goriam
628 3800 771 3851 illam
805 3800 1032 3866 amplexi
1066 3802 1302 3852 referunt
1334 3802 1402 3851 ad
1434 3815 1483 3850 a.
1521 3815 1573 3851 u.
1612 3815 1660 3851 c.
1704 3801 1816 3851 723.
