3234 4975
1288 392 1491 442 LIBER.

1565 391 1760 441 canu.
1798 392 1860 439 v.
2496 383 2623 448 677

788 546 1043 625 Quibus
1090 545 1439 633 superbam
1482 546 1640 633 fugit
1682 545 1813 610 ulta
1860 543 2188 632 pellicem,

879 667 1085 754 Magni
1136 667 1428 734 Creontis
1473 665 1699 742 filiam,

795 789 956 854 Cum
1001 787 1198 874 palla,
1248 787 1397 853 tabo
1442 809 1676 854 munus
1721 786 2060 858 imbutum,
2110 805 2342 851 novam
2541 786 2622 849 65

877 909 1183 975 lucendio
1227 918 1491 996 nuptam
1535 906 1812 974 abstulit.

793 1029 983 1116 Atqui
1030 1049 1151 1095 nec
1194 1027 1396 1095 herba
1440 1049 1562 1095 nec
1605 1029 1812 1094 latens
1860 1028 1923 1092 in
1969 1028 2217 1114 asperis

877 1149 1079 1216 Radix
1123 1148 1340 1216 fefellit
1385 1170 1489 1214 me
1535 1148 1714 1215 locis.

800 1269 1108 1336 lndormit
1153 1270 1361 1336 unctis
1406 1269 1692 1334 omnium
1738 1269 2055 1337 cubilibus

887 1388 1227 1457 Oblivione
1271 1388 1593 1477 pellicum.
1639 1427 1725 1438 —
2544 1392 2625 1455 70

586 1571 667 1621 63.
705 1569 921 1633 superba
942 1570 1032 1630 Bc,
1054 1585 1142 1634 γκ.
1173 1569 1251 1631 (Ut
1273 1567 1395 1630 nos,
1422 1567 1513 1629 bS,
1542 1567 1710 1618 Codd.
1737 1567 2031 1632 Blandinii.)
2060 1595 2115 1604 —-
2144 1567 2389 1631 paelicem
2413 1570 2470 1618 B.
2503 1597 2555 1605 —-

524 1644 606 1694 65.
643 1644 941 1708 inseetumB
981 1655 1160 1704 meus,
1188 1644 1227 1692 B
1262 1642 1494 1692 Oberlini
1531 1643 1586 1691 et
1617 1654 1754 1692 unus
1776 1643 1981 1692 Bersm.
2023 1671 2075 1679 -
2119 1643 2201 1693 70.
2224 1643 2477 1706 paelicum
2497 1643 2556 1693 B.

455 1793 698 1851 inanem,
759 1790 851 1853 qui
901 1788 987 1840 illo
1028 1793 1296 1852 unguento
1335 1803 1465 1840 usus
1487 1827 1499 1850 ‚

455 1864 603 1928 quod
651 1866 764 1928 ipsa
805 1864 874 1914 ad
914 1877 1076 1914 canes
1116 1864 1169 1914 in
1204 1877 1330 1914 eum
1369 1865 1503 1914 inci-

459 1939 647 1990 tandas
681 1939 1104 2003 temperaverat,
1130 1937 1504 1989 meretricibus

455 2011 747 2062 Suburanis
809 2011 1126 2076 placiturum
1186 2025 1246 2063 se
1301 2013 1499 2076 speret.

453 2086 530 2136 Ex
573 2085 653 2135 his
686 2087 1021 2149 potissimum
1053 2099 1142 2134 vv.
1180 2085 1502 2136 scholiastae

454 2158 730 2221 collegisse
767 2159 1030 2219 videntur,
1071 2159 1344 2209 Canidiam
1377 2172 1505 2222 pro-

455 2232 632 2296 palam
669 2232 830 2282 fuisse
883 2234 1314 2294 unguentariam,
1368 2233 1504 2281 intra

459 2304 784 2356 domesticos
809 2306 1042 2369 parietes
1064 2317 1265 2368 sagam.
1302 2306 1502 2354 Verum

455 2380 565 2428 tota
615 2391 704 2427 res
748 2380 832 2427 est
869 2379 996 2429 satis
1030 2379 1258 2428 incerta:
1311 2377 1502 2441 philtra

458 2451 679 2517 quidem
714 2465 852 2517 quae
896 2453 1087 2503 miscet
1118 2450 1333 2513 mulier,
1371 2464 1504 2503 con—

457 2529 775 2578 sentaneum
808 2530 915 2588 est,
954 2529 1013 2576 ut
1043 2528 1202 2576 ctiam
1236 2529 1502 2589 unguenta

465 2613 788 2665 praeparare
847 2601 1048 2664 possit;
1124 2600 1304 2650 utrum
1364 2600 1504 2651 hanc

457 2676 631 2725 artem
694 2687 752 2724 re
811 2688 940 2725 vera
998 2676 1249 2724 exerceat
1303 2687 1500 2735 necne,

458 2747 585 2800 nihil
619 2748 820 2798 attinet.
1182 2779 1186 2782 >

523 2821 699 2873 64-64.
750 2822 853 2872 Cur
885 2822 1023 2883 dira]
1060 2821 1201 2871 «Cur
1234 2822 1346 2885 ipsa
1382 2834 1504 2871 mea

455 2870 691 2957 Venena,
745 2909 850 2945 non
901 2897 1078 2946 minus
1121 2895 1360 2959 profecto
1406 2909 1506 2959 po-

459 2971 620 3020 tentia
667 2982 830 3032 quam
873 2973 962 3029 ea',
1011 2968 1207 3033 quibus
1250 2983 1347 3020 usa
1393 2971 1507 3021 Me-

459 3044 561 3093 dea
598 3045 859 3094 Creusam
891 3056 935 3093 s.
973 3042 1206 3094 Glaucen
1251 3047 1304 3094 et
1339 3045 1505 3094 totam

458 3119 700 3169 Creontis
735 3119 937 3183 regiam
971 3118 1216 3169 incendio
1251 3132 1506 3169 consum-

456 3194 586 3257 psit,
641 3192 765 3243 nihil
802 3206 943 3243 nuuc
977 3193 1107 3243 mihi
1150 3197 1376 3257 prosunt
1408 3207 1505 3244 ne-

458 3279 563 3328 que
619 3265 781 3318 ullam
827 3268 936 3318 vim
993 3268 1045 3319 in
1099 3269 1297 3318 Varum
1350 3280 1507 3317 exer-

459 3340 618 3388 cent‘?
637 3357 661 3384 n
719 3342 805 3390 Sic
855 3344 998 3393 enim
1048 3341 1190 3393 malo
1241 3342 1505 3407 explicare

459 3424 621 3475 quam
670 3426 795 3462 cum
838 3414 979 3467 aliis:
1042 3418 1182 3467 «Cur
1222 3415 1335 3465 dira
1383 3428 1505 3465 mea

458 3498 669 3535 venena
703 3488 880 3538 minus
911 3488 1091 3538 valent
1127 3490 1364 3539 venenis
1395 3490 1508 3539 Me—

460 3558 662 3609 deae‘h»
703 3561 964 3611 Theocrit.
1003 3563 1052 3622 2,
1082 3560 1160 3612 ⁴4.
1183 3561 1269 3611 ed.
1295 3561 1503 3613 Ameis:

460 3631 630 3702 Χαῖρ’
675 3627 888 3684 Ἑκάτα
936 3631 1246 3699 δασπλῆτι,
1299 3635 1397 3683 καὶ
1448 3633 1509 3696 ἐς

462 3706 619 3770 τέλος
675 3701 863 3773 ἄμμιν
921 3703 1123 3759 &adesa
1143 3746 1157 3771 ‚
1224 3706 1510 3780 Φάρμακα

461 3777 612 3832 ταῦτ’
657 3776 894 3852 ἴρδοισα
944 3784 1210 3853 χερείονα
1257 3780 1406 3849 μήτε
1455 3799 1510 3834 τι

460 3855 679 3926 Κιρκας
693 3852 853 3921 Μήτε
876 3871 929 3906 τι
944 3855 1197 3922 Μηδείας
1216 3855 1365 3923 μήτε
1382 3854 1512 3922 ξαν-

459 3928 575 3992 θᾶς
591 3926 940 3999 Περιμήδας.
975 3931 1089 3981 Tib.
1119 3932 1166 3992 ⁴,
1193 3932 1243 3991 2,
1269 3933 1324 3981 54
1352 3946 1363 3981 ε
1390 3933 1512 3982 Sola

460 4011 623 4055 waere
637 4005 803 4054 malas
818 4006 1024 4055 Medeae
1039 4006 1223 4054 dicitur
1236 4005 1415 4055 herbas
1424 4019 1505 4068 sq.

459 4079 745 4141 superbam]
778 4080 837 4128 ut
871 4079 1044 4129 omnis
1083 4078 1323 4139 aemula,
1361 4092 1513 4142 prae-

461 4153 623 4204 latam
671 4165 734 4203 ac
779 4151 1068 4203 feliciorem
1119 4166 1177 4203 se
1224 4153 1508 4216 reputans,

463 4228 536 4287 ei,
576 4228 725 4279 cuius
762 4236 972 4278 amores
1012 4225 1200 4287 laedit,
1239 4226 1418 4290 iniqua
1460 4227 1514 4276 et

1580 1802 1834 1852 arrogans
1856 1789 2082 1840 videtur.
2137 1792 2312 1854 Longe
2336 1790 2440 1841 hoc
2464 1790 2628 1854 signi-

1578 1863 1822 1914 ficantius
1841 1877 2003 1927 quam
2028 1862 2192 1914 altera
2215 1863 2370 1915 lectio
2391 1864 2625 1927 superba.

1582 1966 1638 1974 —
1674 1938 1828 2001 fugit]
1880 1939 2169 2000 «Athenai,
2226 1951 2388 1989 curru
2436 1939 2628 1989 draco-

1578 2009 1737 2061 nibus
1773 2012 1951 2062 iuncto
1985 2026 2084 2077 per
2116 2016 2300 2062 aerem
2334 2014 2575 2063 avecta.»

1645 2084 1821 2135 65-68.
1867 2086 2031 2150 palla]
2080 2085 2216 2136 Misit
2264 2085 2491 2136 Glaucae
2534 2084 2629 2136 λε-

1579 2155 1726 2207 πτόν
1758 2172 1822 2208 τε
1855 2158 2071 2209 πέπλον
2103 2160 2202 2208 καὶ
2236 2157 2454 2210 πλόκον
2488 2174 2628 2232 χρυ-

1578 2228 1852 2296 σήλατον.
1905 2234 2083 2297 Eurip.
2122 2234 2258 2284 Med.
2298 2235 2411 2284 786.
2453 2262 2509 2272 -
2545 2239 2632 2284 ta-

1577 2304 1721 2366 bum,
1770 2307 2105 2368 pr.·sanguis
2140 2309 2452 2369 corruptus,
2499 2307 2553 2357 h.
2591 2306 2627 2358 l.

1577 2392 1676 2442 pro
1708 2392 1952 2439 veneno,
1990 2377 2107 2441 lue,
2151 2383 2213 2429 ut
2244 2381 2386 2443 Virg.
2435 2383 2526 2431 Ge.
2565 2381 2626 2442 3,

1578 2452 1701 2504 48⁴:
1761 2452 1929 2516 infecit
1969 2452 2164 2515 pabula
2205 2453 2350 2513 tabo;
2407 2467 2473 2504 ex
2519 2467 2628 2517 quo

1577 2525 1697 2577 loco
1744 2526 1962 2576 fluxisse
2008 2527 2220 2577 videtur
2263 2528 2628 2591 antiquissima

1580 2603 1636 2650 et
1685 2600 1931 2651 notabilis
1966 2600 2123 2650 lectio
2156 2603 2393 2665 intectum
2413 2639 2424 2661 ,
2484 2601 2629 2665 quod

1579 2675 1922 2725 manifestum
1957 2677 2040 2724 est
2073 2674 2353 2737 glossema.
2409 2699 2464 2710 -
2523 2677 2632 2724 Na-

1579 2749 1803 2813 phtham
1860 2749 1913 2797 et
1968 2746 2135 2799 sulfur
2196 2747 2357 2797 fuisse
2413 2747 2631 2799 tradunt

1580 2835 1878 2883 venenum,
1914 2833 2021 2885 quo
2045 2820 2311 2870 aemulam
2338 2820 2633 2884 perdiderit

1580 2894 1787 2945 Medea.
1818 2895 1924 2945 Cfr.
1944 2894 2112 2958 Epod.
2140 2895 2188 2956 3,
2213 2895 2290 2944 ⁴3.
2318 2919 2372 2929 —
2407 2895 2462 2943 in
2483 2907 2631 2957 aspe-

1578 2969 1703 3019 ris-
1724 2994 1755 3005 -
1776 2968 1918 3033 locis]
1977 2969 2062 3017 Sic
2109 2969 2315 3019 aconita
2354 2972 2634 3018 nascimur

1581 3045 1715 3093 dura
1729 3042 1931 3092 vivacia
1947 3046 2110 3103 caute,
2130 3042 2278 3092 ovid.
2298 3044 2419 3093 Met.
2441 3043 2491 3102 7,
2511 3041 2567 3093 4⁴
2577 3043 2626 3093 8.

1646 3117 1710 3166 69
1733 3144 1764 3154 -
1785 3117 1867 3166 72.
1914 3116 2159 3166 Indomit
2197 3116 2331 3177 cet.]
2368 3116 2545 3179 Pergit
2577 3117 2630 3166 in

1581 3190 1893 3241 enarrandis
1928 3190 2039 3240 suis
2072 3188 2305 3250 artibuS,
2343 3203 2446 3240 nec
2479 3203 2627 3251 vero,

1579 3267 1641 3315 ut
1687 3263 1874 3315 volunt
1923 3263 2034 3326 alii,
2108 3277 2168 3315 se
2220 3262 2289 3313 ab
2351 3262 2449 3313 alia
2505 3276 2631 3327 saga

1582 3338 1792 3389 aemula
1829 3338 2027 3388 victam
2061 3338 2270 3388 fatetur.
2324 3340 2494 3387 Immo
2528 3338 2632 3388 hoc

1582 3426 1798 3478 quoque
1849 3413 1987 3462 inter
2030 3413 2166 3462 ritus
2209 3412 2447 3473 magicos
2470 3448 2482 3471 ,
2521 3412 2636 3474 qui-

1582 3487 1687 3537 bus
1730 3489 1853 3537 ante
1898 3499 1995 3535 usa
2042 3486 2137 3547 sit,
2208 3487 2498 3545 memorat,
2558 3486 2635 3534 in-

1581 3563 1797 3612 unxisse
1821 3573 1880 3610 se
1903 3560 2028 3608 Vari
2058 3560 2224 3623 ipsius
2246 3552 2501 3608 lectulum
2523 3571 2636 3608 ma-

1582 3637 1701 3699 gico
1737 3646 1901 3693 suco,
1949 3634 2099 3684 cuius
2134 3646 2195 3683 ea
2230 3634 2310 3683 vis
2345 3632 2530 3694 fuerit,
2576 3636 2636 3683 ut

1583 3709 1668 3760 ille
1704 3707 2109 3759 oblivisceretur
2143 3706 2384 3757 omnium
2407 3704 2631 3758 aliarum

1583 3785 1879 3834 amicarum
1912 3783 2129 3846 praeter
2152 3782 2341 3844 ipsam.
2400 3780 2506 3830 Sed
2535 3793 2634 3831 ne-

1584 3871 1691 3921 que
1728 3857 1832 3906 hoc
1866 3854 2195 3905 aemularum
2228 3853 2540 3925 μίσηθρον,
2577 3858 2638 3904 ιιι

1586 3931 1849 3981 contraria
1883 3926 2144 3998 φίλτροις
2176 3927 2470 3990 vocabant,
2510 3930 2636 3980 tunc

1587 4017 1710 4055 eam
1745 4005 1968 4054 iuverat.
2012 4029 2067 4039 —
2105 4003 2274 4053 Minus
2309 4005 2488 4055 rectae
2513 4006 2637 4054 sunt

1587 4077 1720 4128 aliae
1747 4077 2235 4142 interpretationes:
2276 4078 2320 4140 4>
2349 4076 2638 4127 «Indormit

1588 4150 1856 4202 cubilibus
1896 4152 2132 4203 omnium
2169 4164 2412 4202 mearum
2448 4162 2636 4200 aemu-

1588 4225 1763 4276 larum
1797 4226 1970 4278 unctis
2005 4224 2268 4276 oblivione
2305 4224 2487 4283 mei;»
2528 4220 2633 4281 vel,
