3234 4975
649 388 769 454 412

1427 392 1684 443 HORATII
1720 392 2057 445 CARMINUM

983 550 1197 615 Duces
1241 546 1362 614 suh
1407 548 1662 625 umbra,
1710 569 1831 615 nec
1873 547 2232 615 Semeleius

1065 671 1226 737 Cum
1268 671 1465 737 Marte
1507 669 1852 737 confundet
1895 669 2238 759 Thyoneus

1065 791 1343 868 Proelia,
1390 812 1512 859 nec
1557 788 1807 859 metues
1850 800 2222 878 protervum

986 952 1301 1038 Suspecta
1346 949 1616 1039 Cyrum,
1664 970 1745 1016 ne
1788 948 1956 1016 male
2004 949 2246 1037 dispari

777 1168 857 1219 22.
894 1167 1118 1217 remelius
1148 1167 1206 1216 B.
1249 1194 1304 1203 —
1340 1167 1422 1216 25.
1457 1179 1546 1215 nec
1578 1166 1677 1215 BT.

725 1355 806 1403 22.
841 1352 924 1403 23.
958 1351 1136 1416 Duces]
1165 1353 1404 1415 Propert.
1430 1351 1479 1412 2,
1513 1351 1563 1413 9,
1596 1351 1652 1401 24
1682 1365 1694 1399 :

645 1429 802 1478 multo
835 1428 1048 1477 dia-vistis
1071 1427 1260 1490 pocula
1285 1427 1422 1485 riam·
1456 1427 1696 1489 itemque

649 1517 773 1554 cum
805 1501 1087 1566 voluptatis
1121 1502 1335 1551 notione
1367 1501 1414 1561 4,
1445 1500 1495 1562 4,
1527 1500 1615 1550 43;
1654 1505 1701 1550 et

649 1591 781 1642 quae
807 1577 1010 1628 Gaudia
1037 1575 1126 1625 sub
1159 1575 1317 1625 tacita
1356 1577 1533 1625 ducere
1564 1579 1699 1625 vesto

649 1653 778 1702 libet.
848 1649 1000 1716 Apul.
1038 1652 1160 1701 Met.
1201 1650 1282 1711 40,
1314 1651 1375 1700 5:
1398 1650 1638 1712 poculum
1669 1676 1700 1686 -

649 1728 882 1777 continuo
902 1726 1146 1787 perduxit
1174 1725 1373 1776 haustu.
1419 1723 1586 1789 Epod.
1615 1723 1695 1786 44,

650 1800 709 1852 4:
758 1801 945 1851 Pocula
973 1825 999 1837 -
1024 1800 1067 1849 si
1099 1801 1364 1849 traxerim.
1432 1800 1608 1863 Eurip.
1645 1799 1697 1847 in

652 1873 798 1938 cycl.
852 1873 976 1926 4⁴7:
1047 1866 1302 1924 ἔσπασέν
1349 1874 1397 1923 τ’
1448 1867 1699 1938 ἄμυστιν

650 1946 917 2011 ἑλκύσας.
955 1950 1123 1999 Etiam
1156 1949 1209 1997 in
1232 1961 1392 2012 prosa
1426 1951 1557 1998 orat.
1586 1949 1695 1998 Cic.

649 2027 806 2075 Tusc.
846 2025 893 2084 4,
924 2022 1015 2073 40;
1065 2036 1307 2073 venenum
1338 2022 1593 2072 obducere.
1642 2049 1697 2057 —

652 2101 793 2149 «Nec
833 2112 865 2148 a
900 2097 1129 2162 poculis,
1173 2098 1298 2147 rixis
1339 2096 1704 2147 incalescenti-

651 2173 784 2236 bus,
830 2172 899 2223 ad
935 2172 1136 2223 terrum
1169 2174 1225 2222 et
1254 2173 1564 2235 sanguinem
1601 2185 1702 2220 ve-

651 2250 880 2299 nietur.»
947 2248 1240 2309 Iunguntur
1271 2246 1377 2296 duo
1404 2261 1701 2318 μητρωνυ-

648 2321 817 2389 μικά,
853 2322 998 2387 quod
1021 2323 1257 2373 imitatus
1291 2323 1373 2371 est
1412 2325 1570 2384 poeta
1597 2323 1703 2371 An-

653 2397 778 2448 thol.
818 2399 929 2447 Lat.
959 2399 1007 2458 4,
1039 2398 1133 2447 24;
1168 2395 1399 2447 Sanctae
1425 2396 1702 2445 Baccho—-

650 2473 779 2523 lacte
827 2472 1070 2534 Thyoncu.
1163 2469 1404 2536 Apollod.
1457 2470 1507 2532 3,
1553 2470 1611 2519 3:
1666 2464 1700 2520 ὁ

649 2543 934 2609 Διόνυσος
953 2539 1260 2613 ἀναγαγὼν
1282 2541 1344 2608 ἐξ
1371 2537 1571 2595 ’Ἀιδου
1595 2540 1701 2609 τὴν

649 2624 873 2694 μητέρα
905 2623 1006 2672 καὶ
1039 2616 1512 2709 προσαγορεύσας
1535 2616 1701 2670 Θυώ-

650 2715 775 2765 νην,
798 2700 919 2765 μή
944 2691 1127 2763 αὕτης
1148 2698 1230 2759 εἰς
1249 2691 1501 2764 ουρανὸν
1518 2690 1699 2761 ἀνῆλ-

649 2775 770 2824 θεν.
840 2772 1049 2824 Semele
1090 2787 1121 2822 a
1162 2771 1370 2822 Baccho
1419 2772 1472 2820 in
1525 2770 1703 2834 Olym-

650 2862 780 2914 pum
824 2848 981 2897 ducta
1023 2850 1105 2896 est
1137 2848 1193 2896 in
1226 2845 1444 2909 speculo
1479 2847 1701 2896 Etrusco

650 2923 795 2988 apud
826 2921 1013 2974 Miiller
1040 2921 1248 2971 Dcnkm.
1285 2923 1324 2970 1.
1352 2923 1413 2970 N.
1436 2920 1549 2970 308.
1589 2921 1697 2971 Cfr.

650 2996 899 3048 Welcker
913 2996 1328 3055 Somolo-Thymio.
1355 2996 1419 3044 N.
1445 2995 1534 3044 nh.
1559 2995 1702 3045 Mus·

651 3075 691 3123 Ι.
724 3086 779 3137 p.
824 3071 938 3122 432.
965 3097 1019 3107 -
1042 3072 1105 3121 Ut
1132 3069 1317 3119 dicunt
1334 3070 1539 3118 miscere
1552 3082 1703 3130 proo-

650 3147 741 3207 lia,
785 3147 862 3196 sic
892 3146 945 3195 b.
982 3144 1017 3194 l.
1053 3144 1371 3207 confundere,
1410 3145 1465 3193 et
1492 3157 1700 3212 παροι-

652 3222 781 3271 νίαν
815 3219 1022 3270 confert
1049 3217 1251 3283 proelio
1269 3219 1407 3268 inter
1427 3219 1698 3269 Bacchum

653 3299 710 3346 et
741 3297 964 3346 Martem
1002 3295 1139 3344 orto.

716 3406 797 3457 24.
835 3420 926 3456 nec
952 3404 1152 3470 metues]
1192 3406 1324 3455 «Hic
1356 3419 1571 3456 mecum
1602 3405 1701 3456 de-

651 3493 782 3545 gens
829 3483 938 3531 tuta
988 3482 1092 3531 eris
1135 3494 1166 3530 a
1197 3481 1356 3542 Cyro,
1394 3481 1699 3544 importuno

651 3555 739 3606 illo
771 3558 1029 3616 amatore,
1063 3556 1153 3617 qui
1188 3556 1239 3604 in
1272 3554 1407 3606 Urbe
1433 3557 1485 3605 te
1516 3568 1701 3618 perse-

650 3635 743 3697 qui
778 3632 962 3684 solet.»
1014 3634 1205 3695 Cyrus,
1243 3632 1494 3694 frequens
1518 3645 1702 3682 servo-

651 3721 773 3759 rum
824 3711 879 3758 et
917 3706 1284 3758 libertinorum
1327 3719 1550 3767 nomen,
1608 3719 1700 3756 re-

652 3784 818 3833 currit
850 3784 897 3846 4,
935 3783 1016 3844 33,
1054 3782 1102 3831 6.

716 3896 799 3945 25.
854 3895 1108 3960 Suspecta]
1158 3895 1356 3958 «Cyro,
1410 3892 1700 3957 suspicanti

651 3968 811 4020 alium
845 3981 877 4018 a
922 3972 974 4018 te
1020 3969 1237 4020 amari.»
1306 3971 1407 4019 Pro
1453 3968 1702 4029 mesple-ace·

652 4044 795 4109 apud
827 4045 1150 4107 posteriores
1184 4047 1388 4095 tantum
1419 4043 1699 4106 aliquoties

652 4119 935 4184 reperitur.
976 4145 1031 4153 —
1071 4120 1203 4168 malo
1234 4117 1442 4181 dispari]
1477 4119 1606 4180 Epp.
1647 4117 1695 4177 4,

653 4195 704 4256 3,
734 4193 828 4244 34;
875 4193 1008 4244 male
1051 4193 1202 4243 laxus
1228 4194 1435 4244 calceus.
1508 4188 1694 4242 Catull.

655 4271 735 4328 40,
784 4268 834 4330 3,
881 4268 940 4319 3;
999 4269 1188 4318 {mulsa
1221 4268 1352 4320 meac
1389 4274 1436 4320 ee
1470 4270 1694 4320 molesta.

2733 952 2814 1017 25

1770 1348 1956 1401 Tibull.
1994 1350 2044 1413 4,
2078 1352 2158 1414 40,
2194 1353 2256 1403 2;
2301 1353 2434 1403 malc
2462 1354 2654 1416 inepta,
2703 1353 2811 1415 ubi,

1771 1427 1830 1474 ut
1892 1425 1947 1475 h.
2015 1425 2081 1488 l.,
2145 1431 2228 1478 est
2282 1428 2670 1491 homonymum
2723 1443 2809 1477 vv,

1775 1500 1982 1561 «valde,
2018 1501 2362 1563 admodum,»
2398 1516 2522 1553 cum
2553 1501 2815 1553 vocabulo

1771 1576 2004 1638 ingratae
2033 1575 2314 1638 qualitatis.
2386 1579 2478 1628 Est
2504 1579 2662 1641 igitur
2704 1579 2819 1628 «ni-

1769 1650 1938 1700 mium
1988 1649 2201 1714 dispari,
2248 1650 2449 1702 viribus
2487 1650 2640 1714 longe
2679 1653 2817 1703 infe-

1771 1724 1963 1783 riori»;
2018 1738 2157 1775 non:
2212 1727 2305 1775 «in
2338 1739 2523 1776 amore
2553 1739 2660 1776 non
2692 1740 2818 1777 con-

1772 1798 2069 1849 sentienti.»
2116 1799 2267 1849 Hand
2300 1801 2449 1849 TurS.
2486 1802 2572 1850 111.
2607 1813 2659 1864 p.
2696 1800 2811 1851 584.

1837 1873 1918 1923 26.
1967 1874 2340 1938 Inconlinentcs]
2375 1888 2483 1924 non
2514 1878 2622 1925 tam
2657 1875 2724 1925 de
2751 1874 2817 1925 li-

1771 1947 1951 1998 bidine
1998 1949 2334 2012 interpretor,
2387 1960 2550 2011 quam
2593 1949 2661 1999 de
2710 1951 2818 1999 ira-

1774 2022 1965 2073 cundia
2016 2025 2071 2073 et
2115 2025 2400 2094 παροινὶᾳ.
2472 2023 2577 2074 Ctr.
2628 2021 2812 2074 Tibull.

1776 2099 1824 2159 4,
1859 2099 1939 2157 40,
1976 2098 2072 2148 53:
2125 2100 2366 2148 dmnoeztes
2410 2112 2607 2148 nmnus.
2678 2101 2818 2159 Aga-

1773 2172 1909 2222 thias
1960 2172 2013 2222 in
2062 2172 2271 2224 Anthol.
2330 2172 2437 2223 Pal.
2492 2175 2531 2222 Ι.
2586 2186 2639 2237 p.
2700 2171 2812 2222 447.

1773 2246 1886 2307 248,
1940 2247 2000 2296 3:
2051 2246 2332 2312 Πολέμων
2380 2243 2455 2297 τὰ
2506 2242 2818 2311 Ῥοδάνθης

1773 2316 2083 2392 Βόστρυχα
2170 2320 2522 2387 παντόλμοις
2619 2324 2818 2392 χερσὶν

1774 2393 2046 2461 ἐληΐσατο
2095 2424 2126 2434 -
2167 2427 2199 2437 -
2245 2393 2533 2460 Μάστιξεν
2582 2393 2818 2465 ῥαδινῆς

1772 2460 1939 2535 ἅψεα
1986 2469 2321 2543 θηλυτέρης.
2393 2469 2584 2523 Paulus
2627 2469 2713 2521 Sil.
2763 2472 2816 2522 in

1774 2547 1931 2596 Anth.
1980 2547 2086 2598 Pal.
2125 2550 2164 2598 1.
2200 2562 2254 2612 p.
2290 2548 2414 2598 ⁴58:
2457 2539 2528 2596 Ὦ
2577 2542 2817 2612 παλάμη

1776 2617 2063 2686 πάντολμε
2079 2658 2094 2683 ,
2154 2617 2228 2673 σὺ
2294 2617 2397 2672 τὸν
2451 2618 2819 2691 παγχρύσεον

1774 2689 1943 2762 ἔτλης
1977 2689 2167 2784 Ἀπρὶξ
2199 2693 2525 2768 δραξαμένη
2563 2692 2817 2768 βόστρυ-

1774 2786 1884 2831 χον
1917 2765 2217 2843 αὐερυσαι.
2274 2800 2329 2808 -
2381 2772 2575 2821 ᾶηίᾶοίαι
2616 2772 2814 2835 manua]

1777 2848 2029 2896 «intentet
2060 2859 2309 2905 manus3»
2346 2849 2406 2895 ut
2438 2847 2584 2895 Ovid.
2616 2850 2735 2897 Am.
2764 2847 2813 2906 4,

1775 2921 1835 2982 4,
1877 2920 1969 2971 4οε
2006 2922 2326 2982 euticiamque
2356 2934 2551 2970 ηιαηω.
2590 2920 2817 2971 Pulsatio

1774 2996 2094 3054 amicarum,
2148 2998 2208 3044 ut
2236 2997 2340 3046 iam
2367 2995 2597 3046 vidimus
2630 2995 2725 3045 od.
2765 2996 2814 3055 4,

1777 3070 1856 3131 43,
1893 3071 1963 3132 9.,
1999 3084 2031 3120 a
2062 3070 2304 3120 moribus
2338 3071 2591 3120 iuvenum
2622 3071 2817 3120 Roma-

1775 3157 1966 3195 norum
2013 3145 2230 3195 minime
2275 3143 2615 3195 abhorrebat.
2685 3146 2817 3195 Pro—

1773 3221 1908 3283 pert.
1936 3220 1985 3279 2,
2012 3221 2062 3281 5,
2087 3220 2143 3269 24
2165 3233 2177 3267 :
2224 3220 2327 3269 Noc
2349 3219 2438 3269 tibi
2456 3220 2665 3280 periuro
2691 3219 2819 3267 scia—

1774 3296 1893 3343 dam
1944 3296 2003 3343 de
2051 3307 2259 3356 corpore
2304 3299 2514 3354 vestem,
2566 3295 2669 3343 Noc
2704 3306 2819 3343 mea

1767 3368 2061 3430 praeclusas
2111 3369 2320 3432 troam-it
2368 3369 2453 3418 ira
2498 3368 2631 3431 sores
2644 3406 2663 3429 ,
2714 3369 2819 3417 Nec

1773 3442 1862 3491 libi
1898 3456 2146 3492 connexos
2188 3445 2353 3493 iratus
2387 3456 2596 3504 carpere
2635 3443 2815 3503 mnes,

1773 3518 1875 3566 Nec
1915 3518 2056 3566 duris
2096 3519 2260 3567 ausim
2300 3518 2494 3566 laedere
2535 3517 2814 3578 pollicibus.

1775 3592 1924 3641 ovid.
1956 3595 2074 3642 Am.
2114 3593 2161 3652 4,
2200 3593 2247 3652 7,
2280 3591 2340 3640 3:
2404 3593 2539 3641 Nam
2576 3592 2724 3654 furor
2762 3592 2817 3640 in

1772 3667 2026 3716 dominam
2060 3667 2331 3732 tenuerat-ia
2384 3665 2591 3715 brachia
2632 3667 2816 3725 movit,·

1772 3741 1877 3790 Flet
1897 3754 2013 3790 mea
2044 3754 2234 3791 vesana
2267 3741 2406 3789 laesa
2441 3741 2616 3801 puella
2639 3753 2813 3791 amu.

1769 3841 1800 3851 -
1828 3842 1857 3852 -
1884 3816 2021 3879 Ergo
2062 3829 2151 3879 ⁰9⁰
2195 3814 2406 3878 digestos
2436 3815 2581 3875 potui
2616 3815 2819 3865 laniare

1771 3889 2016 3953 capillos?
2048 3890 2259 3940 Lucian.
2280 3888 2412 3939 Dial.
2434 3901 2568 3939 mer.
2596 3889 2644 3939 8.
2673 3889 2814 3939 init.:

1773 3958 1935 4028 ὅστις
1982 3962 2045 4015 δὲ
2089 3960 2238 4030 μήτε
2286 3962 2616 4029 ζηλοτυπεῖ,
2666 3959 2817 4028 μήτε

1773 4034 2079 4111 ὀργίζεται,
2112 4034 2261 4105 μήτε
2294 4032 2567 4109 ε’ῤῥάπισε·
2600 4049 2739 4089 ποτε
2773 4033 2819 4103 ἤ

1773 4117 2110 4188 περιέκειρεν
2160 4110 2201 4180 ἢ
2249 4110 2323 4164 τὰ
2374 4111 2574 4179 ἱμάτια
2628 4114 2816 4183 περιέ-

1772 4205 2004 4252 σχισεν,
2056 4185 2247 4242 οὐκέτι
2295 4185 2546 4261 ἐραστὴς
2594 4189 2815 4250 ἐκεῖνος

1772 4266 1963 4326 dvctv,-
