3234 4975
622 384 703 448 44

1386 385 1640 435 ΗΟΒΑΤΠ
1677 383 2010 433 CARMINUM

1366 667 2038 730 cmv]-

960 817 1276 888 Scriberis
1318 817 1507 885 Vario
1549 817 1728 883 fortis
1771 826 1836 883 et
1877 815 2153 912 hostium

751 982 836 1032 v1.
906 982 1069 1031 Inscr.
1105 977 1242 1042 volg.
1280 981 1336 1029 et
1368 979 1418 1028 S.
1459 978 1581 1041 (om.
1619 976 1984 1041 praenomine)
2019 976 2095 1026 Ad
2117 977 2188 1027 M.
2223 976 2509 1039 Vipsanium
2540 977 2719 1042 Aqrip-

682 1069 823 1120 pam.
866 1083 919 1092 —
954 1056 1252 1118 Adloquitur
1288 1054 1580 1117 Vipsanium
1610 1053 1888 1117 Ayrippam
1921 1053 1977 1101 T.

690 1197 776 1247 VI.
826 1196 1088 1254 Horatius,
1125 1196 1184 1244 ut
1214 1192 1327 1244 aliis
1364 1205 1494 1243 suae
1528 1193 1675 1242 aeta-

625 1273 693 1323 tis
736 1270 1023 1322 illustribus
1063 1270 1215 1330 viris,
1269 1268 1464 1333 quibus
1514 1269 1670 1318 notus

625 1346 795 1410 magis
827 1358 989 1409 quam
1025 1343 1294 1395 familiaris
1317 1347 1447 1406 erat,
1483 1344 1672 1394 Muna-

625 1422 698 1471 tio
722 1419 931 1480 Planco,
956 1420 1135 1470 Asinio
1157 1417 1391 1480 Pollioni,
1428 1416 1539 1469 Iulo
1568 1419 1674 1468 An-

625 1495 802 1555 tonio,
856 1495 934 1545 sic
975 1495 1043 1545 M.
1089 1494 1337 1557 Vipsania
1388 1493 1667 1556 Agrippae,

628 1569 846 1618 strenuo
880 1568 1096 1630 Augusti
1119 1567 1447 1626 administra,
1483 1568 1670 1631 postea

628 1655 846 1707 genem,
883 1641 1042 1691 ducta
1077 1643 1129 1691 in
1165 1641 1561 1692 matrimonium
1584 1641 1673 1688 lu-

626 1714 722 1776 lia,
769 1718 884 1767 viro
924 1715 1049 1765 belli
1083 1729 1245 1779 quam
1288 1717 1436 1780 pacis
1469 1713 1673 1765 artibus

626 1792 817 1856 potiori
840 1830 852 1852 ,
910 1805 1076 1842 unum
1128 1791 1404 1841 dumtaxat
1452 1802 1671 1840 carmen

627 1864 865 1926 dedicat,
902 1864 1059 1916 simul
1092 1867 1327 1928 Augusto
1350 1865 1674 1929 gratificatu-

626 1954 735 1991 rus.
805 1939 910 1991 Cfr.
970 1937 1099 1989 Vell.
1160 1941 1269 1989 Pat.
1327 1940 1377 2000 2,
1436 1939 1526 1988 79:
1595 1939 1668 1988 Μ.

626 2014 879 2077 Agrippa,
935 2014 1017 2062 vir
1068 2014 1269 2063 artatis
1320 2013 1669 2074 nobilissimae,

633 2088 804 2138 labora
849 2088 1027 2151 vigilia
1060 2088 1286 2149 periculo
1324 2089 1535 2138 invictus
1568 2103 1674 2150 pa-

625 2164 867 2224 randique
888 2161 991 2226 (sed
1011 2162 1121 2226 uni)
1154 2164 1523 2226 scientissimus,
1560 2163 1677 2213 aliis

630 2250 752 2287 sane
784 2237 1063 2299 imperandi
1096 2239 1304 2299 cupidus
1326 2242 1372 2287 ot
1386 2252 1483 2300 per
1503 2239 1674 2288 omnia

630 2316 783 2362 extra
822 2311 1082 2361 dilationes
1116 2313 1308 2373 positus
1346 2312 1675 2374 consultisque

630 2386 770 2449 sacta
801 2386 1116 2449 coniunqens.
1176 2388 1289 2436 Non
1326 2389 1505 2437 tamen
1528 2388 1674 2437 omni

627 2459 833 2525 pulchri
867 2473 1029 2512 sensu
1053 2460 1333 2512 destitutus
1358 2463 1486 2512 erat.
1541 2461 1671 2512 Plin.

629 2536 711 2598 35,
748 2535 806 2586 4:
844 2537 1024 2585 --etsi
1054 2538 1136 2585 vir
1166 2538 1437 2586 misticitati
1461 2540 1678 2600 propior

630 2625 784 2675 quam
817 2611 1017 2662 deliciis,
1085 2612 1272 2661 Eaestat
1316 2613 1526 2675 (tamen)
1571 2614 1677 2663 eius

628 2686 792 2737 oratio
823 2686 1095 2749 magnifica
1143 2691 1190 2736 et
1230 2688 1458 2737 maximo
1490 2687 1675 2737 civium

628 2761 786 2825 digna
832 2762 892 2810 de
940 2760 1121 2810 tabulis
1163 2762 1388 2812 omnibus
1426 2763 1677 2825 signisqtae

619 2835 950 2898 publicandis,
987 2836 1111 2886 Eius
1133 2838 1363 2887 statuam
1385 2837 1507 2886 vide
1531 2836 1676 2901 apud

627 2909 861 2959 visconti
903 2909 1126 2959 Monam.
1173 2911 1356 2973 Bor-912.
1402 2912 1457 2960 T.
1501 2911 1583 2971 39,
1624 2911 1671 2960 4.

629 2984 684 3033 et
712 2986 938 3045 Iconoyr.
984 2984 1122 3033 Rom.
1167 2985 1223 3033 T.
1261 2985 1310 3043 8,
1348 2986 1396 3034 7.
1455 2984 1673 3047 (Frand-

629 3070 727 3108 sen
758 3057 1000 3120 Aqrippa.
1038 3056 1223 3107 Altona
1259 3059 1404 3108 4836.
1431 3059 1498 3120 8.)
1547 3058 1670 3119 Sed,

628 3135 689 3181 ut
722 3131 791 3181 ad
833 3130 1038 3181 initium
1080 3132 1237 3182 huius
1271 3130 1454 3182 scholii
1488 3146 1676 3182 rever-

629 3210 729 3267 tar,
766 3205 996 3256 maxime
1033 3204 1277 3256 notabilis
1300 3220 1388 3257 res
1412 3208 1511 3265 est,
1549 3207 1679 3256 Cor-

629 3280 828 3333 nelium
862 3278 1064 3330 Gallum
1088 3319 1100 3342 ,
1155 3282 1311 3332 tantis
1353 3279 1599 3332 laudibus
1642 3295 1674 3331 a

628 3355 838 3419 Virgilio
890 3353 1219 3405 celebratum
1242 3394 1253 3415 ,
1312 3354 1416 3406 alto
1466 3354 1674 3406 silentio

628 3431 977 3497 praetermitti
1001 3429 1069 3480 ab
1091 3430 1324 3491 Horati0,
1363 3431 1461 3482 etsi
1480 3429 1561 3482 ille
1583 3431 1677 3482 de-

629 3519 780 3556 mum
813 3519 862 3555 a.
900 3518 954 3554 u.
993 3519 1039 3555 c.
1084 3506 1228 3565 728„
1280 3508 1565 3570 postquam
1609 3521 1676 3555 ex

628 3582 846 3644 Augusti
882 3580 1061 3631 favore
1103 3580 1398 3641 exciderat,
1444 3583 1675 3631 mortem

629 3655 731 3707 sibi
765 3657 1037 3707 conscivit.
1108 3657 1294 3719 Magna
1335 3658 1515 3706 autem
1549 3669 1674 3705 cum

629 3733 742 3781 arte
777 3731 1036 3794 significat
1070 3744 1129 3781 se
1163 3731 1499 3794 panegyricis
1540 3730 1675 3794 epici

629 3805 840 3867 generis
894 3805 1279 3870 componendis
1334 3805 1507 3856 minus
1557 3804 1677 3855 ido-

630 3892 793 3929 neum
846 3893 994 3941 esse,
1058 3893 1089 3930 a
1151 3894 1258 3945 quo
1319 3893 1514 3943 genere
1566 3882 1676 3930 toto

631 3953 959 4004 abhorrebat
992 3957 1045 4004 ct
1078 3969 1337 4018 generosa
1373 3956 1487 4006 eius
1522 3955 1678 4005 indo-

629 4027 710 4079 les
746 4030 801 4078 et
832 4029 1085 4079 iudicium
1120 4032 1404 4094 poeticum.
1443 4030 1677 4093 Compo-

630 4104 790 4154 situm
809 4103 1095 4153 arbitratur
1110 4105 1214 4154 hoc
1232 4119 1448 4155 carmen
1472 4106 1674 4155 Franke

629 4191 730 4244 per
762 4191 927 4229 annos
961 4177 1058 4230 724
1094 4181 1149 4229 et
1169 4180 1303 4241 725„
1341 4181 1600 4230 Kirchner
1622 4182 1676 4230 et

630 4252 981 4305 Walckenaer
999 4268 1045 4303 a.
1070 4254 1203 4315 722,
1232 4255 1517 4305 Grotetend
1535 4255 1671 4315 729„

1743 1190 2016 1241 Weichert
2035 1203 2083 1240 a.
2110 1189 2416 1250 727-734.;
2457 1190 2784 1254 probabilius

1743 1264 1946 1315 Weber
1993 1278 2042 1314 a.
2090 1265 2201 1315 748.
2260 1268 2381 1329 post
2425 1279 2672 1329 magnam
2717 1265 2783 1315 dc

1745 1341 1795 1390 S.
1842 1341 2094 1404 Pompeio
2147 1341 2448 1400 victoriam,
2501 1345 2785 1406 postquam

1744 1415 2059 1466 Octavianus
2090 1411 2169 1480 τῷ
2197 1407 2466 1485 Ἀγρίππᾳ
2496 1417 2786 1477 στέφανον

1743 1504 1781 1550 χ
1821 1485 2003 1540 υσοῦν
2100 1486 2375 1555 ἐμβόλοις
2454 1484 2786 1557 ἠσκημένον

1744 1564 1774 1614 ε’
1807 1560 2096 1635 ωρήσατο.
2166 1565 2264 1614 Dio
2297 1564 2380 1626 49,
2419 1566 2498 1615 45.

1812 1641 1857 1690 4.
1894 1639 2150 1703 Scriberis]
2198 1639 2484 1690 «Carmine
2532 1641 2787 1703 (panegy-

1742 1712 1870 1776 rico)
1891 1712 2235 1763 celebrabere
2251 1728 2263 1772 3
2285 1726 2444 1764 nemo
2461 1715 2652 1765 melius
2671 1718 2787 1766 tuas

1743 1786 1929 1838 laudes
1945 1788 2256 1852 praedicare
2277 1791 2470 1853 potest,
2496 1801 2659 1852 quam
2681 1791 2788 1839 Va-

1745 1863 1872 1922 rius,
1911 1875 2074 1926 quem
2107 1864 2231 1912 huic
2265 1864 2471 1913 muneri
2505 1863 2787 1928 aliquando

1746 1937 1874 1987 satis
1909 1937 2170 1988 facturum
2202 1939 2383 2001 puto.»
2424 1939 2536 1987 Non
2573 1952 2790 2002 respuc-

1745 2010 1840 2060 bat
1888 2025 1939 2060 v.
1994 2011 2208 2060 scribere
2257 2011 2359 2060 hac
2409 2012 2787 2074 significatione

1744 2087 1922 2150 poesis
1945 2087 2144 2147 Latina,
2181 2088 2239 2135 ut
2260 2086 2383 2136 facit
2422 2091 2617 2137 nostra.
2679 2089 2783 2139 Csr.

1744 2175 1796 2211 V.
1836 2161 1914 2212 44.
1977 2188 2034 2198 —-
2097 2161 2262 2225 Vario]
2308 2162 2362 2211 1..
2411 2162 2600 2213 Varius
2635 2165 2788 2213 natus

1748 2237 1887 2285 circa
1921 2249 1969 2285 a.
2007 2249 2061 2284 u.
2100 2249 2146 2285 c.
2185 2236 2297 2285 672.
2358 2237 2415 2286 Ei
2449 2236 2691 2300 Virgilius
2715 2238 2792 2286 in-

1748 2311 1917 2360 notuit
1965 2310 2104 2359 circa
2156 2323 2204 2359 a.
2259 2323 2311 2359 u.
2365 2324 2412 2360 c.
2460 2311 2612 2372 744.,
2666 2316 2788 2362 ante

1747 2397 1910 2448 quem
1927 2386 2033 2433 iam
2051 2382 2292 2434 ediderat
2311 2389 2503 2447 po'ema
2527 2386 2595 2435 de
2619 2390 2788 2436 morte

1750 2460 2008 2521 Caesaris,
2052 2460 2201 2510 cuius
2235 2463 2416 2523 partes
2450 2460 2683 2512 studiose
2707 2474 2792 2511 se-

1748 2538 1917 2587 ctatus
1953 2539 2084 2586 erat.
2146 2536 2295 2599 (Hinc
2328 2534 2458 2585 illud
2493 2538 2598 2586 Sat.
2626 2539 2672 2598 4,
2700 2539 2787 2597 40,

1748 2612 1836 2662 43;
1873 2613 2002 2676 sorte
2033 2624 2149 2672 epos
2181 2624 2325 2673 acer,
2366 2612 2425 2660 Ut
2454 2625 2632 2674 nano,
2691 2614 2789 2663 Va-

1747 2689 1856 2736 rius
1888 2685 2064 2749 ducit.)
2132 2686 2404 2735 Horatium
2441 2689 2621 2736 autem
2656 2701 2704 2736 a.
2732 2701 2783 2737 u.

1749 2776 1796 2812 c.
1823 2763 1938 2812 7⁴2.
1976 2761 2119 2811 Bruti
2152 2774 2459 2823 sequacem,
2497 2774 2621 2811 cum
2644 2763 2790 2812 Mae-

1749 2838 1935 2886 cenate
1972 2834 2269 2885 conciliavit
2299 2836 2352 2884 in
2386 2836 2608 2899 eiusque
2644 2836 2791 2886 fami-

1747 2910 2027 2961 liaritatem
2077 2909 2295 2959 adduxit
2344 2910 2483 2960 circa
2535 2921 2606 2967 a·
2636 2925 2688 2960 u.
2736 2925 2781 2961 c.

1746 2986 1859 3035 746.
1932 2985 2081 3035 Circa
2117 2998 2165 3033 a.
2203 2997 2257 3034 u.
2298 2998 2344 3034 c.
2383 2985 2495 3035 723.
2555 2987 2790 3049 Panegy-

1745 3060 1917 3109 ricum
1983 3059 2037 3108 in
2105 3060 2392 3109 Caesarem
2448 3060 2788 3109 Octavianum

1747 3133 2075 3196 composuit;
2133 3133 2423 3195 Thyestem
2479 3134 2644 3183 edidit
2690 3147 2791 3198 per

1747 3221 1914 3258 annos
1947 3221 1999 3257 u.
2040 3221 2085 3258 c.
2125 3207 2409 3268 724-727,
2448 3207 2515 3258 de
2551 3222 2656 3271 quo
2691 3210 2784 3259 cfr.

1746 3281 1993 3335 Welcker
2026 3283 2159 3333 Mus.
2207 3283 2372 3332 Rhen.
2416 3281 2687 3347 Supplem.
2725 3284 2784 3332 V.

1746 3359 1807 3408 11.
1862 3359 1917 3407 T.
1973 3358 2058 3406 111.
2113 3370 2167 3421 p.
2223 3355 2369 3408 4428.
2440 3355 2629 3406 Seculo
2670 3360 2791 3421 post

1749 3432 1872 3483 Chr.
1910 3433 2098 3481 octavo
2132 3430 2376 3481 exstabat
2408 3431 2543 3480 hacc
2578 3428 2785 3480 sabula:

1747 3508 1931 3570 postea
1967 3507 2188 3569 propter
2220 3503 2405 3555 Isidori
2427 3505 2663 3567 Origines
2687 3505 2790 3554 mi-

1748 3594 1868 3632 sere
1901 3581 2057 3645 periit
2092 3581 2143 3629 in
2181 3579 2376 3629 Codice
2410 3580 2667 3643 rescripto
2702 3593 2790 3629 re-

1749 3656 1831 3718 gio
1879 3656 1940 3704 N.
1994 3654 2170 3714 7530..
2225 3654 2277 3703 in
2330 3666 2435 3716 quo
2487 3654 2791 3703 etiamnunc

1749 3730 1884 3779 haec
1917 3727 2185 3790 leguntur:
2243 3729 2337 3777 «L.
2387 3728 2566 3777 Varius
2605 3742 2790 3791 cayno-

1747 3807 1910 3853 mento
1964 3804 2121 3865 Rufus
2181 3802 2426 3862 Thyestem
2479 3803 2791 3865 tragoediam

1746 3891 1938 3942 niaqna
1984 3891 2114 3926 cura
2154 3876 2431 3926 absolutam
2466 3882 2580 3938 post
2617 3877 2791 3926 Actia-

1748 3968 1862 4004 cam
1891 3944 2160 4003 victoriani
2186 3952 2407 4015 Auqusto
2440 3952 2570 4000 ludis
2601 3952 2706 4000 eius
2737 3952 2791 4000 in

1748 4042 1896 4079 scena
1927 4028 2105 4087 odiam
2141 4040 2240 4089 pro
2274 4041 2377 4089 qua
2406 4026 2583 4090 sabula
2612 4031 2789 4075 sester-

1749 4106 1874 4154 tium
1907 4104 2099 4153 deciens
2129 4103 2368 4164 accepit.»
2427 4101 2788 4152 Schneidewin

1749 4182 1800 4229 in
1837 4180 1967 4230 Mus.
2005 4179 2170 4228 Rhen.
2211 4176 2355 4227 4844.
2382 4190 2435 4241 p.
2466 4178 2576 4226 406.
2611 4204 2661 4211 —-
2690 4176 2788 4224 Su-

1749 4256 1956 4320 perstes
1991 4252 2086 4303 fuit
2109 4251 2316 4315 Virgilio
2342 4254 2550 4302 mortuo
2575 4265 2620 4300 a.
2649 4250 2784 4307 735„
