3234 4975
1258 392 1376 446 Lm.
1414 396 1497 445 IV.

1571 396 1628 446 c.
1668 396 1770 446 xV.
2499 394 2623 458 623

957 551 1031 616 Et
1075 560 1330 616 veteres
1375 550 1701 616 revocavit
1743 560 1943 625 arteS,

788 709 911 774 Per
952 726 1117 795 quas
1159 707 1453 785 Latinum
1495 727 1732 774 nomen
1776 717 1841 773 et
1885 705 2078 773 Italae

783 826 1065 893 Crevere
1108 827 1282 893 vires
1326 827 1627 914 famaque
1673 837 1738 892 et
1779 827 2007 915 imperi

868 949 1172 1014 Porrecta
1215 947 1518 1013 maiestas
1562 946 1647 1013 ad
1690 958 1869 1013 ortus

2541 950 2620 1013 Ι15

953 1066 1121 1134 Solis
1165 1066 1248 1134 ab
1292 1067 1610 1155 Hesperio
1656 1066 1872 1134 cubili.

790 1224 1074 1292 Custode
1120 1245 1339 1290 rerum
1384 1225 1666 1292 Caesare
1710 1245 1841 1290 non
1885 1224 2065 1290 furor

784 1343 1003 1411 Civilis
1047 1354 1158 1410 aut
1198 1345 1296 1410 vis
1342 1345 1556 1431 exiget
1597 1345 1830 1422 otium,

867 1465 1006 1529 Non
1051 1463 1182 1540 ira,
1235 1485 1406 1552 quae
1449 1465 1753 1552 procudit
1795 1486 1989 1532 enses
2056 1538 2062 1545 ,

578 1644 659 1693 45.
694 1643 1029 1704 Por-rectaque
1050 1643 1107 1692 Τ.
1138 1668 1195 1678 -
1232 1648 1399 1692 oreiam
1421 1644 1524 1705 ST,
1560 1656 1644 1708 pr.
1663 1641 1724 1705 β,
1749 1644 1883 1705 LCt,
1920 1641 2119 1705 Bentl.,
2159 1645 2212 1695 F.
2240 1643 2401 1709 (ortus
2422 1646 2548 1709 bcd,

513 1718 598 1766 «et
629 1728 819 1766 omues
853 1716 962 1766 lere
1000 1716 1194 1766 nostri»
1232 1717 1437 1779 Βεκτε..)
1477 1742 1535 1754 -

1575 1717 1656 1767 48.
1693 1718 1879 1767 eximet
1919 1716 2091 1778 bScd,
2137 1718 2355 1769 Bentleii
2388 1719 2553 1784 pleri-

510 1803 644 1853 que,
697 1803 809 1839 var.
849 1789 968 1840 lect.
1005 1806 1097 1855 γι,
1135 1791 1365 1840 Pottierii
1397 1789 1668 1854 plerique,
1714 1792 1871 1851 CtFJ,
1920 1792 2168 1842 existimet
2208 1797 2456 1858 corrupte
2491 1797 2547 1845 T.

508 1863 695 1927 (uuiaet
713 1878 797 1930 γι,
834 1865 1065 1915 Pottierii
1091 1866 1112 1914 4
1138 1902 1149 1926 ,
1178 1865 1234 1925 3,
1261 1864 1330 1925 9.)
1358 1890 1415 1900 -
1455 1864 1533 1915 49.
1572 1865 1755 1925 iraque
1778 1878 1908 1927 quae
1929 1866 1985 1916 T.
2017 1894 2072 1901 —
2091 1868 2328 1929 producit
2361 1881 2466 1932 mg.
2495 1871 2546 1918 S.

444 2035 565 2072 esse
616 2023 944 2072 monstravit.
1014 2014 1157 2072 Rem
1207 2022 1261 2071 in
1311 2021 1490 2071 medio

442 2095 691 2159 relinquit
722 2096 1010 2158 Franzius.)
1046 2099 1147 2146 Pro
1183 2098 1330 2146 certo
1359 2109 1488 2146 sane

443 2170 688 2220 Horatius
709 2170 778 2220 ad
799 2172 988 2220 Ianum
1021 2171 1225 2220 tertium
1248 2169 1489 2220 clausum

442 2244 714 2308 respicere
757 2257 864 2293 non
898 2244 1094 2308 potuit,
1149 2244 1248 2294 sed
1291 2243 1488 2292 infinite

441 2317 702 2379 significat
735 2316 867 2367 duas
889 2319 1095 2381 priores
1118 2317 1489 2367 huiuscemodi

441 2391 808 2441 caerimonias.
847 2392 905 2440 ln
928 2392 1191 2441 nummis:
1216 2392 1321 2441 Im.
1345 2392 1487 2442 Cas.

441 2464 589 2515 Ovid.
606 2466 739 2515 Fast.
758 2466 804 2526 4,
826 2465 939 2515 429.
968 2467 1127 2516 lanus
1146 2464 1214 2515 de
1232 2478 1317 2516 se:
1342 2468 1491 2516 modo

438 2552 664 2601 namque
692 2540 944 2589 Patulcius
975 2540 1105 2589 idem
1135 2541 1201 2589 Ει
1231 2541 1379 2590 modo
1400 2554 1489 2590 sa-

439 2613 609 2676 crifico
657 2612 851 2662 Clusius
894 2626 981 2662 ore
1009 2627 1179 2663 vocor.
1220 2617 1275 2650 -—'-
1336 2614 1490 2665 clusit

442 2687 655 2736 Codicis
667 2685 935 2736 vanderb.
950 2685 1128 2737 multis
1145 2686 1358 2750 placuit,
1386 2687 1485 2738 sed

439 2758 607 2809 altera
638 2761 900 2823 scriptura
921 2762 1187 2823 Augustus
1223 2761 1335 2825 ipse
1359 2775 1489 2812 usus

443 2833 602 2883 estin
626 2833 764 2882 Mon.
782 2835 979 2895 Ancyr.
1002 2861 1057 2871 —
1082 2835 1193 2884 Iani
1209 2833 1485 2895 bifrontes,

440 2909 498 2957 et
534 2906 794 2957 imberbis
831 2909 886 2957 et
917 2907 1200 2970 barbatus,
1260 2912 1385 2960 sunt
1433 2911 1488 2961 in

439 2979 625 3032 Miiller
655 2981 866 3030 Denlcm.
908 2982 970 3032 V.
1007 2984 1069 3032 N.
1107 2983 1221 3033 327.
1259 2984 1373 3034 328.

507 3055 569 3104 40
591 3081 623 3092 -
646 3057 724 3105 42.
783 3055 960 3120 frena]
1035 3057 1286 3120 Tragicus
1343 3058 1487 3122 apud

439 3129 548 3179 Cic.
576 3129 645 3180 de
671 3130 757 3180 Or.
786 3129 846 3190 3,
874 3129 963 3180 44;
1000 3132 1332 3180 exsultantem
1362 3137 1408 3181 te
1441 3137 1489 3182 et

431 3205 791 3267 praefidentem
838 3204 924 3253 cibi
965 3206 1247 3267 Repriment
1286 3206 1487 3257 validae

438 3276 605 3339 leynam
651 3277 873 3328 habenae
935 3284 1087 3341 atque
1132 3280 1313 3341 impero·
1360 3280 1487 3330 insi-

439 3353 567 3399 stent
598 3351 733 3413 iugo.
767 3378 822 3388 —-
859 3352 1101 3416 licaniae]
1141 3355 1482 3416 «Licentiam,

438 3436 576 3486 quae
609 3437 709 3488 per
741 3423 880 3474 bella
917 3427 1162 3478 intestina
1198 3441 1377 3479 mores
1411 3427 1487 3479 le-

436 3509 640 3559 gesque
664 3499 889 3562 *impune
924 3500 1172 3561 violarat,
1218 3505 1485 3564 Augustus

442 3570 497 3640 in
548 3571 790 3621 ordinem
842 3574 1015 3635 coegit
1069 3575 1482 3637 exstirpavitque

438 3642 649 3707 culpas,
706 3646 893 3695 noxios
950 3647 1155 3697 severis
1198 3645 1483 3711 ‚suppliciis

437 3723 730 3776 coercens3
807 3719 1091 3770 honestam
1149 3719 1484 3784 disciplinam

435 3792 715 3843 restituit.»
762 3820 817 3830 -
853 3794 1157 3858 ernotfitque]
1194 3795 1278 3844 Sic
1300 3795 1405 3844 Sat.
1431 3796 1481 3856 2,

436 3865 468 3915 3
481 3904 493 3925 ,
540 3866 633 3915 28:
691 3867 892 3916 Emmn't
933 3871 1147 3917 veterem
1197 3865 1480 3931 (morbum)

433 3938 754 3990 mio-onovm.
786 3964 838 3975 -
877 3940 1286 4003 veteres-artes]
1324 3954 1486 4004 «pru-

436 4013 699 4075 dentiam,
753 4014 1142 4075 iortitudiuem,
1201 4014 1481 4075 iustitiam,

435 4089 898 4152 temperantiam.»
935 4090 1118 4139 Scuor..

504 4161 619 4212 43-
642 4163 722 4213 46.
758 4163 990 4225 imperi·
960 4160 1261 4225 -matesc'asj
1314 4123 1483 4211 Etiam

436 4234 639 4288 divise.
715 4238 982 4300 mmmm
1032 4237 1210 4300 populi
1271 4235 1484 4286 Romani

1563 2021 1912 2083 maiestasque.
1941 2022 2049 2071 Cic.
2066 2035 2163 2086 pro
2173 2023 2303 2074 Rab.
2323 2024 2474 2088 perd.
2496 2038 2540 2075 r.
2562 2026 2612 2075 7.

1566 2095 2014 2153 deOrat.2,39:
2060 2097 2374 2149 Simaiestas
2407 2103 2616 2148 estam-

1556 2169 1754 2230 plitudo
1791 2183 1854 2219 ac
1884 2171 2104 2232 dianitas
2132 2173 2381 2234 civitatis,
2429 2175 2473 2222 43
2503 2186 2616 2223 eam

1562 2244 1778 2304 minuit,
1836 2245 1924 2303 qui
1961 2246 2237 2294 ever-citum
2268 2247 2482 2296 hostibus
2512 2261 2616 2309 po-

1557 2316 1671 2379 puli
1718 2318 1929 2366 Romam·
1985 2319 2195 2368 tradidit
2233 2322 2334 2369 cet.
2399 2319 2608 2379 Quintil.

1564 2391 1622 2451 7,
1666 2390 1723 2451 3,
1767 2391 1867 2440 35:
1918 2392 2158 2442 Maiestas
2194 2397 2265 2441 est
2311 2393 2366 2443 in
2401 2393 2613 2455 imperio

1563 2469 1717 2526 atque
1752 2466 1806 2515 in
1839 2466 1975 2516 omni
2000 2467 2177 2529 populi
2198 2467 2412 2518 Romani
2445 2467 2613 2530 diani-

1563 2544 1681 2589 tate.
1730 2567 1786 2576 —
1820 2542 2085 2606 Porrecta]
2136 2554 2282 2606 proS.
2322 2555 2400 2592 or.
2441 2540 2608 2590 «dila-

1564 2614 1705 2674 tata,
1742 2616 2082 2677 propagata.»
2126 2641 2184 2651 —
2239 2617 2307 2665 ad
2339 2616 2492 2679 ortus]
2528 2616 2612 2665 Li·

1562 2687 1727 2737 brarii
1761 2687 1963 2738 facilius
1997 2690 2050 2738 h.
2087 2687 2121 2738 l.
2158 2691 2431 2739 mutarunt
2462 2701 2608 2738 uum.

1561 2760 1699 2825 plur.
1739 2762 1792 2811 in
1827 2761 2150 2823 singularem
2192 2761 2610 2824 frequentiorem

1562 2848 1729 2898 quam
1753 2839 1954 2885 contra.
1993 2834 2100 2885 Cir.
2123 2835 2219 2885 Od.
2241 2835 2272 2884 3
2290 2873 2302 2896 ,
2326 2836 2416 2896 27,
2445 2836 2524 2885 42.
2550 2860 2605 2871 -

1561 2911 1626 2960 ab
1647 2911 1883 2972 Hesperio
1905 2909 2070 2973 cubili]
2108 2909 2208 2960 «ab
2233 2923 2430 2960 occasu
2448 2948 2460 2970 ,
2500 2923 2609 2973 quo

1561 2983 1648 3034 Sol
1683 2984 1752 3035 ab
1788 2985 2006 3034 aethere
2040 2984 2188 3034 velut
2220 2986 2272 3034 in
2308 2982 2481 3033 cubile
2517 2984 2611 3035 de-

1559 3059 1820 3109 scendit.»
1892 3058 2238 3109 Mimnermus
2283 3058 2454 3121 Bergk
2485 3071 2604 3122 pag.

1560 3133 1691 3182 3⁴8:
1748 3128 1863 3183 Τὸν
1909 3130 2018 3195 μὲν
2059 3126 2169 3201 γὰρ
2212 3124 2471 3196 (Ἠέλιον)
2514 3128 2609 3184 διὰ

1559 3203 1723 3271 κῦμα
1788 3207 1954 3292 φέρει
2027 3204 2395 3274 πολυήρατος
2468 3201 2607 3272 εὐνὴ

1558 3279 1789 3346 Κωΐλη,
1819 3275 2139 3341 Ἡφαίστου
2143 3281 2365 3367 χερσὶν
2401 3278 2611 3346 ἐληλα-

1557 3355 1706 3420 μένη
1737 3351 1979 3425 Χρυσοῦ
2017 3349 2323 3418 τιμήεντος
2354 3351 2473 3403 κτλ.

1629 3431 1737 3479 47-
1753 3430 1836 3480 20.
1890 3428 2122 3492 Custode]
2160 3426 2255 3478 Od.
2292 3427 2350 3487 3,
2391 3426 2482 3488 44,
2525 3430 2604 3478 45.

1560 3502 1657 3553 Od.
1694 3502 1751 3564 4,
1789 3504 1850 3564 5,
1890 3503 1953 3551 4·
1943 3539 1954 3550 .
2009 3502 2191 3563 optime
2232 3500 2475 3550 Romulae
2506 3502 2609 3552 Cu—

1557 3581 1657 3626 3ιο3
1686 3577 1862 3638 aencis.
1906 3603 1958 3612 —
2014 3575 2202 3638 σύρει]
2239 3575 2411 3639 prima
2445 3574 2609 3637 sigui-

1559 3650 1834 3700 ficatioue:
1899 3647 2156 3712 «expellet
2178 3686 2189 3709 ,
2250 3647 2604 3699 exturbabit.»

1560 3723 1714 3783 Quod
1749 3736 1875 3773 cum
1909 3736 2014 3773 non
2046 3720 2425 3785 intelligerent,
2479 3723 2610 3773 scri-

1556 3800 1782 3860 pserunt
1831 3798 2047 3857 enimet,
2124 3795 2269 3859 quod
2321 3797 2502 3845 tamen
2549 3809 2601 3846 v.

1560 3873 1847 3934 usurpatur
1868 3871 2044 3934 potius
2067 3868 2135 3919 de
2169 3867 2335 3919 rebus
2368 3869 2603 3932 ingratis,

1557 3942 1720 3993 veluti
1762 3944 1980 3993 eximere
2013 3956 2220 4004 curam,
2253 3947 2468 4004 mettun,
2505 3944 2607 3993 ali-

1559 4030 1706 4077 quem
1738 4030 1765 4066 e
1794 4016 2038 4078 υ4ηουὶ43,
2090 4017 2353 4078 sev-vitute,
2398 4017 2608 4068 crimm

1560 4090 1663 4137 cet.
1719 4089 1774 4138 et
1836 4091 2117 4152 praeterea
2166 4102 2359 4154 prosae
2427 4090 2605 4153 potius

1558 4161 1811 4212 orationis
1853 4162 2004 4211 foret.
2059 4189 2114 4198 —-
2167 4164 2282 4213 Non
2313 4161 2414 4227 ira]
2448 4162 2604 4213 belli-

1559 4247 1640 4284 ca.
1713 4233 1912 4296 Tib.,l
1939 4234 2118 4296 3,47;
2172 4237 2467 4297 Nonacies,
2504 4249 2604 4286 non
