3234 4975
1241 399 1358 448 LIB.
1398 400 1456 448 ΙΙ.
1531 400 1587 448 C.
1628 400 1733 449 xll.

2502 399 2628 463 277

792 554 891 619 Me
938 553 1164 620 dulces
1207 552 1507 620 dominae
1552 555 1733 619 Musa
1778 554 2147 642 Licymniae

592 752 668 801 ⁴3.
708 751 872 800 dulces
903 750 1049 800 bSd:
1104 752 1260 799 dulcis
1293 752 1532 812 BTe,FM.
1575 752 1719 813 (item
1754 750 1920 801 Bentl.
1960 753 2012 801 in
2047 755 2320 811 contextu,
2374 755 2471 804 sed
2506 758 2559 806 in

517 826 914 877 Commentario
960 825 1163 888 dulces)
1203 853 1258 861 —
1295 827 1568 875 Lieimm'ae
1600 828 1665 885 S,
1711 826 1999 886 Lycivnntae
2030 827 2097 886 Τ,
2140 828 2428 889 Licimnyae
2461 828 2556 888 bc,

519 901 819 961 Lyoynmiao
852 912 976 949 cum
1009 898 1189 949 Bland.
1230 901 1336 949 ant.
1377 902 1445 960 C,
1483 900 1704 949 Liciniae
1737 900 1787 949 d.
1831 901 2007 961 (Recte
2044 901 2330 961 Licymniae
2362 904 2420 952 B.
2448 904 2553 953 Cfr.

517 977 751 1037 Wagner
784 975 853 1023 ad
886 975 1026 1037 Virg.
1065 976 1195 1023 Aen.
1233 973 1264 1022 9
1286 1011 1298 1035 ,
1335 972 1470 1033 546.)

520 1141 598 1191 ⁴3.
654 1142 765 1190 «Me
815 1154 945 1190 vero
993 1142 1059 1203 (id
1096 1141 1241 1204 quod
1275 1142 1499 1191 sortasse

454 1215 550 1265 tibi
574 1228 681 1264 non
707 1216 1132 1278 minus'gratum
1178 1216 1292 1277 erit)
1354 1215 1502 1264 iubet

452 1290 600 1341 Musa
668 1288 944 1338 celebrare
1001 1287 1246 1340 laudibus
1319 1288 1462 1339 illam
1484 1327 1496 1348 ,

453 1376 618 1426 quam
653 1366 707 1413 tu
744 1364 1032 1413 tenerrimo
1066 1376 1252 1412 amore
1292 1362 1500 1425 ample-

453 1439 648 1487 xaris.»
689 1465 744 1473 —
782 1437 970 1501 dulces]
1009 1438 1256 1487 «Etiamsi
1294 1437 1499 1488 scribas

454 1512 641 1571 dulcis,
712 1511 1052 1561 nihilominus
1112 1513 1214 1562 erit
1261 1513 1495 1562 accusat.

452 1586 591 1651 plur.
613 1586 909 1648 iungendus
937 1600 1060 1636 cum
1088 1600 1140 1635 ν.
1170 1591 1366 1647 cantus,
1393 1599 1499 1634 non

451 1662 607 1710 dulcis
655 1662 900 1711 dominae.
976 1662 1132 1712 Unica
1185 1663 1327 1711 enim
1369 1674 1498 1710 vera

451 1736 776 1801 constructio
827 1738 939 1786 est:
1017 1737 1167 1785 Musa
1212 1735 1370 1785 voluit
1423 1749 1502 1784 me

449 1812 612 1860 dicere
662 1811 825 1860 dulces
873 1816 1050 1859 cantus
1098 1812 1328 1860 dorninae
1359 1812 1503 1871 Licy—

448 1886 631 1935 mniae.
670 1887 768 1944 Qui
793 1887 1077 1935 iunxerunt
1099 1887 1256 1935 ἀπιεὶς
1272 1887 1502 1935 dominae

454 1957 540 2008 vel
574 1959 730 2008 dulcis
760 1961 942 2020 Musa,
988 1973 1094 2009 non
1131 1961 1257 2010 satis
1299 1960 1502 2021 cogita-

452 2036 600 2093 runt,
642 2048 693 2082 v.
714 2038 891 2082 cantus
916 2034 1151 2097 epitheto
1172 2047 1355 2083 carere
1381 2046 1502 2083 om-

457 2109 580 2156 nino
612 2120 716 2156 non
741 2120 920 2171 posse,
948 2121 1072 2157 cum
1096 2109 1262 2156 oculos
1284 2120 1498 2170 quoque

461 2184 517 2231 et
541 2186 715 2243 pectus
748 2195 853 2231 non
878 2183 955 2230 sie
979 2182 1121 2231 nude
1146 2184 1319 2246 posita
1342 2183 1497 2232 sint.»

456 2257 642 2304 nucu.
702 2283 757 2291 -
812 2256 1117 2319 Licymniae]
1169 2257 1365 2305 Horatii
1419 2258 1502 2305 est

453 2332 623 2379 amica
714 2344 779 2378 ex
847 2332 1094 2394 opinione
1183 2330 1500 2380 Mitscherli-

458 2404 579 2463 chii,
616 2402 879 2464 Teuffelii,
919 2404 1227 2454 Frandsenii
1261 2407 1419 2453 Maec,
1441 2417 1494 2467 p.

451 2477 563 2527 ⁴36.
600 2477 751 2528 Estre
778 2478 902 2527 Hor.
931 2480 1015 2528 Pr.
1040 2492 1092 2542 p.
1121 2479 1236 2528 396.
1276 2479 1493 2538 Verum,

449 2555 510 2601 ut
566 2565 632 2601 ex
704 2554 811 2601 tota
868 2553 1177 2602 Carminum
1242 2548 1494 2622 συλλογῇ

449 2623 738 2687 colligitur,
791 2639 1056 2688 nusquam
1107 2638 1321 2676 amores
1372 2639 1496 2676 cum

448 2698 636 2763 puellis
672 2701 912 2762 ingenuis
949 2701 1014 2760 (ν.
1054 2700 1152 2761 48.)
1198 2700 1298 2750 sibi
1335 2700 1495 2750 fuisse

452 2777 750 2832 memorat;
797 2774 995 2823 etenim
1030 2771 1221 2822 talibus
1256 2774 1495 2837 profecto

450 2861 554 2897 non
589 2847 891 2909 indigebat,
930 2860 1056 2897 cum
1079 2848 1493 2898 formosissimae

451 2924 506 2971 et
537 2926 732 2971 ceratum
765 2923 958 2971 artium
990 2921 1266 2972 libertinae
1292 2923 1492 2985 ubique

451 2999 500 3047 ei
523 2999 736 3060 praesto
761 2999 960 3056 essent,
999 3009 1099 3045 nec
1124 2997 1335 3047 decoris
1368 3012 1495 3048 sen-

450 3084 541 3121 sus
563 3073 677 3135 ipse
703 3070 1055 3130 concedebat,
1092 3074 1152 3120 ut
1174 3071 1241 3120 de
1266 3072 1493 3134 ingenua

449 3158 480 3193 a
530 3158 588 3194 se
646 3147 821 3194 amata
871 3158 1110 3208 unquam
1162 3144 1490 3208 loqueretur.

448 3220 654 3268 Morum
702 3232 829 3281 ergo
879 3218 1019 3269 illius
1070 3221 1258 3269 aetatis
1297 3220 1495 3269 Roma-

451 3306 645 3342 norum
696 3307 917 3357 prorsus
969 3292 1116 3343 obliti
1176 3295 1333 3356 sunt,
1404 3296 1495 3358 qui

447 3364 575 3415 illud
641 3369 958 3417 statuerunt.
1060 3367 1495 3430 Vanderburgius

448 3439 612 3491 habet
634 3454 732 3504 pro
755 3440 943 3490 liberta
962 3454 992 3489 a
1013 3443 1319 3492 Maecenate
1345 3456 1497 3491 ama-

449 3517 533 3574 ta3
586 3528 683 3578 pro
734 3516 857 3565 ficto
907 3517 1124 3565 nomine
1157 3517 1377 3566 Bothius
1409 3516 1497 3566 vel

449 3589 610 3653 (quod
661 3593 840 3639 tamen
891 3591 991 3654 ipsi
1057 3591 1233 3638 minus
1305 3589 1494 3654 placet)

447 3677 546 3727 pro
580 3677 726 3715 verm
745 3666 947 3715 sororis
981 3667 1073 3712 aut
1107 3666 1360 3725 cognatae
1395 3666 1499 3725 Ly-

447 3739 640 3798 eimau,
680 3740 925 3789 Caesaris
960 3738 1155 3798 liberti,
1194 3739 1285 3800 qui
1309 3737 1497 3788 Gallias

449 3809 694 3873 spoliavit
745 3813 1052 3876 praefectus
1104 3809 1207 3861 sub
1241 3812 1494 3872 Augusto,

447 3886 510 3933 ut
543 3886 766 3934 testatur
797 3889 895 3936 Dio
921 3886 1003 3947 54,
1031 3887 1112 3935 2⁴.
1154 3887 1500 3949 (quapropter

450 3957 616 4008 edidit
649 3960 943 4021 Lycimma;
997 3961 1094 4011 sed
1139 3973 1328 4009 verum
1362 3957 1498 4009 illius

448 4033 680 4083 hominis
716 4047 913 4085 nomen
949 4035 1044 4084 suit
1076 4036 1279 4085 Licinus
1328 4031 1497 4082 tribus

448 4106 566 4169 syn.
595 4106 870 4168 brevibuS,
897 4113 958 4158 ut
978 4112 1188 4159 constat
1204 4123 1266 4158 ex
1287 4107 1497 4172 poetis)

449 4182 555 4242 Ego
590 4180 910 4233 Scholiastas
943 4183 1182 4246 aliosque
1235 4185 1498 4246 interpre-

1576 1155 1697 1205 pag,
1755 1142 1888 1203 462.)
1943 1156 2174 1206 sequor,
2229 1145 2318 1207 qui
2376 1157 2492 1195 rem
2544 1147 2621 1195 sic

1575 1216 1897 1279 expediunt:
1985 1218 2144 1266 Sicuti
2212 1221 2346 1268 teste
2403 1218 2623 1282 Apuleio

1575 1289 1793 1353 Apolog.
1857 1292 1969 1340 406.
2039 1290 2223 1341 Catulli
2258 1291 2446 1342 Lesbia
2488 1306 2619 1342 vero

1576 1364 1790 1413 nomine
1834 1367 1950 1413 erat
1989 1364 2170 1415 Clodia
2193 1403 2204 1425 ,
2242 1365 2428 1415 Tibulli
2452 1366 2616 1425 Delia,

1574 1436 1775 1496 Plania,
1815 1440 2073 1501 Propertii
2109 1439 2363 1501 Cynthia,
2401 1441 2617 1498 Hostia,

1573 1510 1783 1560 Ticidae
1809 1509 2013 1571 Perilla,
2041 1511 2267 1571 Metella,
2306 1515 2375 1562 ita
2400 1513 2619 1573 scilicet,

1572 1589 1631 1635 ut
1654 1585 1722 1634 ad
1746 1585 2170 1636 conservandam
2193 1588 2354 1637 etiam
2378 1590 2429 1638 in
2470 1601 2624 1638 amo-

1573 1657 1723 1710 ribus
1759 1659 2067 1721 dignitatem
2126 1661 2478 1712 matronalem
2521 1677 2621 1712 no-

1573 1735 1702 1784 mini
1750 1735 1988 1784 Romano
2039 1734 2181 1784 aliud
2206 1794 2211 1801 ,
2238 1736 2624 1787 substituerent

1575 1812 1837 1859 Graecum
1872 1809 2063 1859 eadem
2098 1808 2426 1872 syllabarum
2452 1825 2625 1875 quan·

1574 1884 1758 1932 titate:
1822 1885 1899 1933 sic
1950 1884 2295 1934 statuendum
2344 1888 2428 1935 est
2477 1885 2528 1934 h.
2586 1885 2618 1935 l.

1573 1958 1890 2019 Licymniam
1955 1958 2253 2019 significare
2320 1959 2621 2009 Terentiam

1574 2033 1898 2082 Maecenatis
1921 2045 2163 2093 uxorem,
2192 2034 2353 2083 etiam
2377 2032 2446 2082 ab
2472 2036 2624 2084 Octa-

1573 2108 1732 2156 viano
1774 2105 2056 2168 aliquando
2104 2109 2371 2168 amatam,
2442 2109 2513 2157 ita
2563 2111 2622 2157 ut

1574 2181 1785 2243 utrique
1826 2181 1912 2229 hic
1968 2178 2116 2230 locus
2157 2182 2349 2230 eximie
2407 2182 2620 2246 placere

1573 2253 1833 2312 deberet;
1902 2253 2024 2303 ideo
2063 2256 2245 2304 autem
2282 2257 2620 2318 potissimum

1574 2331 1837 2378 Graecum
1854 2327 1957 2377 hoc
1975 2342 2171 2378 nomen
2191 2328 2459 2380 delectum
2479 2344 2616 2391 esse,

1573 2403 1718 2465 quod
1759 2401 1928 2451 simile
1964 2407 2109 2452 esset
2132 2404 2406 2452 Terentiae
2447 2406 2621 2455 fratris

1572 2480 1627 2528 L.
1650 2477 1828 2527 Licinii
1849 2477 2101 2527 Varronis
2124 2478 2374 2528 Murenae
2398 2480 2615 2530 nomini-

1573 2552 1726 2612 Quod
1774 2553 1955 2601 autem
2012 2551 2322 2602 Sanadonus
2374 2555 2620 2616 opinatus

1572 2628 1683 2686 est,
1723 2627 1940 2675 minime
1966 2625 2211 2674 decuisse
2236 2627 2509 2676 Horatium
2544 2631 2621 2679 uti

1573 2704 1682 2749 tam
1723 2700 1921 2748 teneris
1971 2698 2252 2758 versibuS,
2319 2700 2372 2748 in
2423 2700 2618 2762 quibus

1571 2773 1903 2824 laudatorem
1939 2772 2006 2821 ab
2042 2775 2282 2821 amatore
2305 2773 2393 2822 vix
2416 2774 2621 2823 discer—

1572 2862 1685 2906 nas,
1713 2847 1767 2896 id
1791 2845 2009 2909 quidem
2034 2846 2237 2896 dictum
2262 2850 2341 2896 est
2367 2861 2431 2896 ex
2455 2861 2617 2898 sensu

1567 2920 2031 2983 Francogallorum
2086 2919 2351 2969 Sanadoni
2419 2935 2622 2984 aequa-

1567 2996 1727 3057 lium,
1767 3009 1872 3045 non
1898 3008 1962 3044 ex
1986 2995 2215 3045 amicitia
2241 3008 2323 3056 ea,
2350 3009 2456 3058 qua
2480 2998 2619 3046 inter

1568 3085 1627 3121 se
1652 3070 1920 3120 coniuncti
1946 3072 2099 3118 erant
2120 3071 2365 3119 Horatius
2399 3073 2452 3119 et
2474 3072 2619 3120 Mae-

1569 3159 1749 3196 cenas.
1836 3145 1913 3194 De
1964 3158 2160 3208 sponsa
2196 3146 2438 3195 Terentia
2474 3145 2619 3208 quod

1568 3221 1896 3283 acceperunt
1930 3217 2197 3276 nonnulli,
2235 3218 2474 3269 moribus
2514 3220 2619 3269 Ro-

1568 3295 1741 3344 manis
1772 3293 1985 3343 videtur
2018 3292 2292 3342 adversari
2316 3292 2618 3357 desponsae

1569 3381 1813 3417 amorem
1849 3369 1917 3417 ita
1953 3367 2165 3431 depingi
2188 3405 2199 3426 ‚
2238 3369 2465 3417 maxime
2490 3380 2619 3430 pro-

1571 3445 1690 3506 pter
1706 3441 1849 3492 illam
1867 3441 2171 3492 osculorum
2190 3443 2534 3492 mentionem.
2560 3467 2614 3476 -—

1569 3518 1679 3565 Nec
1702 3529 1860 3576 vern,
1888 3516 1931 3565 si
1956 3514 2023 3564 de
2048 3517 2370 3565 Maecenatis
2395 3516 2618 3577 coniuge

1569 3592 2012 3653 interpretamur,
2050 3590 2281 3639 dominae
2303 3603 2500 3639 nomen
2524 3588 2621 3638 ob-

1571 3666 1703 3724 stat,
1760 3676 1883 3713 nam
1922 3664 2027 3712 hoc
2066 3677 2171 3712 non
2210 3665 2386 3712 minus
2426 3677 2620 3713 uxores

1571 3751 1737 3802 quam
1789 3739 1988 3786 amicas
2039 3736 2292 3796 stabiles,
2352 3739 2413 3784 ut
2468 3740 2620 3786 erant

1571 3811 1777 3872 Tibulli,
1816 3812 2096 3874 Propertii,
2135 3810 2331 3870 Ovidii,
2371 3822 2476 3859 non
2511 3812 2621 3860 Ho-

1571 3887 1723 3947 ratii,
1762 3886 1861 3935 nisi
1911 3885 2133 3934 sortasse
2186 3884 2416 3946 excipias
2463 3885 2621 3934 Cina-

1572 3973 1715 4019 ram,
1755 3958 2023 4023 appellare
2060 3959 2185 4006 tunc
2220 3956 2478 4007 solebant.
2536 3960 2621 4008 Sic

1575 4034 1643 4083 de
1679 4034 1903 4095 coniuge
1945 4031 2093 4080 Ovid.
2132 4032 2285 4082 Trist.
2326 4033 2384 4093 3,
2413 4033 2473 4092 3,
2516 4031 2614 4082 23:

1574 4109 1780 4157 Nuntiet
1811 4106 1906 4155 huc
1928 4106 2112 4167 aliquis
2133 4107 2388 4156 domina-m
2414 4108 2618 4164 venisse,

1575 4193 1857 4244 resurgam.
1898 4181 2167 4243 Licymnia
2194 4182 2352 4245 igitur
2376 4182 2458 4232 est
2481 4194 2618 4230 nova

450 4257 530 4305 tes
567 4257 846 4321 (imprimis
881 4260 1156 4310 Weichert
1198 4261 1343 4308 Poet.
1383 4259 1491 4307 Lat.
1580 4259 1778 4320 nupta,
1832 4254 2124 4306 admodum
2188 4255 2500 4306 adolescens
2558 4267 2619 4303 ac
