3234 4975
629 390 712 452 26

1400 390 1655 439 HonATu
1693 389 2026 446 CARMlNUM

1138 545 1225 610 llli
1273 545 1475 611 robur
1517 555 1583 610 et
1625 564 1739 610 aes
1783 543 2011 631 triplex

969 667 1153 733 Circa
1196 677 1423 752 pectus
1476 675 1645 740 erat,
1694 664 1805 752 qui
1851 662 2141 750 fragilem
2187 663 2347 729 truci

2715 661 2794 725 to

1138 784 1470 852 Commisit
1512 784 1744 871 pelago
1791 794 1994 849 ratem

970 907 1222 971 Primus
1267 927 1388 973 nec
1433 905 1638 970 timuit
1680 903 2101 991 praecipitem
2146 904 2424 969 Africum

1133 1063 1583 1128 Decertantem
1627 1059 2051 1147 Aquilonibus

966 1187 1096 1250 Nec
1141 1182 1354 1249 tristes
1398 1180 1830 1270 Hyadas·nec
1874 1179 2120 1247 rabiem
2162 1181 2335 1252 Noti,

693 1421 742 1470 9.
766 1419 939 1482 robur]
966 1416 1265 1476 «durities»,
1294 1415 1676 1479 significatione

1818 1415 1992 1464 40-43.
2030 1389 2196 1478 mcii
2216 1413 2542 1478 «procelloso
2566 1418 2621 1466 et
2651 1420 2796 1482 peri-

628 1495 831 1557 tropice
876 1491 1104 1542 deducta
1148 1505 1178 1540 a
1212 1491 1465 1555 primaria
1497 1504 1549 1538 v.
1584 1504 1676 1539 ro-
1752 1488 1868 1538 cula
1903 1490 2215 1539 minitanti.»
2262 1487 2447 1539 Catuli.
2486 1489 2535 1551 t,
2573 1491 2630 1540 9:
2685 1497 2799 1542 tm-

628 1569 762 1617 boris
808 1563 958 1637 (δρῦς
990 1560 1175 1636 ἀγρία)
1193 1604 1204 1626 ,
1259 1566 1329 1614 ita
1364 1567 1571 1625 tamen,
1620 1565 1679 1613 ut

628 1643 842 1706 propria
909 1654 1012 1690 non
1077 1653 1297 1703 prorsus
1371 1639 1672 1689 evanescat.

629 1717 877 1766 Lectores
911 1715 1053 1764 enim
1070 1714 1235 1763 Latini
1268 1713 1356 1762 hic
1377 1711 1680 1775 cogitabant

629 1791 862 1854 primum
918 1789 986 1838 de
1043 1800 1245 1851 quercu
1300 1800 1343 1837 s.
1404 1786 1593 1852 clupeo
1646 1800 1676 1836 e

629 1864 879 1926 querneis
914 1861 1184 1912 asseribus
1220 1861 1486 1921 consentu,
1524 1861 1679 1911 dein-

629 1951 756 2001 ceps
792 1936 859 1986 de
894 1937 1054 1986 animi
1090 1936 1300 1986 duritie.
1360 1937 1493 1985 Nam
1516 1936 1674 1994 hanc,

628 2024 734 2061 non
769 2004 986 2081 ῥώμης,
1011 2012 1241 2074 primam
1265 2009 1399 2072 sign.
1428 2023 1548 2060 esse
1578 2008 1679 2058 de—

630 2087 928 2135 monstrant
959 2099 1045 2135 vv.
1082 2085 1345 2145 roboreus,
1380 2084 1676 2144 robarneus,

626 2159 885 2209 robustea-3
940 2156 1225 2231 (δρύϊνος),
1282 2159 1569 2209 roboretum
1624 2160 1680 2206 et

628 2233 881 2284 Italorum
912 2247 1000 2284 vv.
1035 2247 1235 2296 rovere,
1278 2238 1522 2283 rovoreto.
1594 2232 1679 2281 Si-

629 2307 825 2358 militer
859 2308 967 2358 Cic.
1004 2309 1167 2358 Acad.
1203 2308 1253 2370 4,
1290 2309 1395 2368 3⁴..
1422 2298 1678 2374 ἀναλγη-

630 2382 763 2444 σίας
815 2383 1035 2432 crimine
1077 2384 1375 2446 sapientem
1415 2381 1674 2433 liberans:

629 2457 841 2520 Sapiens
870 2471 973 2508 non
1003 2462 1075 2507 est
1114 2470 1141 2508 e
1171 2471 1302 2508 samo
1338 2457 1557 2520 sculptae
1589 2461 1682 2508 aut

629 2546 657 2583 e
702 2532 883 2583 robore
931 2532 1141 2581 dolatus.
1211 2531 1324 2593 (Alii
1366 2544 1490 2581 cum
1531 2532 1677 2581 lanio

630 2608 806 2656 minus
872 2609 1019 2657 recte
1093 2607 1340 2656 videntur
1413 2604 1678 2670 explicare

632 2680 837 2730 «robur
869 2680 1059 2730 aeriS.»
1129 2680 1234 2730 Cfr.
1280 2679 1469 2729 Iacobs
1510 2681 1674 2728 Lectt.

628 2755 761 2804 Ven.
798 2769 851 2818 p.
891 2755 1003 2805 379.
1065 2755 1237 2816 Unger
1280 2753 1446 2804 Theb.
1487 2752 1673 2803 Parad.

628 2842 682 2892 p.
752 2828 867 2878 446.
948 2829 1072 2879 Mihi
1142 2829 1446 2878 etiamnunc
1501 2826 1681 2891 placet

629 2902 895 2963 abstracti,
934 2902 1078 2965 quod
1112 2903 1320 2963 dicunt,
1367 2906 1420 2951 et
1463 2902 1680 2951 concreti

629 2977 901 3035 iunctura,
939 2978 998 3025 ut
1030 2977 1114 3025 est
1147 2977 1205 3026 C.
1236 2979 1315 3035 ⁴5,
1342 2978 1431 3026 ⁴2:
1469 2989 1680 3025 cumm-

632 3062 727 3112 que
758 3054 804 3099 et
835 3048 1070 3110 rabiem.)
1109 3075 1162 3084 —-
1201 3063 1285 3099 aes
1317 3050 1519 3114 tripleae]
1559 3049 1679 3100 «lo-

632 3124 741 3173 rica
785 3136 852 3171 ex
892 3121 1079 3185 triplici
1122 3123 1260 3172 aeris
1310 3121 1503 3173 lamina
1548 3136 1679 3172 con-

631 3200 837 3247 serta.»
938 3196 1030 3245 Est
1098 3197 1439 3267 περίφρασις
1505 3198 1681 3247 homi-

632 3272 714 3321 nis
757 3270 1026 3319 durissimi
1059 3282 1123 3320 ac
1158 3270 1443 3321 fortissimi.
1517 3273 1681 3320 Com-

631 3347 821 3410 parant
867 3344 1074 3394 Pindari
1121 3345 1494 3407 Fragmentum
1536 3345 1681 3409 apud

630 3422 822 3471 Athen.
860 3419 941 3479 ⁴3,
979 3420 1065 3469 ⁴7:
1103 3425 1293 3481 κεῖνος
1323 3415 1386 3483 ἐξ
1418 3415 1681 3484 ἀδάμαν-

630 3510 731 3558 τος
775 3487 843 3559 ἦε
878 3489 1120 3564 σιδήρου
1163 3490 1543 3554 κεχάλκευται
1574 3496 1680 3558 μέ-

629 3568 833 3620 λαιναν
866 3565 1124 3639 καρδίαν·
1162 3571 1217 3618 et
1238 3570 1452 3619 Luciani
1486 3583 1572 3619 vv.
1611 3568 1680 3618 de

631 3643 728 3694 cal.
776 3658 880 3694 non
924 3646 1051 3693 tem.
1098 3642 1244 3692 cred.
1291 3644 1371 3693 ΞΟ.
1420 3657 1484 3693 ex
1524 3645 1680 3706 poeta

630 3720 821 3784 petita
810 3732 821 3743 ·
858 3711 1046 3779 οὐδεὶς
1067 3712 1209 3784 γοῦν
1232 3709 1384 3767 οὕτω
1406 3714 1684 3783 γεννάδας

630 3793 757 3844 ἐστὶ
789 3792 889 3841 καὶ
920 3785 1311 3856 ἀδαμάντινον
1344 3796 1536 3854 τεῖχος
1577 3786 1684 3856 τῆς

631 3862 837 3930 ψυχῆς
855 3863 1324 3934 προβεβλημένος
1339 3864 1458 3915 κτλ.
1484 3865 1678 3915 Aesch.

630 3945 808 3993 Prom.
853 3938 977 3989 242.
1046 3937 1428 4029 Σιδηρόφρων
1468 3954 1529 3990 τε
1568 3932 1682 3988 κάκ

634 4017 841 4083 πέτρας
859 4014 1252 4084 εἰργασμένος,
1274 4009 1474 4077 ’Όστις
1495 4013 1614 4064 κτλ.
1625 4041 1678 4049 —-

525 4148 535 4163 .
632 4089 904 4152 Navigatio
922 4091 1102 4138 autem
1121 4090 1393 4152 quomodo
1410 4087 1683 4154 paullatim

634 4163 703 4213 ab
727 4161 1032 4213 hominibus
1054 4163 1266 4213 inventa
1291 4164 1375 4223 sit,
1415 4163 1685 4225 eleganter

635 4238 851 4302 exponit
883 4238 1141 4288 Maximus
1175 4238 1299 4300 Tyr.
1328 4239 1465 4288 Diss.
1509 4238 1587 4290 42.
1627 4238 1676 4286 2.

1749 1577 1913 1613 cemve
1941 1563 2199 1613 Ponticum
2231 1563 2410 1612 sinum.
2453 1590 2510 1600 —
2539 1568 2797 1628 praecipi-

1749 1639 1862 1701 tem]
1924 1637 2280 1700 «necopinato
2337 1641 2794 1705 καταιγίζοντα.»

1749 1712 2042 1760 Ventorum
2075 1709 2340 1760 ἐπίθετον
2373 1712 2516 1762 haud
2550 1713 2687 1764 adeo
2709 1728 2799 1764 ra-

1749 1798 1870 1834 rum
1916 1784 2058 1848 apud
2102 1787 2303 1848 poetas.
2391 1787 2539 1836 Ovid.
2585 1789 2708 1839 Met.
2745 1790 2795 1847 2,

1753 1858 1873 1909 484:
1933 1863 2052 1908 acta
2098 1861 2367 1922 Praecipiti
2411 1862 2567 1923 pinus
2614 1863 2794 1912 Borea.

1755 1959 1811 1968 --
1846 1933 2089 1997 Africam]
2126 1932 2220 1982 Od.
2262 1936 2309 1994 4,
2350 1935 2397 1995 4,
2437 1935 2516 1984 ⁴5.
2546 1963 2602 1972 —-
2629 1938 2800 1986 decer-

1751 2008 1953 2072 tantem]
2027 2027 2051 2052 «
2070 2008 2264 2056 acriter
2329 2005 2618 2059 luctantem
2675 2023 2801 2059 cum

1751 2079 2139 2143 aquilonibus.»
2199 2082 2294 2131 Od.
2337 2084 2383 2141 t,
2421 2085 2471 2143 9,
2511 2084 2588 2133 4⁴.
2633 2089 2803 2133 ventos

1749 2156 2106 2216 deproeliantos
2171 2155 2313 2205 dicit.
2389 2158 2485 2206 Vv.
2554 2159 2797 2221 certandi,

1749 2230 1971 2279 lactandi
2026 2230 2169 2293 apud
2223 2232 2411 2294 poetas
2467 2231 2613 2281 haud
2677 2246 2799 2282 raro

1752 2307 2129 2354 construuntur
2162 2317 2285 2353 cum
2321 2304 2514 2354 dativo.

1819 2377 1898 2429 44.
1957 2378 2178 2441 Hyadas]
2225 2377 2373 2428 Ovid.
2413 2379 2547 2429 Fast.
2586 2381 2636 2438 5,
2675 2381 2795 2430 ⁴65:

1753 2454 1859 2503 Ora
1901 2452 2093 2503 micant
2143 2452 2296 2502 Tauri
2329 2458 2512 2516 septem
2541 2456 2803 2505 radiantia

1749 2527 1985 2593 flammis,
2020 2528 2212 2577 Navita
2243 2541 2371 2589 qaas
2402 2530 2607 2589 Hyadas
2637 2531 2800 2579 Grae-

1751 2616 1839 2652 cus
1871 2603 1935 2652 ab
1966 2602 2123 2652 imbre
2167 2594 2318 2663 (υέιν)
2355 2608 2515 2652 vocat.
2579 2605 2687 2654 Cic
2732 2604 2800 2653 de

1751 2679 1813 2726 N.
1851 2679 1911 2726 D.
1950 2678 1999 2737 2,
2039 2677 2131 2728 43:
2175 2678 2342 2726 Latini
2377 2678 2618 2740 imperite,
2657 2680 2802 2740 quasi

1752 2764 1787 2798 α
1828 2751 1996 2799 suibus
2037 2756 2207 2812 essent,
2255 2752 2483 2800 Suczdae.
2529 2754 2798 2815 —tristeSJ

1753 2825 1871 2872 ortu
1930 2826 1984 2874 et
2050 2838 2244 2874 occasu
2301 2838 2397 2875 suo
2454 2828 2800 2888 tempestates

1753 2899 1983 2947 excitare
2037 2899 2282 2947 creditas.
2381 2898 2485 2948 Cfr.
2542 2901 2676 2950 Voss
2733 2901 2799 2950 ad

1751 2974 1970 3022 Aratum
2025 2973 2136 3021 472.
2215 2972 2355 3036 Virg.
2403 2976 2532 3023 Aen.
2581 2974 2628 3033 3,
2674 2976 2796 3024 546:

1744 3048 2044 3109 pluviasque
2074 3047 2295 3108 Hyadas.
2369 3049 2555 3111 Georg.
2596 3049 2645 3109 3,
2682 3049 2795 3099 279.

1752 3124 1968 3173 Auster:
1999 3122 2174 3183 pluvio
2195 3123 2457 3172 contristat
2474 3124 2666 3187 frigore
2685 3137 2802 3173 cae-

1750 3198 1870 3246 lum.
1943 3198 2226 3245 Pam-rates
2277 3197 2329 3245 in
2381 3196 2526 3246 Anal.
2574 3198 2797 3247 Brunck.

1754 3272 1809 3321 T.
1852 3273 1898 3321 4.
1926 3284 1979 3333 p.
2007 3264 2409 3320 25922'52250211
2442 3269 2672 3336 Αἰνείου
2708 3266 2801 3321 διὰ

1753 3342 2011 3410 κύματος
2032 3338 2233 3415 ἄγριος
2255 3340 2453 3415 ἀρθεὶς
2483 3346 2612 3409 Λὶψ
2642 3342 2801 3396 Ἐπι-

1753 3416 1985 3490 ηρείδην
2013 3415 2178 3471 Ὑάσι
2217 3417 2539 3485 δυομέναις.

1821 3495 1901 3543 45.
1941 3495 2078 3553 «Qui
2115 3495 2376 3545 maximus
2401 3498 2484 3544 est
2505 3495 2805 3545 dominator

1756 3567 2008 3625 Hadriae,
2067 3567 2206 3627 sive,
2266 3567 2497 3632 procella
2557 3570 2798 3629 excitata,

1755 3640 1993 3691 attollere
2037 3641 2229 3691 fluctus
2271 3643 2383 3692 sive
2427 3655 2647 3693 cessans
2687 3641 2802 3707 pla-

1756 3729 1878 3765 care
1920 3713 2086 3764 volt.»
2157 3716 2249 3776 (De
2294 3714 2411 3765 loco
2453 3717 2612 3780 Soph.
2657 3718 2797 3766 Aiac.

1757 3789 1892 3849 674„
1930 3802 2093 3852 quem
2119 3790 2222 3839 huc
2248 3789 2553 3840 trahebant:
2607 3787 2804 3840 δεινῶν

1757 3860 1803 3912 δ’
1828 3856 1998 3927 οἴημα
2021 3859 2363 3927 πνευμάτων
2387 3863 2651 3928 ἐκοίμισε
2674 3866 2804 3914 στέ-

1757 3951 1932 3988 νοντα
1965 3934 2196 3995 πόντον,
2235 3936 2324 3987 ubi
2362 3936 2535 3988 Schol.
2577 3935 2806 3988 παυσά-

1756 4028 1922 4079 μενοι
1942 4009 2228 4078 δηλονότι·
2255 4013 2378 4063 vide
2397 4026 2539 4062 nunc
2556 4013 2805 4063 Lobeckii

1759 4089 1852 4139 Ed.
1892 4088 1999 4149 alt.)
2069 4089 2232 4151 Digna
2269 4089 2375 4144 est.
2423 4100 2562 4150 quae
2604 4100 2805 4150 expen-

1758 4162 1939 4221 datur,
1984 4162 2370 4225 Dillenburgeri
2410 4160 2800 4224 interpretatio:

1760 4239 1952 4286 «Notus
1997 4239 2046 4285 in
2094 4239 2225 4286 mari
2275 4237 2607 4293 Hadriatico,
2662 4233 2802 4297 quod
