3234 4975
646 366 767 432 404

1411 368 1667 418 HORATII
1703 366 2039 417 CARMJNUM

1144 524 1250 591 Sic
1295 523 1619 611 geminant
1663 520 2065 609 Corybantes
2109 541 2293 595 aera,

950 678 1213 750 'Tristes
1257 691 1327 747 ut
1367 682 1532 755 irae,
1580 700 1745 769 quas
1788 699 2002 768 neque
2044 680 2314 746 Noricus

977 807 1273 871 Deterret
1314 803 1489 870 ensis
1531 822 1653 868 nec
1695 822 1872 868 mare
1914 800 2292 889 naufragum

2721 780 2899 867 ω’

1060 928 1192 991 Nec
1234 944 1468 990 saevus
1511 923 1677 1009 ignis
1720 943 1843 990 nec
1884 922 2218 990 tremendo

779 1157 824 1205 8.
864 1155 919 1205 Si
951 1152 1117 1205 Bentl.
1157 1153 1293 1202 coni.
1333 1154 1388 1201 et
1422 1150 1553 1201 ms.
1597 1177 1652 1185 —·
1689 1150 1737 1198 9.
1775 1150 1889 1199 Irae
1921 1151 2106 1213 Unger.

648 1333 797 1382 Gaui.
847 1329 1178 1394 Corybantes
1204 1344 1234 1379 e
1269 1329 1441 1393 poetis
1479 1326 1690 1377 dumta-

647 1409 736 1457 xat
768 1407 987 1456 noverat
1020 1407 1073 1455 et
1107 1418 1173 1456 ex
1202 1403 1430 1454 Platonis
1459 1404 1584 1452 Ione
1630 1414 1681 1464 p.

647 1481 760 1531 533.
801 1482 867 1530 E:
932 1471 1125 1549 ὥσπερ
1166 1479 1229 1528 οἱ
1263 1472 1687 1548 κορυβαντιῶν-

646 1568 739 1616 τες
772 1547 881 1604 οὐκ
913 1547 1203 1624 ἔμφρονες
1235 1546 1398 1614 ὄντες
1438 1543 1689 1621 ὀρχοῦν-

647 1636 772 1703 τ’,
810 1621 962 1680 οὕτω
995 1631 1097 1679 καὶ
1129 1629 1193 1678 οἱ
1218 1626 1539 1693 μελοποιοί.
1608 1627 1688 1676 De

650 1703 1043 1767 Corybantibus
1090 1717 1141 1753 v.
1188 1703 1400 1753 Lobeck
1433 1700 1685 1765 Aglaoph.

647 1791 700 1842 p.
730 1778 826 1830 544
855 1781 910 1829 et
937 1778 1050 1829 546.
1111 1778 1361 1828 Ceterum
1394 1777 1524 1826 Attis
1546 1773 1688 1839 apud

651 1852 835 1904 Catuli.
857 1853 920 1903 63
937 1853 1052 1916 (64),
1077 1854 1152 1902 ⁴9:
1173 1853 1319 1901 simul
1333 1852 1416 1911 ite,
1433 1850 1694 1913 sequimini

648 1929 920 1991 Phrygiam
951 1928 1019 1977 ad
1049 1928 1248 1976 domum
1280 1926 1503 1987 Oybebes,
1536 1926 1694 1986 Phry-

647 2002 738 2067 9ia
769 2005 838 2051 ad
867 2015 1072 2051 mora
1103 2003 1255 2062 deae,
1295 2002 1382 2050 Ubi
1412 2001 1692 2062 cymbalam

648 2081 807 2141 sonat,
821 2091 951 2138 vox,
985 2076 1070 2126 ubi
1092 2081 1334 2138 tympana
1354 2076 1562 2136 reboant
1584 2076 1686 2124 cet.

648 2152 866 2202 Nonnus
888 2153 937 2213 8,
974 2151 1092 2201 387:
1121 2148 1441 2217 Κυβηλίδος
1475 2143 1693 2219 ὄργανα

643 2217 825 2291 Ῥείης
921 2221 1208 2290 Κὺμβαλα
1305 2221 1687 2285 χαλκεόνωτα.

653 2299 921 2351 Markland
972 2302 1041 2351 ad
1075 2303 1201 2351 Stat.
1239 2301 1360 2351 Silv.
1399 2303 1448 2361 5,
1485 2302 1536 2361 2,
1575 2299 1688 2349 434.

652 2375 828 2425 minus
867 2377 990 2440 apte
1036 2389 1161 2426 aera
1200 2376 1267 2425 de
1316 2374 1494 2439 clipeis
1528 2388 1694 2439 expo-

653 2450 785 2512 suit,
837 2453 897 2501 ut
923 2454 1005 2502 est
1035 2451 1177 2516 apud
1207 2452 1454 2502 Nonnum
1482 2450 1530 2511 9,
1568 2450 1688 2500 ⁴62:

652 2524 931 2595 τροχαλοὶ
977 2525 1342 2615 Κορύβαντες
1384 2555 1414 2564 -
1447 2555 1479 2566 -
1523 2522 1696 2589 ξιφεα

653 2603 1025 2663 κτυπέεσκον,
1050 2600 1396 2673 αμοιβαιῃσι
1418 2598 1480 2651 δὲ
1502 2596 1695 2671 ῥιπαῖς

653 2671 913 2739 Ἀσπίδας
934 2674 1289 2748 ἐκρούσαντο
1311 2673 1695 2746 κυβιστητῆρι

651 2747 886 2821 σιδήρῳ.
934 2752 1083 2803 ovid.
1111 2754 1244 2803 Fast.
1271 2751 1321 2812 4,
1347 2752 1472 2803 209:
1513 2751 1695 2824 (prope

653 2828 837 2877 iovem
870 2827 1138 2890 infantem)
1177 2829 1306 2878 Pars
1336 2827 1515 2888 clipeos
1555 2827 1697 2875 sudi—

654 2900 770 2962 bm,
800 2901 972 2964 quleas
994 2916 1121 2963 pars
1150 2903 1312 2952 tundit
1342 2903 1544 2951 inanes:
1593 2903 1698 2951 Hoc

654 2975 854 3025 Curetes
883 2977 1079 3036 habent,
1111 2977 1202 3025 hoc
1225 2977 1526 3037 Corybantes
1546 2990 1696 3038 ορω,·

653 3062 845 3098 verum
878 3051 1055 3100 statim
1081 3064 1134 3100 v,
1165 3051 1254 3100 244
1278 3065 1289 3099 :
1315 3051 1566 3112 priscique
1587 3051 1701 3100 imi-

654 3125 850 3173 tamina
866 3125 991 3187 facti
1019 3125 1181 3175 Aera
1213 3127 1333 3174 deae
1359 3127 1557 3175 comites
1576 3139 1701 3174 rau-

655 3211 813 3260 caque
854 3203 998 3262 terya
1042 3205 1265 3250 movent:
1325 3201 1563 3261 Cymbala
1598 3214 1699 3262 pro

656 3273 814 3334 auleis
827 3311 845 3334 .·
891 3288 988 3335 pro
1029 3276 1181 3324 scutis
1208 3280 1451 3337 tympana
1477 3277 1697 3338 pulsant.

658 3347 763 3396 Ci'r.
803 3348 1041 3399 Philostr.
1074 3349 1167 3413 Ep.
1195 3351 1273 3399 45.
1300 3364 1351 3414 p.
1380 3352 1428 3400 6.
1456 3352 1695 3401 Boisson.

654 3422 782 3473 Voc.
815 3426 994 3474 autem
1028 3438 1154 3474 aera
1174 3424 1483 3488 simpliciter
1500 3425 1700 3489 clipeos

657 3497 952 3560 significare
993 3500 1080 3548 vix
1117 3502 1309 3562 potest.
1381 3498 1700 3564 Hyperboli-

658 3586 778 3623 cam
821 3575 1000 3623 autem
1047 3574 1336 3644 εἰρωνείαν
1369 3575 1458 3638 qui
1504 3576 1554 3624 in
1594 3574 1699 3624 hoc

656 3648 774 3698 loco
807 3661 1098 3711 agnoscere
1129 3662 1236 3699 non
1257 3651 1562 3712 potuerunt,
1589 3649 1699 3699 suis

655 3723 1176 3787 interpretationibus
1215 3725 1411 3774 misere
1446 3737 1566 3774 eam
1601 3738 1699 3773 ve-

653 3799 861 3847 xarunt.
937 3826 991 3834 —
1059 3798 1330 3863 yominant]
1417 3799 1701 3861 Comparat

656 3870 824 3922 Bentl.
864 3873 1015 3922 Lucr.
1040 3873 1090 3934 2,
1117 3873 1239 3923 635:
1278 3874 1400 3924 Cum
1425 3872 1575 3934 puori
1602 3873 1702 3920 cir-

656 3961 772 3996 cum
793 3960 1010 4009 puemm
1048 3948 1253 4008 pernice
1287 3949 1468 3997 chorea
1503 3948 1701 3998 Armati

657 4023 711 4072 in
743 4035 1007 4071 umorum
1030 4022 1291 4083 pulsarent
1320 4023 1519 4073 aeribus
1553 4036 1694 4072 aera.

660 4094 899 4160 Cybelen
944 4109 1068 4146 cum
1125 4096 1427 4160 Corybante
1470 4097 1593 4147 vide
1647 4098 1696 4147 in

661 4171 897 4222 Gerhard
925 4176 1029 4222 aad.
1060 4172 1237 4221 Bildw.
1273 4173 1330 4220 T.
1364 4172 1512 4222 xxu.

724 4249 771 4297 9.
813 4248 890 4298 40.
933 4249 1111 4297 Tristes
1134 4251 1191 4296 ut
1218 4246 1345 4311 irae]
1383 4248 1700 4298 «vehemen-

1761 1326 1831 1375 tia
1874 1339 1939 1376 ac
1990 1325 2166 1377 furore
2211 1341 2309 1379 suo
2346 1328 2640 1392 perniciem
2673 1328 2804 1379 affe-

1762 1402 1991 1461 rentes»,
2027 1402 2086 1451 ut
2117 1401 2258 1466 Virg.
2291 1404 2423 1453 Aen.
2455 1404 2504 1464 2,
2537 1403 2657 1453 337;
2708 1404 2806 1452 tri-

1760 1475 1848 1523 stis
1892 1475 2093 1538 Erinys.
2146 1477 2208 1526 V.
2250 1478 2363 1527 irae
2398 1480 2619 1543 propter
2648 1490 2800 1541 seqq.

1763 1549 2018 1612 imagines
2067 1550 2313 1602 sensibus
2357 1551 2627 1603 subiectas
2674 1566 2805 1604 sane

1762 1623 1969 1673 accedit
2017 1625 2085 1675 ad
2138 1628 2612 1695 προσωποποιίαν
2630 1663 2645 1687 ,
2708 1626 2805 1678 sed

1764 1710 1889 1748 cum
1910 1699 2022 1749 irae
2052 1701 2197 1763 ipsae
2230 1700 2317 1749 hic
2352 1714 2545 1766 corpus
2574 1716 2679 1753 non
2722 1702 2806 1752 in-

1764 1773 1956 1833 duant,
2010 1775 2069 1823 ut
2107 1774 2250 1838 apud
2283 1776 2502 1826 Statium
2537 1776 2701 1827 Theb.
2751 1778 2803 1839 2,

1763 1849 1888 1900 287:
1942 1851 2125 1899 Luctus
2169 1855 2217 1899 ot
2259 1852 2404 1910 Ira0,·
2448 1850 2498 1911 4,
2546 1852 2671 1902 66⁴:
2716 1854 2807 1902 Ira

1762 1923 2023 1985 Furorque
2039 1962 2051 1984 ,
2108 1922 2249 1974 nolui
2289 1924 2528 1976 scribere
2574 1928 2706 1976 Irae.
2748 1954 2804 1964 -

1762 1999 2003 2047 Noricum
2015 1998 2231 2059 ferrum,
2254 2000 2397 2063 quod
2417 2003 2530 2051 erat
2539 2004 2812 2065 praestan-

1765 2073 2056 2132 tissimum,
2092 2086 2306 2133 rursus,
2340 2078 2401 2124 ut
2426 2089 2570 2125 mare
2583 2077 2810 2125 Hadria-

1766 2162 1913 2207 num,
1955 2149 2161 2212 poetice
2195 2162 2293 2212 pro
2327 2151 2516 2212 quovis
2549 2151 2708 2201 ferro.
2750 2177 2805 2187 —

1765 2223 2007 2286 Deterret]
2040 2237 2071 2273 a
2099 2222 2342 2274 violentis
2375 2224 2712 2276 facinoribus.
2744 2251 2799 2261 —

1765 2297 2091 2361 naufraymn]
2126 2300 2396 2351 transitive
2429 2299 2571 2364 apud
2598 2301 2802 2363 poetas.

1768 2373 1851 2421 Sic
1884 2373 2023 2435 Virg.
2057 2375 2186 2425 Aen.
2219 2375 2279 2437 3,
2310 2376 2434 2425 553:
2482 2374 2809 2437 nmaeifraymn

1767 2448 2072 2509 Scylacem.
2141 2448 2325 2500 Tibull.
2357 2450 2408 2511 2,
2444 2448 2493 2510 4,
2528 2449 2617 2500 4οε
2670 2450 2812 2499 Nau-

1765 2522 1921 2586 fraya
1940 2549 1964 2559 -
1982 2549 2007 2559 -
2026 2525 2166 2573 unda
2193 2526 2369 2575 mavis.

1834 2617 1913 2665 44.
1956 2615 2103 2680 tynis]
2147 2630 2254 2667 non
2300 2616 2367 2667 de
2417 2616 2633 2668 fulmine
2667 2618 2810 2668 acci-

1766 2690 2022 2754 piendum
2043 2729 2055 2752 ‚
2109 2691 2205 2742 sed
2240 2691 2440 2743 dictum
2474 2694 2556 2743 est
2589 2694 2647 2741 ut
2674 2691 2804 2755 Epp.

1771 2767 1818 2825 4,
1849 2767 1895 2825 4,
1925 2765 2014 2817 46ε
2060 2781 2156 2829 per
2194 2779 2365 2828 mare,
2406 2768 2701 2829 pauperiem
2730 2766 2812 2829 ῆι-

1768 2841 1923 2903 9ίοπε,
1952 2855 2050 2904 per
2074 2856 2225 2904 saxa,
2254 2855 2350 2904 per
2387 2843 2538 2905 ἕρπω.
2602 2842 2706 2890 Sat.
2756 2841 2804 2902 4,

1773 2916 1820 2976 4,
1847 2916 1937 2965 39:
1974 2918 2120 2980 iynis,
2159 2930 2320 2978 mare,
2353 2919 2563 2981 semum.
2613 2917 2718 2964 Sat.
2755 2915 2805 2974 2,

1771 2989 1818 3050 3,
1857 2990 1950 3041 54:
1997 2996 2053 3040 ut
2079 2991 2233 3055 ignes,
2275 2993 2333 3041 Ut
2362 3004 2512 3053 rupes
2540 2992 2814 3056 fluviosque

1771 3065 1823 3113 in
1855 3078 2031 3127 campo
2066 3064 2260 3116 obstare
2288 3071 2545 3129 queratur.

1839 3169 1917 3219 ⁴2.
1976 3163 2144 3231 «Ζεὺς
2183 3165 2538 3234 καταιβάτης
2573 3161 2811 3232 (μαιμά-

1772 3243 1934 3309 κτης)
1978 3257 2076 3307 per
2120 3246 2407 3294 tonitruum
2458 3243 2717 3305 fragorem
2756 3242 2810 3291 in

1772 3320 1940 3368 terras
1977 3320 2208 3378 irruens,
2254 3320 2548 3383 impetuose
2582 3318 2813 3367 descen-

1773 3392 1964 3443 dens.»
2036 3393 2138 3443 Cfr.
2186 3393 2351 3457 Epod.
2396 3393 2484 3453 43,
2527 3393 2586 3442 2:
2634 3391 2813 3440 imbros

1771 3469 2013 3530 Nivesque
2042 3469 2285 3518 deducunt
2316 3469 2493 3518 Iovem.

1841 3571 2013 3621 43-46.
2034 3565 2305 3634 Ὃβελίζει
2325 3571 2425 3621 hos
2448 3583 2532 3618 vv.
2556 3569 2616 3618 H.
2639 3567 2814 3618 Peerl-

1772 3647 1949 3709 kamp,
1982 3659 2143 3709 quem
2173 3660 2279 3697 non
2311 3647 2488 3695 tamen
2524 3645 2637 3694 sine
2678 3656 2812 3706 qua-

1774 3720 1897 3770 dam
1910 3723 2150 3772 cautione
2168 3721 2406 3784 sequitur
2422 3718 2650 3778 Liibker,
2675 3718 2813 3767 miro

1772 3796 2015 3846 acumine
2069 3794 2367 3858 significans
2425 3793 2566 3843 hunc
2620 3789 2813 3856 μῦθον

1774 3872 2129 3923 Christianum
2190 3869 2418 3933 prodere
2482 3867 2813 3918 versificato-

1772 3959 1906 3996 rem.
1979 3945 2303 3995 Construunt
2352 3940 2613 3992 nonnulli:
2666 3943 2815 3990 «Ρνο-

1770 4022 1984 4071 maweu-s
2015 4025 2216 4070 coactus
2261 4017 2607 4081 (necessitate)
2652 4018 2815 4079 fertur

1770 4099 1954 4147 addere
1992 4098 2093 4145 cet.
2130 4100 2177 4144 et
2215 4093 2405 4156 (atque)
2457 4093 2807 4154 apposuisse».-

1773 4175 1830 4221 ut
1862 4173 1945 4221 est
1973 4169 2067 4219 Od.
2107 4170 2155 4229 3,
2181 4170 2264 4230 20,
2293 4169 2376 4218 44;
2408 4167 2629 4229 posuisse
2653 4166 2817 4229 fertur

1770 4252 1816 4297 et
1848 4258 2093 4296 recreare.
2132 4245 2367 4308 Propert.
2407 4242 2455 4304 3,
2488 4241 2569 4302 ⁴4,
2607 4241 2697 4290 ⁴9:
2733 4241 2819 4290 In-
