3234 4975
634 360 757 424 264

1395 362 1649 411 nonem]
1686 363 2023 413 CARMINUM

974 518 1212 583 Cautus
1258 517 1607 592 horresci5‚
1656 518 1922 583 nimium
1965 518 2322 605 premendo

1220 640 1395 704 Litus
1440 640 1751 726 iniquum.

967 800 1245 863 Auream
1289 797 1587 884 quisquis
1632 797 2139 863 mediocritatem

966 918 1211 1004 Diligit,
1262 927 1435 984 tutus
1478 928 1656 984 caret
1698 917 1971 984 obsoleti

965 1039 1279 1106 Sordibus
1324 1039 1505 1114 tecti,
1553 1050 1731 1105 caret
1775 1039 2119 1106 invidenda

1219 1160 1487 1227 Sobrius
1531 1160 1696 1227 aula.

757 1363 803 1410 6.
841 1361 1020 1425 Diligit
1052 1366 1212 1422 tutu-³,
1250 1366 1390 1410 caret
1421 1361 1692 1424 distinguit
1724 1361 1890 1412 Bentl.

626 1534 837 1601 πόντος
887 1530 1024 1604 ἄγοι
1070 1534 1327 1624 θρασύς,
1383 1531 1517 1588 οὐδὲ
1566 1554 1672 1604 γα-

623 1608 803 1679 λήνης
877 1606 1074 1682 Ἀργῆς
1141 1608 1501 1678 viomadum
1557 1609 1672 1697 ,ξῆν

625 1686 1055 1774 παλινηνεμίην.
1100 1686 1173 1737 At
1197 1687 1513 1753 μεσότητες
1544 1682 1673 1757 ἄρι-

624 1777 785 1813 σται·
835 1754 952 1828 ὅπη
986 1761 1048 1813 δέ
1079 1778 1143 1829 γε
1175 1759 1406 1833 πράξιες
1429 1756 1669 1849 ἀνδρῶν,

624 1837 740 1887 Καὶ
787 1833 951 1901 μάλα
998 1838 1211 1905 μέτρον
1272 1835 1382 1903 ἐγώ
1433 1829 1672 1909 τᾶρκιον

625 1904 1003 1976 ἤσπασοίμην.
1076 1909 1239 1961 Τοῦτ’
1274 1906 1502 1978 ἀγάπα,
1538 1913 1673 1974 φίλε

620 1981 854 2049 Λάμπι,
905 1981 1091 2047 κακὰς
1136 1983 1183 2033 δ’
1218 1979 1456 2058 εχθαιρε
1499 1987 1671 2038 θυέλ-

622 2058 744 2122 λας·
797 2059 933 2110 Εἰσὶ
982 2074 1128 2122 τινες
1179 2066 1376 2131 πρηεΐς
1409 2063 1507 2112 καὶ
1539 2060 1672 2123 βιό-

621 2148 725 2185 του
762 2136 1015 2205 ζέφυροι.
1090 2133 1283 2197 (Falso,
1336 2137 1480 2200 quod
1515 2140 1569 2187 et
1601 2139 1671 2187 ad

627 2221 847 2258 sensum
899 2211 953 2258 et
1001 2209 1070 2258 ad
1105 2222 1385 2261 caesuram
1418 2211 1667 2275 pertinet,

623 2282 870 2345 distingui
904 2283 1058 2333 iussit
1089 2285 1297 2334 Monich
1332 2286 1520 2335 Cautus
1550 2287 1672 2336 hor-

623 2360 775 2407 rescis
805 2359 1041 2419 nimium,
1071 2361 1384 2424 premenda)

688 2434 737 2482 ὃ.
773 2431 1009 2497 Auream]
1051 2433 1337 2484 «omnibus
1374 2435 1538 2486 rebus
1573 2450 1673 2486 an-

621 2506 1004 2558 teferendam.»
1045 2534 1099 2543 ——
1131 2510 1539 2574 mediocritatem]
1574 2525 1675 2575 με·

621 2577 860 2652 σότητα,
897 2577 966 2632 τὸ
987 2583 1238 2670 μέτριον,
1265 2597 1332 2633 ex
1355 2586 1558 2635 Graeco
1583 2584 1670 2636 illo

621 2655 870 2718 dogmate
914 2657 1042 2727 περὶ
1072 2652 1397 2723 μεσότητος
1431 2659 1484 2708 in
1518 2661 1673 2722 cupi-

619 2729 872 2781 ditatibus
923 2745 987 2780 ac
1035 2734 1354 2796 praesertim
1404 2734 1456 2782 in
1505 2746 1670 2797 opum

619 2804 1051 2867 quaerendarum
1068 2806 1274 2866 studi03
1301 2808 1483 2868 vitam,
1506 2821 1670 2869 quam

620 2892 838 2943 semper
856 2881 1125 2943 temperat
1141 2876 1514 2969 σωφροσιξνη.
1537 2882 1671 2932 Pho-

620 2953 725 3015 cyl.
765 2955 936 3015 Bergk
971 2966 1024 3018 p.
1064 2954 1183 3003 34οε
1234 2951 1430 3004 Πολλὰ
1464 2957 1670 3020 μέσοι-

620 3041 715 3075 σιν
756 3019 993 3095 ἄριστα·
1045 3030 1229 3092 μέσος
1265 3027 1418 3078 θέλω
1460 3029 1521 3081 ἐν
1557 3028 1669 3080 πό-

619 3099 704 3151 λει
738 3097 901 3150 εἶναι.
971 3102 1182 3151 Aristot.
1221 3102 1369 3154 Polit.
1409 3103 1463 3165 4,
1505 3107 1592 3155 44ε
1634 3101 1669 3155 ὁ

620 3176 804 3240 μέσος
826 3173 959 3236 βίος
979 3173 1295 3239 βέλτιστος.
1335 3178 1482 3229 Pind.
1510 3181 1664 3242 Pyth

622 3250 711 3310 44,
750 3251 840 3299 52:
880 3247 1006 3299 Των
1039 3246 1148 3320 γὰρ
1186 3267 1275 3316 αμ
1310 3249 1479 3303 πόλιν
1514 3268 1576 3303 et
1557 3247 1669 3324 ‘pt-

619 3339 776 3374 σκων
820 3319 888 3372 τὰ
927 3325 1085 3389 μέσα
1115 3329 1451 3417 μακροτέρῳ
1477 3322 1667 3395 Ὅλβῳ

616 3393 919 3460 τεθαλότα,
954 3400 1216 3465 μέμφομ’
1250 3397 1425 3452 αἶσαν
1459 3418 1667 3474 τυραν-

620 3470 808 3524 νίδων.
881 3475 1069 3524 Cicero
1104 3489 1319 3539 quoque
1342 3478 1445 3528 hac
1468 3479 1670 3541 signifi-

618 3550 826 3599 catione
851 3553 1072 3613 usurpat
1095 3550 1163 3600 de
1189 3552 1285 3601 off
1315 3553 1373 3610 4,
1400 3554 1490 3602 25:
1527 3555 1670 3603 Nun-

618 3637 774 3684 quam
806 3625 971 3673 iratus
1002 3626 1088 3685 qui
1117 3627 1312 3675 accedet
1333 3628 1401 3675 ad
1426 3640 1664 3688 poenam,

617 3699 1011 3749 mediocritatem
1043 3700 1186 3750 illam
1208 3700 1409 3759 tenebit,
1447 3715 1578 3761 quae
1598 3706 1670 3751 est

615 3774 746 3822 inter
789 3774 1000 3823 nirnium
1046 3779 1092 3824 et
1128 3789 1335 3837 pamm.
1389 3775 1449 3824 H.
1489 3772 1521 3824 l.
1557 3788 1666 3824 me-

614 3848 852 3896 diocritas
894 3851 949 3898 et
994 3849 1061 3897 ad
1120 3850 1358 3898 animum
1407 3849 1667 3899 mediocri

615 3922 824 3971 fortuna
842 3924 1150 3972 contentum
1170 3923 1309 3972 etad
1332 3923 1470 3973 hanc
1496 3924 1666 3988 ipsam

613 3995 752 4045 vitae
788 3996 1160 4047 condicionem
1194 3997 1438 4047 refertur.

681 4071 793 4120 6-8.
831 4072 980 4135 tutus]
1019 4072 1130 4121 Hoc
1165 4084 1213 4119 v.
1253 4072 1322 4120 ad
1356 4072 1664 4122 universam

613 4141 852 4210 γνώμην
874 4151 1009 4195 cutm
1023 4172 1051 4182 -
1067 4172 1095 4183 -
1114 4146 1237 4196 aula
1259 4145 1519 4197 nonnullis
1541 4160 1665 4211 per-

614 4221 781 4270 tinere
816 4220 1052 4270 videtur:
1110 4233 1253 4270 «non
1298 4223 1474 4272 minus
1518 4222 1663 4272 enim

1744 1538 2105 1602 periculorum
2136 1542 2325 1592 minari
2361 1543 2562 1593 homini
2585 1542 2792 1594 divitias

1744 1615 1917 1676 regias
1951 1628 2015 1664 ac
2049 1627 2318 1667 summam
2342 1616 2608 1667 fortunam
2630 1630 2793 1680 quam

1745 1689 2208 1740 incommodorum
2263 1690 2455 1741 afferre
2519 1692 2794 1742 sordidam

1743 1766 2117 1827 paupertatem
2152 1765 2205 1813 in
2240 1764 2440 1814 misero
2476 1767 2683 1827 tugurio
2707 1768 2793 1815 to-

1744 1836 2081 1887 lerandam.»
2151 1837 2253 1887 Sed
2312 1840 2472 1889 totius
2523 1837 2792 1890 clausulae

1745 1912 2074 1961 constructio
2110 1925 2175 1961 eo
2218 1913 2394 1975 potius
2430 1913 2601 1976 ducit,
2646 1916 2705 1963 ut
2737 1928 2789 1965 v.

1742 1990 1877 2035 tutus
1919 1986 2214 2036 reseramus
2257 1987 2325 2038 ad
2366 1988 2595 2050 primam
2631 1988 2793 2038 dum-

1746 2062 1888 2109 taxat
1919 2062 2155 2124 partem,
2210 2061 2665 2122 quemadmodum
2701 2075 2793 2112 so-

1743 2135 1881 2182 brius
1926 2134 1993 2184 ad
2042 2133 2265 2184 alteram
2308 2135 2567 2199 pertinet3
2620 2148 2794 2185 carere

1742 2222 1899 2270 vere,
1938 2209 1991 2265 id
2028 2212 2136 2269 est,
2175 2212 2476 2260 «remotum
2513 2223 2782 2271 manere»,

1744 2288 1889 2334 recte
1925 2286 1980 2333 et
2002 2283 2070 2333 de
2093 2283 2306 2333 sordida
2331 2297 2456 2334 casa
2479 2287 2534 2333 et
2556 2283 2624 2334 de
2648 2286 2791 2347 regia

1744 2358 1863 2409 aula
1897 2360 2124 2409 summis
2148 2359 2339 2422 opibus
2361 2360 2555 2410 referta
2580 2361 2787 2411 dicitur.

1749 2461 1803 2469 —
1856 2434 2079 2484 Omnino
2126 2435 2307 2484 autem
2349 2436 2571 2499 propter
2614 2448 2793 2486 mem-

1743 2508 1966 2558 brorum
1999 2508 2376 2572 aequalitatem
2416 2509 2678 2573 iungenda
2701 2523 2787 2558 vv.

1743 2589 1877 2633 tutus
1916 2590 2091 2646 caret,
2131 2597 2235 2633 non
2272 2598 2397 2634 cum
2430 2583 2671 2634 Bentleio
2692 2585 2793 2634 Di-

1742 2660 1853 2722 liyit
1873 2663 2024 2708 ιυεω.
2050 2686 2105 2694 -
2128 2659 2404 2708 Obsoletum
2426 2659 2619 2708 dicitur
2639 2657 2793 2721 quid-

1744 2732 1870 2795 quid
1912 2735 2175 2784 vetustate
2223 2735 2278 2782 et
2309 2731 2558 2784 sordibus
2603 2745 2791 2782 corru-

1743 2810 1893 2871 ptum
1951 2810 2057 2868 est,
2116 2806 2277 2856 veluti
2334 2807 2499 2858 vestis
2553 2807 2785 2869 obsoleta,

1742 2881 1931 2931 detrita
1989 2884 2044 2931 et
2099 2881 2369 2944 squalida3
2428 2882 2506 2932 sic
2561 2882 2785 2943 domus,

1744 2956 1893 3006 cuius
1935 2955 2118 3005 trabes
2160 2958 2503 3020 putrescunt,
2554 2956 2788 3019 parietes

1742 3031 1905 3079 rimas
1940 3031 2119 3093 agunt,
2157 3031 2292 3080 situs
2328 3030 2507 3080 omnia
2539 3031 2785 3094 occupat,

1742 3105 1972 3154 obsoleta.
2032 3103 2192 3153 Simili
2235 3103 2529 3154 verborum
2563 3117 2789 3167 compo-

1740 3180 1930 3230 sitione
1974 3179 2082 3228 Cic.
2127 3191 2227 3241 pro
2273 3179 2444 3228 Sestio
2486 3179 2575 3228 28:
2628 3178 2790 3226 virtus

1740 3279 1769 3289 -
1803 3281 1831 3291 -
1864 3265 2021 3313 neque
2068 3252 2246 3302 alienis
2288 3265 2517 3313 unquam
2564 3251 2790 3301 sordibus

1741 3327 2006 3378 obsolescit.
2057 3353 2111 3362 —
2158 3326 2442 3390 invidenda]
2488 3328 2549 3378 Ut
2590 3325 2684 3375 Od.
2722 3325 2783 3383 3

1742 3404 1800 3461 4,
1838 3400 1927 3451 45:
1973 3400 2250 3450 invidendis
2276 3401 2514 3462 postibus.
2585 3400 2787 3449 Eadem

1740 3474 2121 3539 significatione
2164 3473 2382 3524 Martial.
2442 3476 2682 3539 spectac.
2723 3474 2783 3534 2,

1740 3551 1797 3602 3:
1835 3551 2133 3600 invidiosa-
2154 3577 2184 3588 -
2206 3551 2361 3600 atr-ia.

1806 3624 1853 3675 9.
1925 3624 2151 3689 Saepsus]
2210 3625 2373 3685 Vide,
2438 3636 2601 3687 quam
2651 3624 2786 3674 scite

1738 3696 1995 3767 γνώμαις
2040 3700 2294 3762 imagines
2329 3700 2566 3762 poeticas
2601 3697 2786 3748 subie-

1740 3776 1875 3826 cerit
1907 3776 1993 3824 hic
2028 3777 2082 3824 et
2104 3788 2188 3822 νν.
2219 3775 2297 3832 45,
2339 3774 2418 3832 48,
2455 3774 2537 3822 22.
2577 3774 2787 3823 Saevius

1740 3849 1934 3901 menda
1962 3849 2054 3899 Ed.
2084 3848 2390 3909 Rothomag.
2421 3846 2590 3907 ⁴70⁴„
2629 3848 2786 3897 item-

1739 3938 1848 3986 que
1906 3923 2192 3974 Burmanni
2249 3922 2584 3981 coniectura,
2644 3933 2784 3984 quae

1740 3997 1917 4048 multis
1967 3996 2187 4061 placuit,
2242 3996 2485 4045 firmatur
2526 4009 2556 4045 a
2592 4008 2785 4059 suspe-

1739 4074 1976 4123 ctissimo
2020 4069 2104 4121 illo
2146 4068 2339 4120 Valarti
2384 4070 2514 4120 Cod.
2556 4068 2779 4118 Sorbon.

1739 4145 1959 4196 Detendi
2016 4145 2199 4208 utique
2254 4146 2465 4209 poterat
2509 4157 2573 4194 ex
2630 4141 2779 4192 Ovid.

1737 4220 2092 4280 Trist.,3,4
2147 4220 2201 4269 6.
2257 4218 2785 4282 sommam-em
