3234 4975
632 384 755 450 512

972 542 1211 622 Virtute
1258 561 1362 606 me
1408 539 1662 605 involvo
1705 539 2106 627 probamque

1386 385 1644 436 noaAru
1680 384 2028 452 CAamNuu

1055 661 1442 749 Pauperiem
1486 661 1628 727 sine
1673 661 1825 727 dote
1870 682 2135 748 quaero.

885 822 1023 886 Non
1067 830 1167 886 est
1210 841 1454 896 meum,
1504 819 1558 885 si
1604 820 1847 906 mugiat
1889 818 2114 886 Africis

890 941 1093 1009 Malus
1136 939 1467 1029 procelliS‚
1517 940 1600 1006 ad
1647 940 1919 1007 miseras
1964 960 2196 1028 preces

969 1065 1333 1130 Decurrere
1376 1073 1443 1129 et
1483 1061 1650 1129 votis
1695 1061 1964 1149 pacisci,

1055 1186 1148 1251 Ne
1192 1184 1470 1273 Cypriae
1515 1183 1882 1272 Tyriaeque
1926 1203 2178 1250 merces

765 1347 847 1397 60.
884 1346 1162 1408 Syriaeque
1195 1358 1243 1395 c.
1285 1345 1406 1407 (non
1441 1342 1597 1405 BbS.)

635 1485 769 1550 Epp.
809 1486 865 1546 4,
893 1485 953 1546 7,
981 1483 1072 1535 34:
1125 1485 1233 1534 Hac
1265 1497 1356 1548 eqo
1389 1483 1432 1533 si
1464 1481 1686 1544 compel—

636 1560 715 1610 lor
747 1559 991 1623 imagine,
1045 1563 1227 1608 cuncta
1269 1559 1485 1621 rasiano.
1558 1556 1688 1605 «Re-

636 1635 841 1698 siynare
888 1632 1089 1696 antiqui
1136 1645 1234 1697 pro
1280 1631 1553 1682 rescribere
1585 1643 1689 1693 po-

637 1706 864 1767 nebant,
913 1708 973 1756 ut
1016 1706 1193 1756 adhuc
1226 1705 1517 1769 subsignare
1550 1702 1688 1753 dici-

638 1793 759 1831 mus
798 1793 896 1844 pro
930 1779 1284 1829 subscribere.»
1335 1780 1538 1829 Fest.
1597 1779 1689 1827 Re-

636 1854 848 1904 scribere
880 1856 1061 1903 autem
1096 1855 1179 1904 est
1210 1853 1470 1915 scriptum
1520 1851 1688 1902 debiti

637 1927 864 1978 liberare
882 1964 895 1987 ,
932 1926 1175 1977 debitum
1198 1925 1406 1977 solvere
1430 1937 1529 1989 per
1552 1925 1684 1975 scri-

637 2006 851 2069 pturam
902 2001 1220 2064 (Anweiswzq
1268 2000 1369 2064 aut*
1411 2001 1553 2051 einen
1597 2015 1690 2051 αη-

640 2076 804 2139 darn).
844 2076 1084 2126 Incertus
1108 2074 1250 2139 apud
1275 2074 1408 2125 Plut.
1436 2074 1503 2124 de
1528 2075 1692 2126 Tran-

640 2148 925 2214 quillUVol
952 2149 1002 2199 7.
1046 2161 1101 2212 p.
1134 2149 1253 2200 855.
1291 2150 1365 2199 R.
1405 2144 1690 2238 δ’,Ηδὺμὲν

639 2216 714 2273 ἄν
745 2237 801 2273 τι
833 2223 1050 2293 φέρῃς,
1086 2217 1284 2290 ὀλίγον
1315 2220 1360 2272 δ’
1392 2215 1568 2286 ἄχος,
1616 2218 1692 2289 ἦν

639 2291 973 2369 ἀπολείπῃς.
1041 2298 1243 2349 Seneca
1279 2297 1347 2349 de
1381 2299 1573 2362 Tranq.
1600 2299 1690 2349 44·

642 2375 1049 2437 Quandocunque
1092 2378 1261 2423 autem
1309 2375 1517 2424 reddere
1558 2373 1694 2424 iube-

643 2448 780 2499 bitur
801 2488 813 2509 ,
866 2462 967 2499 non
1017 2454 1253 2510 queretur
1293 2461 1409 2498 own
1438 2448 1687 2508 Fortuna,

645 2524 730 2573 sed
761 2523 913 2582 dicet,
969 2522 1101 2583 Quia
1132 2523 1377 2584 imperas,
1412 2524 1530 2572 cedo
1562 2535 1694 2585 pra—

641 2603 722 2649 tus
769 2596 1033 2658 libensque.
1110 2596 1168 2646 Si
1216 2597 1336 2658 quid
1384 2596 1568 2647 habere
1615 2610 1695 2647 me

643 2673 717 2723 tui
748 2672 966 2722 volueris
980 2710 998 2734 ‚
1036 2672 1320 2722 etiannum
1352 2671 1559 2722 servabo
1577 2686 1595 2720 .·
1646 2673 1690 2722 si

644 2747 786 2797 aliud
799 2747 997 2809 placet,
1033 2759 1124 2809 eqo
1153 2759 1273 2796 vero
1303 2746 1497 2809 factwn
1518 2746 1694 2809 εἰρηα-

642 2826 843 2883 mmque
863 2825 1130 2884 arpentum
1143 2857 1155 2880 ,
1193 2820 1396 2871 domum
1414 2821 1695 2885 samniam-

645 2908 740 2957 que
768 2907 936 2944 meam
966 2894 1143 2955 reddo,
1184 2895 1408 2945 restituo.

708 2969 790 3018 55.
822 2969 1012 3017 Virtute
1031 2980 1110 3017 me
1131 2967 1343 3033 involvo]
1372 2967 1562 3019 «veluti
1586 2967 1698 3032 pal—

644 3042 749 3102 lio;
798 3043 1007 3092 certum
1044 3042 1371 3105 praesidium
1406 3055 1527 3093 eam
1564 3044 1693 3093 mihi

645 3128 830 3182 paro.»
887 3114 1032 3165 Plato
1056 3115 1124 3165 de
1148 3117 1278 3181 Rep.
1304 3120 1364 3176 5,
1401 3131 1455 3180 p.
1482 3115 1595 3168 457.
1622 3120 1693 3169 A.

646 3194 772 3252 ταῖς
791 3188 905 3238 τῶν
933 3184 1211 3249 φυλάκων
1236 3154 1517 3276 γυνέιιξίν,
1544 3188 1697 3241 ἐπει-

647 3277 753 3336 περ
790 3256 1001 3333 ἀρετὴν
1034 3256 1166 3314 ἀντὶ
1202 3263 1443 3329 ἱματίων
1479 3258 1696 3330 ἀμφιέ-

645 3352 851 3388 σονται
882 3334 1002 3387 κτλ.
1075 3338 1185 3389 Cic.
1219 3338 1289 3388 ad
1316 3340 1460 3389 Fam.
1495 3340 1556 3401 9,
1590 3340 1691 3391 20:

647 3413 827 3464 litteris
856 3425 935 3463 me
966 3412 1179 3463 involvo.
1251 3413 1443 3464 Athen.
1481 3413 1529 3463 7.
1568 3426 1692 3477 pag.

645 3488 761 3539 28⁴.
799 3487 867 3537 de
902 3487 1159 3550 Dionysio
1194 3486 1545 3549 Heracleote,
1604 3489 1696 3551 qui

647 3574 714 3612 ex
746 3564 861 3612 stoa
890 3562 942 3612 in
967 3562 1178 3626 Epicuri
1200 3562 1383 3613 hortos
1408 3563 1693 3625 migrarat:

648 3629 716 3698 ὃς
748 3629 1032 3721 ἄντικρυς
1039 3630 1259 3698 ἀποδίς
1292 3631 1394 3685 τὸν
1427 3633 1534 3701 τῆς
1566 3629 1698 3706 ἀρε-

645 3708 751 3777 τῆς
762 3708 980 3771 χιτῶνα
995 3704 1207 3761 ἀνθινὰ
1220 3706 1692 3776 μετημφιασατο.

712 3787 796 3837 56.
849 3787 955 3836 sine
1003 3785 1139 3850 dote]
1197 3786 1338 3850 Opes
1396 3787 1692 3850 significat,

648 3858 845 3924 quibus
880 3861 1109 3910 Fortuna
1142 3858 1305 3909 veluti
1340 3858 1489 3910 dotat
1537 3873 1693 3921 eum,

649 3934 737 3985 cui
761 3931 917 3984 favet.
970 3935 1149 3997 Imago
1184 3937 1366 3983 autem
1399 3934 1468 3985 ab
1503 3947 1569 3984 eo
1592 3934 1696 3984 du-

651 4007 814 4068 citur,
889 4007 1035 4071 quod
1092 4008 1348 4071 virginem
1403 4008 1696 4059 indotatam

651 4081 753 4133 sibi
796 4081 943 4145 fingit
978 4083 1263 4135 honestam
1303 4086 1692 4149 paupertatem.

650 4155 993 4208 Petrona84:
1054 4156 1213 4208 bonae
1241 4160 1419 4211 mentis
1449 4173 1595 4210 soror
1626 4164 1699 4211 est

646 4236 940 4294 paupertas.

2726 1190 2809 1252 60

1829 1482 1909 1533 57.
1948 1482 2028 1533 58.
2090 1483 2204 1533 Non
2236 1489 2308 1534 est
2337 1485 2520 1550 meten]
2558 1498 2693 1535 anon
2729 1490 2812 1536 est

1762 1569 1916 1607 meae
1943 1556 2134 1607 indolis
2158 1559 2376 1622 meique
2400 1560 2594 1618 moris3
2632 1573 2661 1608 a
2687 1572 2810 1610 mea

1762 1631 2015 1694 dignitate
2039 1629 2346 1682 abhorret.»
2405 1631 2550 1683 Plato
2570 1631 2738 1683 Alcib.
2767 1635 2806 1683 1.

1761 1720 1814 1769 p.
1842 1705 1954 1756 406.
1982 1706 2019 1755 Β
2047 1720 2057 1754 :
2114 1698 2184 1756 οὗ
2231 1701 2343 1777 γάρ
2383 1705 2508 1759 ἐστι
2538 1704 2810 1758 τοιοῦτον

1758 1776 1828 1829 τὸ
1879 1775 2040 1844 ἐμόν.
2111 1778 2276 1830 Plaut.
2331 1781 2477 1832 Asin.
2535 1783 2586 1839 4,
2626 1781 2685 1841 3,
2722 1781 2806 1831 38.

1760 1854 1864 1904 AR.
1909 1855 2024 1903 Non
2053 1867 2221 1904 meum
2250 1859 2338 1904 est.
2378 1855 2477 1906 CL.
2512 1856 2618 1905 Nec
2644 1868 2812 1906 moun

1762 1928 1961 1988 quidem
2008 1928 2194 1990 edepol.
2270 1929 2391 1979 Tac.
2439 1930 2574 1979 Anu.
2626 1930 2690 1990 6,
2739 1929 2806 1979 8:

1761 2016 1864 2051 non
1912 2006 1982 2051 est
2029 2007 2258 2053 ποθῶ-ψη
2290 2028 2320 2038 -
2351 2029 2382 2039 -
2414 2003 2696 2054 neumare.
2752 2031 2807 2040 —

1759 2075 1979 2140 meaios]
2040 2076 2331 2138 «strideat,
2386 2077 2651 2141 fragorem
2686 2078 2811 2128 edat

1764 2151 1832 2201 ab
1881 2151 2058 2201 Africo
2107 2150 2359 2201 fractus.»
2410 2150 2506 2201 Od.
2535 2145 2592 2211 ’4,
2632 2150 2718 2212 44,
2756 2154 2807 2203 5.

1762 2225 1930 2275 malus
1961 2251 1990 2262 -
2021 2251 2051 2262 -
2093 2226 2448 2288 Antennaeqtoe
2488 2231 2706 2290 pomam.
2750 2253 2806 2261 —

1762 2297 1988 2362 mseras]
2025 2298 2310 2372 «humiles,
2363 2313 2505 2363 quae
2554 2298 2811 2350 dedecori

1765 2375 1892 2423 sunt
1924 2372 2019 2434 illi,
2058 2376 2148 2437 qui
2185 2374 2262 2424 eis
2296 2376 2514 2424 utitur.»

1831 2448 1913 2500 59.
1952 2449 2032 2499 60.
2073 2449 2364 2514 Deme-rere]
2402 2450 2542 2514 Virg.
2576 2453 2707 2502 Aen.
2745 2453 2804 2511 5,

1766 2524 1896 2575 782:
1973 2536 2144 2586 preces
2184 2525 2471 2575 descendere
2509 2526 2565 2574 in
2605 2539 2775 2575 omnes
2789 2564 2808 2587 ,

1766 2598 1913 2662 quod
1947 2597 2276 2661 frequentius
2312 2600 2412 2648 est.
2454 2626 2510 2635 —
2554 2600 2684 2649 votis
2706 2613 2811 2662 pa-

1765 2672 1912 2735 cisci]
1985 2690 2010 2717 α
2027 2674 2388 2724 mercatorum
2452 2685 2603 2724 more
2673 2666 2812 2725 votis

1767 2748 2062 2809 transigere
2104 2758 2229 2796 cum
2264 2746 2376 2808 dis,
2435 2760 2504 2798 ne
2538 2747 2811 2811 naufragio

1767 2819 1909 2872 facto
1957 2821 2223 2883 pretiosae
2284 2833 2495 2872 merces
2557 2823 2612 2873 in
2676 2823 2812 2873 mari

1766 2896 2051 2960 pereant-»3
2097 2892 2149 2942 id
2196 2893 2344 2957 quod
2381 2897 2589 2959 poetice
2634 2899 2815 2961 expri-

1769 2970 1866 3019 mit
1893 2970 2158 3020 revocatis
2190 2969 2243 3018 in
2279 2973 2516 3020 mentem
2549 2971 2813 3022 thesauris

1768 3046 1822 3094 in
1866 3045 2185 3107 perpetuum
2235 3042 2518 3095 demersis.
2608 3046 2813 3095 Seneca

1770 3119 2006 3179 Quaestt.
2054 3118 2162 3166 nat.
2209 3116 2267 3178 4,
2304 3118 2369 3167 7.
2427 3119 2629 3181 Negant
2667 3132 2815 3181 posse

1764 3192 1910 3257 fieri,
1960 3196 2019 3241 ut
2064 3204 2180 3241 cum
2209 3192 2460 3254 arundine
2496 3192 2682 3254 aliquis
2707 3207 2814 3255 po-

1767 3267 1986 3316 ciscatur
2033 3270 2080 3314 et
2143 3270 2451 3327 tempestates
2509 3268 2817 3317 munta-mohs

1767 3341 1999 3390 redimat.
2042 3367 2097 3375 —
2150 3340 2447 3406 Tyriaeque]
2500 3340 2566 3392 al.
2610 3342 2816 3403 Syriae—

1769 3428 1879 3477 que.
1950 3415 2088 3464 Sane
2137 3427 2168 3464 a
2217 3413 2446 3465 librariis
2479 3417 2657 3467 notius
2689 3428 2810 3467 voc.

1770 3488 2120 3540 substitutum
2153 3491 2238 3539 est
2271 3489 2474 3539 rariori.

1835 3563 1916 3613 64.
1970 3562 2052 3611 62.
2107 3562 2289 3627 avaro]
2352 3564 2448 3613 Od.
2488 3564 2547 3624 4,
2584 3564 2675 3623 28,
2713 3563 2810 3614 ⁴8:

1768 3636 1974 3686 avidum
2003 3649 2164 3686 mare.
2206 3664 2261 3674 --
2307 3638 2440 3688 Tunc
2470 3638 2654 3702 recepi
2687 3649 2815 3701 par-

1769 3712 1866 3762 tim
1911 3712 2131 3775 propter
2175 3713 2544 3775 gravissimam
2577 3712 2817 3762 auctori-

1769 3787 1936 3835 tatem
1972 3784 2141 3835 Codd.
2178 3784 2313 3847 Bb„
2368 3788 2560 3850 partim
2592 3787 2818 3851 propter

1768 3860 2034 3923 ingratum
2056 3873 2250 3911 sonum
2278 3861 2448 3910 Γαιη-
2476 3866 2661 3921 tottam
2701 3861 2816 3923 (Sa-

1771 3934 2012 3985 nadonus
2061 3932 2306 3984 volebat:
2359 3936 2498 3985 Dum
2527 3960 2559 3971 ·—
2578 3960 2609 3971 -
2638 3933 2817 3999 ferat.)

1773 4011 1930 4058 «tunc
1963 4008 2147 4071 igitur,
2206 4008 2262 4058 id
2294 4011 2406 4070 est,
2462 4006 2549 4058 tali
2584 4009 2637 4059 in
2671 4009 2817 4072 peri-

1770 4081 1890 4133 culo
1913 4120 1926 4142 ,
1984 4082 2115 4132 dum
2164 4081 2250 4133 alii
2298 4083 2370 4133 ad
2416 4084 2539 4133 vota
2581 4080 2817 4132 descen-

1769 4157 1953 4208 dunt.»
1986 4155 2114 4208 Plin.
2143 4158 2204 4208 Η.
2231 4159 2291 4208 Ν.
2316 4158 2376 4218 8,
2403 4158 2489 4208 4οε
2526 4157 2820 4218 Τυηιρναο-

1769 4233 1945 4295 σᾶρυω
1971 4236 2204 4284 votorum
2242 4231 2380 4283 loom
2417 4237 2515 4294 est,
2566 4243 2683 4283 cum
2711 4232 2816 4293 spei
