3234 4975
1207 390 1469 443 CARMEN
1503 390 1849 443 SECULARE.

2483 390 2608 453 639

777 548 909 613 lam
952 546 1112 612 mari
1159 557 1458 632 terraque
1502 565 1731 611 manus
1774 555 2068 633 potentes

776 666 1001 733 Medus
1047 664 1456 754 Albanasque
1503 667 1683 732 timet
1726 686 2036 740 secures,

776 790 909 854 lam
955 786 1234 876 Scythae
1277 808 1594 876 responsa
1639 799 1893 875 petunt,
1949 789 2212 876 superbi

952 911 1196 995 Nuper,
1247 919 1313 975 et
1356 908 1511 974 Indi.

2522 791 2602 851 ‚¹535

776 1068 908 1131 Iam
951 1064 1144 1132 Fides
1191 1077 1256 1132 et
1300 1068 1431 1133 Pax
1473 1075 1538 1132 et
1581 1067 1803 1132 Honos
1852 1066 2200 1154 Pudorque

776 1186 1036 1253 Priscus
1079 1197 1146 1253 et
1186 1186 1480 1272 neglecta
1522 1185 1740 1254 redire
1784 1188 1994 1254 Virtus

778 1306 1006 1385 Audet,
1054 1317 1454 1396 apparetque
1499 1307 1693 1375 beata
1737 1306 1929 1395 pleno

945 1428 1146 1517 Copia
1190 1449 1411 1496 cornu.

2526 1432 2612 1495 60

569 1617 650 1667 53.
686 1629 894 1666 mamm
918 1620 1168 1678 potentem
1200 1615 1367 1668 Bentl.
1407 1617 1546 1668 coni.
1589 1645 1644 1652 —
1682 1618 1764 1667 57.
1799 1617 1974 1667 Honor
2004 1615 2215 1679 Bb‚LCt
2249 1617 2372 1681 (non
2406 1620 2472 1679 c).

439 1797 599 1844 nere,
637 1782 765 1847 quid
797 1783 1045 1834 Romanis
1077 1784 1353 1847 praestare
1388 1783 1488 1835 de-
1518 1789 1527 1815 ⁸

436 1858 652 1909 beant.»
704 1884 759 1893 —
807 1856 1030 1921 superbi]
1082 1858 1238 1921 iunge
1274 1870 1398 1908 cum
1431 1871 1482 1908 v.

436 1932 663 1993 Scythae.
714 1930 857 1980 Suet.
895 1931 1008 1981 Oct.
1045 1931 1127 1980 24.
1175 1932 1270 1981 1)ίο
1305 1929 1395 1991 54,
1433 1931 1482 1981 9.

436 2006 584 2055 ovid.
623 2006 775 2055 Trist.
814 2006 874 2065 2,
901 2006 1025 2054 227:
1062 2007 1210 2055 Nunc
1234 2007 1362 2069 petit
1392 2006 1488 2056 Ar·

435 2080 629 2129 menius
659 2091 841 2142 pacem
851 2092 871 2139 ,·
911 2092 1045 2128 nunc
1073 2080 1296 2143 pon-6962
1335 2093 1487 2129 arcus

434 2155 647 2204 Parthus
677 2167 824 2216 equos
857 2152 1037 2202 timida
1065 2158 1313 2216 captaque
1339 2154 1488 2217 siqua

434 2241 607 2277 manu.
666 2255 721 2265 —
764 2228 893 2289 Indi]
946 2229 1214 2289 Augustus
1264 2227 1380 2291 ipse
1432 2227 1486 2277 in

432 2302 669 2353 Menum.
708 2303 905 2365 Ancyr.
946 2300 1030 2351 ed.
1070 2302 1233 2352 Franz
1266 2315 1319 2366 p.
1357 2301 1482 2352 ⁴08:

433 2375 496 2426 H
529 2372 593 2438 ὸς
611 2374 715 2441 ἐμὲ
740 2371 802 2439 ἐξ
824 2369 1024 2438 Ἰνδίας
1039 2372 1327 2435 βασιλέων
1361 2388 1489 2445 πρε-

436 2465 476 2501 σ
517 2455 631 2501 εωι
697 2445 974 2513 πολλάκις
1038 2442 1449 2516 ἀπεστάλησαν
1468 2486 1483 2510 ,

436 2519 714 2577 οὐδέποτε
735 2520 846 2596 πρὸ
881 2521 1090 2575 τούτου
1124 2522 1230 2575 τοῦ
1265 2520 1483 2596 χρόνου

435 2595 716 2663 ὃφθεῖσαι
778 2596 935 2672 παρὰ
995 2595 1289 2665 Ῥωμαίων
1351 2594 1485 2666 ἡγε-

433 2673 591 2740 μόνι.
650 2678 728 2725 De
761 2675 1014 2726 Indorum
1049 2676 1230 2725 autem
1264 2671 1485 2737 legatio-

435 2753 592 2803 nibus
641 2751 711 2801 ad
760 2753 1057 2814 Augustum
1103 2751 1281 2801 missis
1326 2750 1483 2800 docte

435 2827 722 2892 disputavit
756 2827 926 2888 Unger
959 2824 1019 2874 V.
1058 2825 1118 2874 R.
1144 2837 1198 2888 p.
1225 2823 1337 2874 355.
1385 2823 1478 2886 (Cf.

434 2903 496 2952 A.
533 2902 618 2951 W.
667 2897 908 2962 Schlegel
955 2895 1485 2948 Berliner-Kalendor

438 2975 581 3026 4829.
627 2988 680 3039 p.
718 2973 800 3024 48.
850 2974 910 3023 G.
955 2971 1122 3021 Ritter
1170 2971 1350 3035 Geoyr.
1385 2984 1483 3020 von

432 3048 579 3099 Axion
611 3049 695 3098 1v.
734 3049 780 3097 4.
812 3060 866 3111 p.
893 3044 990 3097 488
1024 3058 1177 3108 seqq.
1204 3044 1407 3108 Benroy
1428 3046 1482 3095 in

434 3124 638 3175 Erschii
688 3125 744 3172 et
792 3120 1018 3172 Gruberi
1068 3119 1283 3184 Encycl.
1339 3133 1383 3170 s.
1426 3133 1477 3169 v.

434 3199 632 3258 ludiim,
667 3210 720 3261 p.
748 3196 850 3258 89.)

500 3271 708 3321 57-60.
766 3270 940 3335 Fides]
998 3270 1262 3334 Theognis
1316 3269 1478 3321 4⁴37:

434 3344 655 3405 Πιστις,
689 3340 913 3410 μεγάλη
947 3341 1102 3407 θεός.
1136 3372 1191 3381 -
1214 3344 1345 3408 Pax]
1376 3344 1484 3393 Eu-

436 3418 535 3482 rip.
584 3420 756 3469 orest.
803 3418 958 3469 ⁴682:
1016 3414 1123 3483 τὴν
1170 3416 1483 3483 καλλίστην

435 3488 597 3543 Θεῶν
620 3487 889 3562 Εἰρήνην.
928 3491 1050 3542 Eius
1074 3504 1165 3541 ara
1189 3494 1306 3541 erat
1325 3492 1487 3541 Athe-

436 3568 534 3617 nis.
585 3564 701 3615 Vid.
730 3567 885 3616 Corn.
914 3567 1045 3628 Nep.
1082 3565 1138 3614 in
1175 3565 1401 3615 Timoth.
1430 3565 1480 3614 Ξ.

435 3641 491 3691 et
540 3652 678 3702 quae
735 3638 1008 3688 adnotavit
1055 3638 1380 3702 Nipperdey.
1422 3664 1481 3675 —

435 3716 629 3775 Honos,
683 3713 775 3776 qui
809 3725 840 3761 a
884 3712 1134 3762 Romanis
1177 3710 1482 3772 colebatur,

435 3789 652 3854 proprie
688 3789 771 3837 est
800 3787 967 3836 Honos
1004 3786 1233 3846 Virtutis,
1271 3785 1362 3848 qui
1384 3786 1488 3835 vir-

436 3865 606 3914 tutem
642 3859 1015 3923 consequitur;
1068 3860 1167 3911 sed
1208 3860 1317 3910 iam
1349 3871 1381 3908 a
1414 3860 1484 3911 M.

432 3933 682 3988 Marcello
704 3932 846 3984 bello
866 3932 1062 3984 Gallico
1083 3933 1152 3983 ad
1177 3930 1486 3984 Clastidium

436 4011 602 4062 aedes
651 4020 840 4060 nouom
882 4021 951 4058 m·
984 4019 1180 4058 narum
1225 4008 1347 4057 vota
1384 4009 1481 4057 est.

437 4086 547 4137 Liv.
573 4085 663 4146 27,
700 4085 784 4136 25.
824 4109 880 4120 -
904 4081 1090 4146 hodor]
1125 4081 1281 4145 Apud
1304 4081 1483 4145 Eurip,

440 4161 594 4225 Hipp.
622 4159 712 4209 77:
756 4151 1053 4228 ἀκήρατον
1076 4182 1106 4194 -
1133 4150 1386 4222 λειμῶνα
1405 4159 1437 4192 -“
1457 4180 1487 4191 -

440 4229 621 4297 Αἰδώς
642 4260 672 4271 -
695 4233 1039 4300 ποταμίαισι
1075 4225 1311 4298 κηπεύει
1353 4225 1486 4302 δρό-

1560 1798 1706 1846 σοις.
1738 1810 1793 1821 -
1829 1783 2042 1849 Priscus]
2078 1784 2219 1847 Virg.
2239 1785 2371 1834 Aen.
2399 1784 2456 1846 6,
2481 1784 2605 1835 879;

1558 1858 1842 1920 heum-isco
1859 1858 2009 1922 fidos!
2045 1885 2092 1894 —
2129 1858 2312 1923 redire]
2337 1859 2392 1908 in
2415 1861 2606 1919 terraS,

1559 1946 1696 1996 quas
1731 1944 1856 1982 cum
1891 1943 1923 1980 a
1958 1930 2271 1983 mortalibus
2306 1931 2405 1982 coli
2438 1932 2607 1984 desita

1558 2007 1729 2068 esset,
1776 2007 1980 2057 maesta
2016 2004 2325 2070 reliquerat;
2371 2007 2425 2056 id
2464 2006 2609 2070 quod

1560 2083 1747 2132 Graeci
1781 2081 1850 2131 de
1885 2084 2106 2131 Astraea
2126 2119 2139 2142 ,
2185 2079 2329 2150 Δίκῃ
2350 2117 2365 2143 ,
2424 2094 2609 2132 narra-

1558 2155 1715 2215 bant;
1783 2156 1912 2206 item
1968 2156 2231 2208 Hesiodus
2273 2155 2432 2226 Ἓργ.
2491 2156 2605 2206 498.

1560 2229 1782 2280 GoettL:
1827 2228 2136 2280 Λευκοῖσιν
2179 2234 2463 2301 φαρέεσσι
2502 2244 2610 2279 κα-

1558 2301 1881 2367 λυψαμένω
1915 2300 2068 2374 χρόα
2090 2301 2269 2354 καλὸν
2288 2300 2609 2354 Ἀθανάτων

1556 2373 1707 2443 μετὰ
1785 2374 1975 2438 φῦλον
2061 2375 2185 2427 ἴτον
2274 2374 2605 2449 προλιπόντ’

1557 2447 1903 2524 ἀνθρώπους
1944 2448 2128 2515 Αἰδώς
2182 2452 2282 2503 καὶ
2335 2452 2603 2518 Νέμεσις.

1563 2553 1620 2563 -
1657 2527 1984 2589 apparetque]
2019 2524 2360 2590 Splendidam
2394 2528 2480 2577 hic
2504 2541 2608 2577 nu-

1558 2602 1716 2651 minis
1751 2597 2093 2662 ἐπιφάνειαν
2125 2601 2403 2663 significat.
2433 2628 2489 2637 -
2514 2601 2606 2651 Co-

1548 2674 1661 2739 pia]
1698 2674 2056 2725 abundantiae
2092 2674 2224 2733 dea;
2278 2675 2429 2724 cuius
2470 2675 2608 2725 ima-

1557 2750 1677 2812 gine
1710 2749 1998 2813 praecipue
2034 2746 2329 2799 delectatus
2362 2761 2485 2799 esse
2507 2750 2610 2799 Au-

1556 2826 1744 2886 gustus
1770 2823 1998 2873 videtur.
2046 2822 2143 2873 Od.
2173 2824 2193 2874 4
2225 2860 2236 2883 ,
2271 2823 2366 2883 47,
2401 2822 2463 2873 ⁴4
2485 2836 2605 2886 sqq.

1556 2897 1689 2961 Epp.
1716 2897 1765 2958 4,
1789 2899 1870 2957 ⁴2,
1891 2898 1955 2948 28
1973 2909 2055 2959 sq.
2079 2896 2184 2947 Ctr.
2200 2894 2604 2948 MiillerDonkm,

1556 2971 1619 3019 V.
1657 2973 1718 3020 N.
1765 2970 1879 3020 377.
1940 2970 2163 3021 Genium
2209 2970 2429 3034 Augusti
2481 2983 2607 3020 cum

1557 3044 1743 3109 copiae
1767 3057 1931 3095 cornu
1956 3046 2221 3095 monstrat
2234 3045 2468 3095 visconti
2489 3046 2610 3095 Mu-

1554 3132 1637 3168 seo
1667 3118 1954 3169 Pio-Clota.
1993 3119 2042 3169 3.
2080 3118 2209 3169 Tab.
2246 3119 2296 3169 2.
2340 3145 2393 3156 —
2432 3118 2607 3183 cornu]

1556 3194 1743 3243 Graeci
1797 3192 1968 3243 simile
2024 3192 2227 3244 habent
2272 3187 2610 3257 Ἀμαλθείας

1555 3268 1745 3338 κέρας.
1812 3267 1967 3331 Apud
2018 3268 2281 3319 Senecam
2333 3267 2471 3319 Med.
2523 3267 2604 3316 65.

1557 3343 1679 3392 Paci
1730 3341 1831 3406 ipsi
1882 3340 2131 3391 tribuitur
2175 3353 2342 3392 cornu
2391 3341 2603 3403 copiae:

1554 3416 1622 3466 Et
1654 3429 1814 3466 cornu
1843 3417 2021 3465 retinet
2053 3416 2204 3465 divite
2224 3414 2440 3476 copiam.
2502 3414 2610 3463 Re-

1557 3489 1763 3539 centior
1804 3482 1999 3553 μῦθος
2033 3488 2243 3538 videtur
2278 3486 2421 3550 apud
2455 3484 2603 3535 Ovid.

1556 3564 1683 3614 Met.
1709 3564 1765 3624 9,
1801 3563 1884 3613 87.
1922 3561 2185 3613 Achelous
2219 3560 2287 3610 de
2315 3572 2479 3609 cornu
2504 3558 2605 3610 sibi

1558 3636 1629 3687 ab
1664 3634 1889 3687 Hercule
1937 3638 2204 3686 truncato:
2257 3634 2444 3684 Naides
2485 3634 2604 3695 hoc,

1549 3711 1717 3774 pomis
1748 3714 1794 3759 ot
1827 3711 1981 3760 odoro
2019 3712 2144 3774 flore
2185 3707 2453 3770 replebunt,
2506 3708 2610 3758 Sa-

1557 3789 1798 3844 crarunt,·
1848 3785 2078 3845 divesque
2118 3795 2228 3832 meo
2278 3780 2409 3831 bona
2453 3781 2611 3843 Copia

1558 3872 1719 3909 cornu
1766 3863 1854 3908 ost.
1897 3886 1952 3893 —
1992 3858 2276 3907 «Pacatum
2325 3856 2505 3906 autem
2556 3858 2611 3905 et

1559 3934 1801 3996 quietum
1835 3933 1942 3982 iam
1975 3943 2095 3981 esse
2131 3933 2396 3980 terrarum
2418 3928 2609 3980 orbem

1561 4018 1685 4056 cum
1708 4004 1890 4055 verbis
1911 4006 2027 4054 tum
2049 4004 2286 4055 numeris
2319 4002 2609 4054 lenioribus

1561 4079 1772 4144 egregie
1811 4076 2101 4128 declaravit
2132 4079 2316 4142 poeta,
2353 4080 2414 4127 ut
2434 4078 2524 4140 qui
2554 4077 2608 4127 in

1560 4153 1794 4217 strophis
1840 4151 1902 4203 ⁴4
1936 4153 1990 4203 et
2025 4153 2103 4203 45.
2142 4152 2423 4215 quinquies
2465 4148 2605 4200 molli

1560 4240 1785 4279 caesura
1803 4228 2073 4278 trochaica
2090 4240 2221 4279 usus
2238 4227 2355 4278 sit.»
2374 4227 2603 4276 Srssmsn.
