3234 4975
632 394 754 460 632
1592 394 1848 461 noaATn

972 552 1115 631 Quo
1147 549 1441 638 Sibyllini
1485 568 1799 616 monuere
1843 568 2084 615 versus
2764 551 2804 611 ὅ

970 673 1259 760 Virgines
1302 671 1501 739 lectas
1544 692 1920 760 puerosque
1966 682 2179 738 castos

968 795 1110 871 Dis,
1158 793 1396 881 quibus
1442 804 1693 882 septem
1736 793 2041 880 placuere
2088 791 2317 867 colleS,

1137 917 1370 982 Dicere
1416 935 1697 982 carmen.

966 1072 1145 1139 Alme
1191 1073 1340 1149 Sol,
1390 1093 1585 1139 curru
1631 1073 1831 1140 nitido
1877 1074 2049 1139 diem
2094 1073 2206 1159 qui

968 1193 1216 1260 Promis
1260 1204 1326 1260 et
1368 1193 1542 1260 celas
1589 1193 1886 1281 aliusque
1931 1204 1996 1260 et
2038 1192 2209 1260 idem
2717 1192 2800 1256 to

761 1356 809 1405 5.
847 1355 979 1417 quod
1010 1354 1087 1405 Bb
1124 1355 1179 1403 et
1215 1354 1464 1417 quattuor
1496 1352 1736 1405 Blandin.
1778 1356 1900 1417 (non
1934 1354 2043 1417 Tc).
2086 1382 2141 1389 —
2178 1353 2337 1403 laetas
2365 1351 2402 1402 b
2439 1356 2560 1415 (non
2583 1353 2730 1414 BTc).

631 1495 806 1557 prisca
862 1493 1184 1543 imitantur.»
1255 1492 1333 1542 Ex
1387 1505 1494 1556 qua
1551 1494 1679 1543 satis
1752 1497 1830 1543 ter
1850 1494 2053 1542 novenis
2070 1490 2350 1556 viminibus
2370 1492 2486 1541 cani
2511 1491 2804 1553 pet-urbem

632 1568 855 1620 confusa
887 1568 1324 1632 interpretatione
1358 1568 1463 1618 hoc
1484 1566 1678 1631 prodit,

633 1643 962 1706 antiquiores
1003 1642 1370 1707 Porphyrione
1415 1642 1683 1707 interpre-

632 1720 715 1768 tes
765 1717 838 1767 ita
889 1716 1057 1766 ferme
1107 1714 1285 1766 locum
1329 1717 1677 1780 exposuisse:

635 1797 886 1854 «corripere
938 1791 1111 1853 sacro]
1170 1804 1324 1841 sacro
1382 1804 1447 1842 ex
1501 1791 1681 1856 prisco

637 1867 757 1927 ritu,
784 1865 1034 1929 quoniam
1061 1863 1244 1915 seculo
1265 1864 1525 1915 redeunte
1549 1867 1685 1916 tem-

635 1953 736 2004 pus
771 1951 870 2003 per
902 1952 961 1990 se
997 1938 1058 1988 fit
1088 1951 1355 1990 sacrum.»

699 2015 749 2063 5.
775 2013 823 2061 6.
860 2011 1090 2074 sibyllino·
1108 2026 1281 2064 versus
1301 2011 1541 2065 consulto
1563 2028 1683 2065 me-

637 2088 940 2148 morantur,
982 2088 1105 2149 quia
1140 2087 1332 2138 horum
1368 2089 1681 2139 auctoritate

634 2160 886 2212 utebatur
935 2162 1200 2225 Augustus
1256 2163 1309 2213 in
1358 2163 1680 2215 renovandis

634 2234 771 2287 ludis
806 2234 1155 2287 secularibus.
1226 2236 1464 2302 Virgines
1499 2239 1680 2288 autem

634 2312 689 2359 et
720 2310 873 2374 pueri
906 2323 1076 2371 nunc,
1124 2312 1184 2361 ut
1216 2312 1288 2361 ita
1322 2311 1523 2373 dicam,
1568 2313 1682 2375 pri-

634 2397 784 2434 mum
841 2384 895 2434 in
953 2396 1113 2434 scena
1175 2389 1547 2449 comparentes
1609 2385 1678 2437 de

634 2470 693 2509 se
762 2457 863 2523 ipsi
931 2471 996 2509 eo
1046 2459 1213 2524 magis
1274 2458 1443 2511 verba
1500 2460 1678 2512 iacere

637 2530 931 2593 dehebant,
1000 2535 1088 2593 ut,
1141 2547 1265 2584 cum
1308 2548 1374 2584 ex
1414 2535 1677 2599 primariis

639 2605 843 2657 familiis
907 2604 1028 2657 lecti
1092 2610 1301 2669 essent,
1374 2611 1513 2659 inter
1577 2609 1677 2660 hos

637 2682 781 2744 ipsos
814 2693 1005 2731 versus
1051 2680 1120 2731 ab
1173 2682 1235 2732 iis
1283 2684 1523 2733 cantatos
1556 2684 1680 2732 taci-

631 2760 738 2805 mm
796 2760 1106 2817 pertentaret
1173 2758 1417 2820 caudium
1482 2770 1681 2821 paren-

634 2831 748 2880 tum
777 2835 1001 2892 pectora.
1041 2830 1184 2881 Haec
1205 2831 1347 2882 dicta
1370 2832 1475 2883 sint
1496 2835 1681 2883 contra

633 2905 759 2964 ΗΡ..
801 2904 893 2966 qui
925 2904 1064 2954 hanc
1099 2906 1356 2968 strophen
1389 2905 1547 2956 obelo
1580 2919 1682 2957 no-

632 2978 778 3028 tavit.
817 2977 1150 3041 (SIBVLLAE
1185 2979 1293 3043 (sic)
1330 2980 1531 3043 effigies
1555 2994 1680 3032 cum

632 3051 891 3101 librorum
914 3050 1293 3114 Sibyllinorum
1316 3067 1483 3105 urceo
1517 3068 1682 3118 super

632 3124 899 3188 tripodem
934 3125 1189 3176 collocato
1225 3130 1308 3178 est
1340 3129 1394 3178 in
1425 3130 1483 3179 L.
1522 3129 1682 3193 (Mar-

634 3200 724 3260 cii)
786 3199 1085 3261 TORQVAT.
1139 3201 1226 3250 III.
1288 3203 1404 3252 VIR.
1457 3215 1680 3254 nummo

635 3273 777 3337 apud
831 3274 1005 3342 {ticcio
1053 3275 1125 3324 Μ.
1162 3275 1218 3323 F.
1254 3277 1313 3325 R.
1350 3290 1403 3339 p.
1443 3275 1575 3339 ⁴35.)
1622 3303 1675 3313 --

632 3349 730 3408 Qui
767 3349 872 3398 iam
907 3347 1089 3399 seculo
1123 3353 1313 3400 octavo
1347 3364 1397 3399 v.
1436 3352 1485 3401 ὃ.
1532 3349 1682 3414 lege·

632 3423 755 3472 runt
799 3424 966 3485 Quod,
1022 3424 1102 3474 sic
1144 3422 1394 3475 videntur
1436 3427 1681 3476 constru—

631 3498 802 3548 xisse:
874 3500 988 3549 date
1056 3512 1187 3560 quae
1230 3512 1506 3562 precamur
1558 3513 1681 3549 car-

629 3572 786 3633 mine,
825 3574 958 3632 quod
990 3572 1218 3635 Sibyllini
1249 3586 1487 3624 monuere
1510 3585 1683 3623 vernos

628 3648 849 3719 virgines
868 3674 898 3684 -
920 3674 949 3684 -
981 3649 1056 3697 dis
1105 3649 1283 3698 dicere.
1346 3674 1399 3684 —
1460 3649 1683 3711 Virgines

633 3723 771 3786 cet.]
818 3723 939 3793 τρὶς
987 3721 1154 3773 ἐννέα
1187 3724 1381 3773 Zosimi
1431 3724 1556 3773 sunt
1597 3724 1680 3771 ter

631 3808 870 3847 novenae
927 3797 1185 3861 virgines,
1247 3798 1434 3860 terque
1485 3796 1678 3846 noveni

630 3873 810 3935 pueri,
855 3884 946 3921 sex
982 3873 1142 3922 totius
1176 3872 1324 3922 chori
1356 3870 1517 3921 veluti
1553 3883 1680 3934 par-

631 3948 739 4002 tes;
795 3958 859 3994 ex
912 3957 1061 3995 more
1117 3948 1368 3996 Romano.
1432 3947 1536 3996 Liv.
1582 3945 1673 4004 27,

633 4019 722 4068 37:
762 4020 1038 4070 Decrevere
1052 4022 1359 4085 -poneificcg
1383 4025 1440 4070 ut
1459 4021 1682 4084 viraines

632 4098 708 4143 ter
746 4106 969 4144 novenae
1006 4108 1101 4156 per
1142 4095 1316 4145 urbem
1357 4101 1525 4146 euntes
1555 4108 1680 4146 cao·-

630 4181 743 4219 men
791 4174 1045 4218 cancrent.
1099 4169 1191 4230 3⁴,
1247 4170 1338 4219 ⁴2:
1402 4170 1681 4221 Decemviri

632 4257 697 4295 ex
731 4242 869 4293 libris
902 4241 1208 4307 (Sibyllinis)
1241 4270 1270 4281 —
1292 4270 1320 4281 ·
1342 4257 1545 4296 cannen
1565 4272 1594 4282 -
1616 4244 1681 4295 ab

1750 1568 2017 1617 iussa-unt.
2076 1593 2130 1602 —
2183 1567 2335 1616 tectas
2360 1592 2390 1602 -
2416 1566 2605 1628 castos]
2656 1566 2803 1616 Haec

1754 1640 1860 1691 duo
1907 1640 2142 1692 ἐπίθετα
2187 1653 2358 1704 aeque
2404 1638 2473 1689 ad
2514 1641 2802 1704 utrumque

1754 1727 1945 1765 sexum
1976 1715 2262 1780 pertinent.
2333 1714 2465 1765 Esse
2513 1714 2657 1764 enim
2701 1713 2803 1764 de-

1753 1788 1957 1840 bebant
1998 1802 2062 1839 ex
2104 1788 2447 1839 confarreatis
2488 1786 2803 1852 parentibus

1754 1864 1939 1927 geniti,
1984 1864 2269 1929 patriciae,
2319 1864 2464 1912 certe
2498 1863 2800 1913 senatoriae

1755 1939 1953 2002 stirpis,
1991 1951 2055 1987 ac
2089 1936 2246 1988 simul
2281 1930 2666 2001 ἀμφιθαλεῖς,
2702 1949 2804 2001 pa-

1752 2013 1893 2064 trimi
1928 2016 1982 2063 et
2017 2013 2265 2065 matrimi.
2327 2012 2432 2063 Cir.
2461 2014 2590 2062 Acta
2631 2011 2798 2062 Fratr.

1753 2089 1876 2139 Arv.
1902 2089 1959 2138 Τ.
1986 2088 2067 2139 32.
2104 2101 2155 2137 v.
2186 2089 2275 2137 ⁴7:
2311 2087 2510 2138 Prssms.
2546 2098 2798 2137 armni.

1750 2174 1832 2212 ετ.
1852 2175 2111 2214 numus.
2137 2174 2445 2213 sauream.
2471 2172 2642 2212 arms.
2669 2161 2802 2210 item

1751 2250 1838 2288 vv.
1877 2234 2059 2300 Sibyll.
2098 2237 2179 2287 24.

1816 2311 1960 2362 9-42.
2018 2312 2156 2361 Alme
2206 2310 2308 2374 Sol]
2360 2309 2463 2361 Csr.
2516 2306 2803 2360 formulam

1749 2386 1878 2437 iuris
1937 2384 2145 2436 iurandi
2209 2383 2430 2448 Philippi
2487 2396 2595 2434 cos.
2657 2383 2803 2448 apud

1749 2461 1901 2512 Diod.
1957 2462 2253 2524 Fragment.
2306 2457 2459 2511 Dind.
2498 2471 2618 2523 pag.
2670 2459 2798 2510 ⁴28:

1734 2529 1984 2602 Ὄμνυμι
2017 2533 2121 2587 τὸν
2155 2532 2263 2585 Δία
2293 2530 2398 2584 τὸν
2431 2528 2801 2584 Καπιτωλιον

1751 2612 1848 2661 καὶ
1890 2606 1998 2676 τὴν
2035 2603 2267 2660 Ἑστίαν
2299 2605 2405 2673 τῆς
2443 2602 2665 2672 Ῥιόιιης
2697 2607 2800 2657 καὶ

1750 2681 1854 2735 τὸν
1917 2679 2183 2756 πατρῷον
2243 2677 2425 2748 αὐτῆς
2472 2675 2644 2753 ’Ἄρην
2697 2682 2800 2731 καὶ

1750 2755 1875 2810 τὸν
1908 2760 2270 2846 γέναρχον
2292 2749 2528 2808 ’Ἥλιον
2560 2757 2662 2807 καὶ
2691 2752 2803 2820 τὴν

1752 2829 2034 2905 εὐεργέτιν
2066 2827 2226 2897 ζώων
2257 2847 2320 2883 τε
2341 2833 2441 2883 καὶ
2462 2828 2660 2893 φυτῶν
2681 2827 2803 2896 Γῆν

1753 2910 1828 2972 (C.
1863 2911 1913 2959 S.
1940 2922 1993 2958 v.
2019 2909 2141 2972 29.,)
2180 2901 2265 2958 ἔτι
2297 2905 2361 2959 δὲ
2393 2902 2530 2968 τοὺς
2561 2907 2798 2968 κτίστας

1750 2984 2168 3050 γεγενημένους
2228 2977 2336 3047 τῆς
2385 2977 2605 3046 Ῥώμης
2660 2975 2800 3046 ἧμι-

1751 3058 1925 3120 θέους
1980 3058 2079 3107 καὶ
2132 3052 2271 3120 τοὺς
2321 3051 2798 3120 συναυξῆσαντας

1752 3128 1859 3198 τὴν
1888 3127 2203 3198 ἡγεμονίαν
2234 3125 2417 3196 αὐτῆς
2449 3122 2643 3200 ἥρωας
2675 3127 2795 3179 κτλ.

1757 3234 1811 3243 -
1863 3211 1906 3256 A
1954 3207 2125 3269 poetis
2184 3209 2391 3255 mature
2443 3202 2694 3268 Apollinis
2746 3205 2801 3252 et

1753 3279 1887 3332 Solis
1929 3293 2129 3331 numen
2168 3281 2221 3329 in
2255 3291 2422 3329 unum
2457 3278 2799 3328 coniunctum

1752 3357 1850 3405 est.
1889 3355 1975 3404 Sic
1998 3354 2282 3417 Scythinus
2306 3353 2461 3403 Teius
2494 3351 2637 3415 apud
2659 3349 2794 3401 Plut.

1753 3428 1820 3479 de
1856 3429 2077 3490 Pythiae
2112 3440 2254 3477 orac
2287 3427 2344 3476 Τ.
2371 3428 2419 3476 2
2449 3439 2504 3490 p.
2530 3425 2656 3477 402:
2691 3426 2803 3489 Ζη-

1751 3498 1854 3564 νὸς
1877 3497 2101 3567 εὐειδὴς
2127 3496 2439 3562 Ἀπόλλων,
2476 3497 2671 3550 πᾶσαν
2692 3492 2801 3568 ἀρ-

1752 3576 1866 3642 χὴν
1899 3578 1999 3628 καὶ
2031 3575 2195 3638 τέλος
2227 3571 2557 3636 Συλλαβών,
2593 3568 2717 3634 εχει
2736 3571 2801 3624 δὲ

1751 3647 2018 3722 λαμπρὸν
2064 3648 2350 3721 πλῆκτρον
2397 3645 2563 3715 ἡλίου
2618 3645 2796 3711 φάος.

1749 3725 2053 3778 Notandum
2095 3726 2275 3777 Martis
2318 3737 2495 3789 neque
2540 3725 2594 3774 in
2625 3735 2795 3773 verse.

1751 3798 2019 3862 Sibyllinis
2083 3812 2258 3863 neque
2316 3799 2460 3862 apud
2526 3796 2799 3847 Horatium

1751 3872 1913 3923 ullam
1947 3874 2274 3941 mentionem
2307 3871 2451 3933 fieri,
2498 3871 2620 3922 ideo
2654 3870 2800 3934 quod

1751 3946 2103 4011 pacificatoris
2138 3959 2362 3996 munere
2397 3945 2540 4009 mugi
2586 3943 2802 3994 volebat

1753 4023 2038 4086 Augustus.
2114 4048 2167 4055 —-
2235 4020 2458 4083 Pr0mis]
2515 4019 2801 4081 Dionysius

1753 4098 1946 4159 Hymn.
2003 4096 2054 4145 in
2111 4092 2277 4159 Apoll.
2330 4093 2414 4143 ed.
2465 4090 2800 4143 Bellermann

1751 4183 1805 4234 p.
1843 4170 1932 4220 26:
1990 4168 2260 4233 Ποταμοὶ
2301 4164 2362 4216 δὲ
2405 4167 2576 4217 σέθεν
2618 4160 2802 4234 πυρὸς

1751 4237 2054 4313 ἀμβρότου
2133 4243 2436 4295 Τίκτουσιν
2512 4234 2801 4309 ἐπήρατον
