3234 4975
622 352 750 417 296

1388 353 1648 404 HORATII
1681 353 2018 405 CARMINUM

961 511 1168 596 Leges
1212 507 1538 583 sinebant,
1586 507 1825 595 oppida
1870 505 2131 595 publico

1045 630 1315 716 Sumptu
1360 628 1656 695 iubentes
1702 639 1767 694 et
1810 628 2083 694 deorum

1127 749 1390 838 Templa
1431 771 1601 816 novo
1647 749 1961 816 decorare
2004 771 2181 817 saxo.

619 994 720 1045 per
751 979 1062 1042 synaeresin
1096 977 1156 1028 fit
1199 976 1558 1041 trisyllabum,
1608 979 1668 1026 ut

619 1053 791 1106 Manil.
829 1054 885 1115 ⁴,
924 1053 1045 1104 ⁴80:
1090 1053 1227 1102 Nam
1246 1065 1406 1115 neque
1435 1052 1669 1115 renuitas

615 1132 757 1178 ortus
771 1126 1083 1191 surgentibus
1102 1127 1254 1176 astris
1276 1129 1378 1176 eet.
1405 1126 1555 1176 Idem
1576 1139 1668 1175 va-

618 1201 694 1252 let
715 1201 782 1252 de
806 1214 892 1250 w.
917 1201 1195 1263 qratut'tus,
1225 1200 1430 1262 pituita.
1473 1201 1535 1250 Ut
1556 1200 1661 1261 hic,

618 1274 892 1326 Phaedrus
924 1276 983 1335 2,
1030 1273 1090 1335 4,
1139 1274 1196 1326 4:
1249 1276 1362 1325 Post
1398 1275 1668 1338 fortuitum

615 1349 735 1412 seles
753 1348 1129 1398 contubmium
1151 1351 1254 1399 cet.
1280 1374 1335 1384 -
1357 1349 1432 1398 Ex
1448 1350 1552 1398 hoc
1576 1348 1669 1410 igi-

618 1424 708 1473 tur
739 1423 971 1486 caespite
1004 1420 1178 1470 ubivis
1213 1421 1370 1472 obvio
1401 1421 1668 1472 faciebant

617 1498 819 1560 antiqui
851 1496 1044 1561 partim
1077 1497 1308 1559 parietes
1342 1498 1396 1546 et
1434 1494 1663 1546 culmina

622 1574 887 1622 tectorum
922 1570 1078 1635 (virg.
1117 1568 1225 1620 Ecl.
1261 1571 1317 1631 ⁴,
1355 1570 1443 1620 69:
1493 1570 1668 1633 tuguri

622 1651 908 1710 congestum
938 1646 1153 1706 caespite
1185 1644 1396 1693 culmen.
1446 1644 1530 1694 Sic
1562 1645 1669 1693 Ro-

618 1719 749 1769 muli
783 1731 907 1769 oasa
949 1718 1257 1769 stramentis
1301 1718 1468 1777 tecta;
1521 1716 1664 1779 Virg.

619 1795 751 1843 Aen.
778 1793 834 1853 8,
862 1790 983 1843 654:
1015 1791 1346 1853 Romwoque
1365 1803 1534 1840 recens
1553 1790 1670 1839 hor-

617 1867 762 1917 rebat
791 1867 938 1929 reqia
969 1864 1189 1926 culum.);
1225 1865 1415 1928 partim
1446 1862 1574 1913 alios
1598 1863 1668 1912 ad

620 1952 751 1991 usus
770 1937 1112 1999 adhibebant,
1132 1937 1292 1988 veluti
1312 1937 1380 1987 ad
1397 1949 1518 1986 aras
1536 1940 1671 1986 tem·-

625 2014 882 2079 porarias.
904 2013 1031 2061 Stat.
1048 2012 1142 2062 Th.
1158 2014 1189 2061 2
1206 2051 1218 2073 ,
1248 2011 1373 2062 246:
1403 2024 1671 2074 pauperes

623 2087 777 2138 litant
791 2087 1005 2147 caespite
1019 2087 1170 2147 nude,
1191 2085 1334 2148 quod
1353 2085 1672 2135 incredibili-

621 2164 707 2211 ter
729 2161 1025 2224 exponunt:
1064 2158 1284 2209 «farre».
1327 2158 1511 2209 Tibull.
1537 2161 1587 2220 2,
1613 2161 1662 2219 ὃ,

622 2235 713 2285 99:
766 2234 830 2284 At
871 2234 964 2283 sibi
1007 2234 1213 2296 quisquo
1254 2234 1404 2296 dapes
1443 2239 1490 2283 et
1518 2234 1673 2297 [estas

621 2313 845 2359 exstruet
877 2308 976 2358 alte
1006 2306 1307 2369 caespitibus
1333 2319 1531 2357 mansas
1550 2321 1671 2357 cao—

618 2383 919 2445 spitibusque
951 2386 1132 2431 torum.
1180 2382 1372 2432 Contra
1398 2382 1525 2432 satis
1548 2394 1672 2445 per-

623 2470 782 2509 verse
826 2455 910 2507 alii
946 2456 1271 2521 interpretati
1314 2458 1439 2507 sunt
1482 2456 1549 2507 de
1584 2457 1666 2516 iis,

623 2534 714 2596 qui
747 2531 849 2582 sub
885 2531 972 2580 dio
1000 2530 1149 2580 humi
1184 2544 1244 2580 se
1267 2533 1512 2581 sternunt
1533 2533 1672 2596 apri-

623 2607 841 2656 cationis
873 2602 959 2654 vel
994 2603 1374 2655 meridiationis
1397 2619 1577 2656 causa.
1609 2633 1665 2642 -

623 2680 877 2730 Ceterum
938 2679 992 2727 in
1057 2690 1124 2728 eo
1179 2691 1340 2728 nemo
1396 2678 1664 2740 haerebit,

622 2754 766 2817 quod
801 2753 868 2802 de
898 2750 1091 2802 talibus
1113 2750 1346 2815 legibuS,
1386 2766 1525 2816 quae
1550 2766 1671 2803 cae-

621 2828 757 2892 spite
793 2829 846 2876 in
878 2826 1095 2890 privatis
1144 2826 1424 2886 aedificiis,
1479 2828 1532 2876 in
1565 2840 1669 2890 pu-

618 2900 772 2951 blicis
805 2912 934 2950 vero
975 2898 1240 2963 lapidibus
1284 2901 1360 2948 uti
1394 2900 1666 2962 iuberent,

622 2972 749 3025 nihil
781 2986 921 3023 nunc
965 2975 1198 3032 constan
1248 2986 1374 3023 nam
1415 2976 1573 3037 poeta
1615 2974 1671 3024 id

577 3083 606 3096 ..
620 3050 824 3098 tantum
848 3047 1129 3110 spectavit,
1163 3048 1224 3095 ut
1244 3046 1416 3096 vivida
1439 3048 1667 3109 imagine

621 3122 832 3187 priscae
882 3121 1020 3170 vitae
1073 3117 1462 3183 simplicitatem
1513 3120 1669 3172 nobis

621 3207 754 3260 prae
783 3191 949 3244 oculis
983 3196 1224 3258 poneret,
1261 3197 1319 3244 ut
1341 3194 1488 3244 Ovid.
1527 3195 1666 3245 Fast.

623 3269 682 3330 ⁴,
719 3268 841 3318 203:
882 3268 1074 3332 (prisco
1109 3268 1367 3331 tempore)
1393 3269 1671 3318 Frondibus

623 3341 897 3402 omabant,
936 3353 1065 3402 quae
1097 3354 1230 3391 nunc
1264 3342 1510 3404 Capitolia
1529 3356 1672 3406 yem-

619 3416 746 3478 mis,
791 3415 1124 3477 Pascebatquo
1165 3429 1285 3466 suas
1324 3417 1428 3478 ipse
1470 3423 1674 3467 senator

621 3503 750 3541 ove-3.
787 3491 890 3540 Nec
915 3491 1085 3553 pudor
1109 3489 1170 3540 in
1202 3491 1387 3552 stipula
1411 3491 1672 3552 placidam

617 3565 802 3631 cepisse
833 3566 1072 3630 quietem,
1123 3566 1227 3617 Noc
1268 3566 1470 3630 foenum
1513 3568 1672 3630 capiti

2709 754 2794 817 20

1739 978 2049 1039 supposuisse
2077 977 2176 1041 ficit
2208 980 2333 1038 cet.;
2372 980 2533 1042 atque
2569 990 2794 1028 eonsue-

1739 1051 1979 1102 tudinem
2013 1064 2300 1115 moresque
2335 1052 2581 1117 antiquos
2612 1053 2789 1116 potius

1738 1126 1973 1189 respexit
2020 1139 2184 1189 quam
2234 1125 2381 1190 leges
2430 1128 2674 1192 scriptas.
2728 1153 2784 1163 -

1739 1199 1947 1263 oppida]
2014 1212 2198 1250 muros
2252 1202 2572 1264 praesertim
2628 1202 2790 1264 atque

1739 1273 1978 1322 aedificia
2012 1272 2245 1337 publica.

1803 1347 1884 1396 20.
1927 1346 2141 1410 Templa]
2180 1348 2411 1397 «Caesar
2449 1348 2785 1408 Octavianus,

1734 1424 1958 1469 vetor-mn
1990 1420 2155 1483 legum
2187 1425 2369 1480 tenax,
2418 1434 2467 1471 a.
2505 1422 2620 1471 726.
2659 1434 2791 1471 een-

1741 1505 1923 1542 suram
1946 1505 2109 1556 agens
2133 1494 2299 1545 aedes
2322 1507 2503 1545 sacras
2526 1497 2790 1546 vetustate

1741 1564 1999 1630 collapsas
2051 1570 2143 1617 aut
2189 1568 2436 1618 incendio
2478 1568 2791 1633 absumptas

1740 1641 1951 1701 refecit,
1999 1653 2200 1705 easque
2236 1644 2290 1691 et
2324 1645 2531 1692 ceteras
2566 1641 2792 1706 opulen-

1740 1715 1957 1765 tissimis
1994 1713 2148 1765 donis
2184 1715 2486 1778 adornavit,
2525 1716 2788 1766 referente

1741 1788 1993 1837 Suetonio
2036 1789 2217 1838 OctaV.
2253 1790 2369 1839 30.»
2430 1792 2655 1851 Fiunt,
2698 1790 2791 1853 qui

1741 1861 1865 1911 hinc
1900 1864 2049 1911 recte
2074 1861 2290 1925 colligit,
2331 1864 2523 1914 eodem
2549 1862 2634 1914 illo
2657 1867 2792 1914 tem-

1742 1948 1873 1998 pore
1896 1937 2000 1985 hoc
2023 1949 2240 1987 carmen
2267 1939 2622 2001 compositum
2646 1951 2784 1988 esse.

1748 2035 1803 2044 —
1848 2023 1977 2058 novo
2019 2011 2256 2060 decorare
2295 2011 2448 2075 saxo]
2495 2025 2723 2063 «recens
2757 2026 2787 2061 e

1743 2080 2036 2145 lapicidinis
2087 2086 2265 2135 exciso
2310 2086 2379 2136 ad
2425 2086 2623 2150 templa
2659 2100 2790 2136 con-

1742 2158 2056 2208 struenda.»
2126 2161 2241 2210 Non
2289 2160 2471 2222 video,
2527 2174 2622 2211 cur
2666 2174 2790 2211 cum

1744 2231 1950 2282 Handio
1997 2232 2077 2285 ad.
2112 2236 2270 2284 Gron.
2316 2235 2478 2285 Diatr.
2526 2237 2574 2286 4.
2611 2250 2664 2301 p.
2703 2235 2784 2284 76.

1743 2305 2075 2370 interpretari
2111 2307 2435 2358 debeamus:
2476 2310 2660 2370 «miro,
2698 2309 2791 2358 ad-

1742 2381 2013 2443 mirande,
2050 2381 2195 2445 quod
2224 2383 2528 2433 inusitatam
2550 2382 2789 2446 speciem

1743 2454 2017 2520 decusque
2063 2455 2278 2507 habet.»
2346 2458 2481 2508 Nam
2528 2455 2691 2507 multa
2735 2461 2790 2510 et

1742 2531 2109 2592 antiquissima
2161 2532 2314 2580 erant
2352 2532 2406 2581 in
2447 2530 2591 2581 ltalia
2626 2543 2788 2595 opera

1743 2616 1773 2653 e
1808 2605 1948 2654 saxis
1978 2607 2301 2664 constructa,
2338 2606 2477 2655 muri
2510 2604 2579 2656 illi
2603 2603 2790 2669 Cyclo-

1741 2678 1831 2743 pii,
1872 2677 2109 2741 Capitolii
2143 2678 2591 2741 substructiones,
2642 2679 2787 2729 cloa-

1743 2764 1806 2801 ca
1840 2753 2095 2813 maxima,
2151 2753 2486 2804 emissarium
2518 2752 2665 2804 lacus
2697 2752 2789 2803 Al-

1742 2826 1868 2876 bani
1903 2828 2027 2888 cet„
2065 2826 2201 2876 adeo
2224 2829 2284 2876 ut
2312 2827 2570 2892 templum
2595 2841 2624 2877 e
2648 2828 2787 2878 saxis

1743 2900 2013 2964 quadratis
2080 2900 2419 2950 aedificatum
2486 2902 2788 2952 inusitatam

1743 2975 1979 3037 speciem
2025 2974 2112 3023 vix
2144 2974 2431 3039 praeberet
2474 2975 2659 3038 primis
2692 2975 2789 3024 tri-

1742 3047 1845 3098 bus
1896 3047 2048 3099 Urbis
2105 3048 2316 3099 seculis·
2388 3050 2639 3099 Ceterum
2689 3048 2783 3098 cfr.

1744 3122 1852 3172 Cic.
1889 3135 1987 3186 pro
2023 3122 2209 3172 Flacco
2246 3124 2333 3172 42:
2386 3123 2519 3173 Haec
2560 3123 2696 3172 ratio
2726 3135 2789 3171 ae

1740 3196 2035 3260 magnitudo
2084 3197 2372 3245 animorum
2417 3198 2472 3245 in
2513 3196 2791 3246 maioribus

1741 3270 1925 3320 nostris
1941 3270 2066 3334 ficit,
2101 3275 2176 3331 ut,
2202 3283 2317 3320 cum
2336 3270 2391 3319 in
2406 3270 2624 3331 privatis
2643 3270 2791 3319 rebus

1741 3345 1940 3406 suisque
1990 3344 2263 3406 sumptibus
2313 3345 2519 3393 minimo
2574 3345 2789 3393 comanti

1743 3417 2026 3468 unitissimo
2060 3418 2197 3467 cultu
2216 3418 2465 3478 viverent,
2502 3418 2556 3467 in
2577 3418 2786 3479 imperio

1743 3498 1894 3554 atque
1925 3492 1980 3540 in
2006 3491 2212 3553 publica
2244 3492 2486 3555 diqnitate
2516 3493 2688 3541 munia
2719 3493 2788 3542 ad

1740 3567 1960 3632 gloriam
1991 3566 2396 3628 splendor-mque
2426 3570 2733 3617 revocarent.
