3234 4975
625 370 748 432 650

1430 374 1685 424 nonu-11
1725 375 1979 447 Epopon

1393 833 2035 896 cmu-

958 1004 1195 1068 Beatus
1242 1001 1377 1076 ille,
1425 1003 1536 1089 qui
1584 1001 1813 1088 procul
1857 1002 2169 1088 negotiiS‚

1046 1122 1123 1189 Ut
1167 1123 1378 1208 prisca
1423 1141 1581 1208 gens
1627 1121 2033 1198 mortalium,

958 1246 1230 1308 Paterna
1275 1264 1425 1308 rura
1469 1241 1682 1308 bobus
1727 1254 1985 1309 exercet
2029 1244 2201 1316 suis,

1044 1363 1303 1430 Solutus
1351 1364 1522 1429 omni
1569 1362 1822 1438 fenore,

750 1543 811 1591 li.
852 1543 1015 1593 inser.
1052 1541 1190 1606 voig.
1225 1542 1382 1607 Alfius
1414 1541 1501 1592 vel
1535 1542 1713 1592 Oratio
1745 1542 1876 1606 Ami.
1920 1569 1975 1578 —-
2022 1543 2182 1592 Vitam
2217 1543 2565 1607 apricolarum
2596 1558 2732 1595 nmi-

690 1629 779 1666 ma
811 1617 1173 1679 tranquillitate
1205 1630 1379 1667 rev-mn
1410 1623 1716 1669 wemmam
1743 1618 2061 1680 persequitur
2093 1618 2150 1668 Β.
2203 1645 2256 1654 -
2317 1618 2568 1669 ιαικίωόο
2598 1621 2733 1669 vitae

686 1691 905 1741 rusticae
937 1703 983 1741 c.
1025 1717 1083 1727 —
1121 1691 1169 1741 3.
1206 1691 1362 1742 bubus
1393 1690 1545 1754 Sd‚i...

687 1848 748 1898 11.
801 1846 1011 1898 inducit
1041 1845 1265 1908 Alfium,
1311 1847 1669 1898 feneratorem
1746 1847 1976 1899 situdine
2010 1847 2245 1911 quadam
2277 1847 2468 1901 indolis
2501 1862 2633 1900 suae
2667 1862 2795 1901 coa-

621 1920 942 1971 ditissimum
978 1919 1145 1982 (cuius
1184 1921 1510 1971 mentionem
1544 1921 1673 1971 facit

622 1995 782 2044 etiam
819 1990 1108 2044 Columella
1139 1994 1193 2055 4,
1220 1994 1278 2055 7,
1303 1995 1364 2043 2:
1423 1994 1505 2046 Vel
1536 1995 1672 2056 opti-

620 2081 710 2117 ma
776 2068 984 2117 nomina
1044 2080 1144 2117 non
1206 2068 1506 2130 appellando
1557 2069 1672 2133 fleri

619 2141 761 2191 nula
790 2141 1045 2204 [οηοναιον
1074 2142 1233 2206 Alfius
1279 2143 1465 2193 dimisso
1508 2144 1672 2193 veris-

620 2217 743 2272 sime
769 2213 1002 2279 fertum),
1056 2216 1254 2280 optima
1299 2216 1404 2268 fide
1451 2217 1671 2282 praedi-

624 2291 836 2340 cantem
882 2288 1288 2340 innumerabilia
1332 2292 1472 2342 vitae
1507 2292 1670 2343 rusti-

622 2377 717 2414 cae
739 2363 930 2427 gaudia
952 2377 1018 2414 ac
1039 2363 1256 2416 delicias
1278 2381 1289 2424 ς
1328 2366 1526 2429 optima
1543 2405 1555 2426 ,
1592 2367 1673 2415 in-

623 2450 805 2502 quam.
830 2437 965 2498 fide;
993 2439 1193 2489 namin
1214 2438 1430 2503 singulis
1449 2439 1670 2504 quidem

623 2513 902 2564 sententiis
936 2511 1080 2563 nulla
1111 2514 1251 2563 inest
1282 2514 1540 2582 εἰρωνεία
1559 2550 1574 2576 ,
1612 2516 1672 2563 ut

620 2588 767 2637 ratus
802 2589 887 2638 est
918 2600 1188 2637 nonnemo
1221 2588 1416 2651 partim
1449 2590 1670 2652 propter

619 2674 672 2710 V.
698 2661 779 2711 48.
804 2698 817 2723 ,
875 2663 1071 2725 partim
1104 2663 1326 2725 propter
1358 2660 1668 2725 frugalitatis

621 2734 807 2785 laudes
856 2749 944 2786 vv.
981 2735 1062 2785 49.
1119 2748 1289 2799 usque
1329 2734 1398 2784 ad
1438 2749 1489 2785 v.
1543 2736 1664 2796 60.,

620 2822 757 2872 quas
790 2808 1076 2860 feneratori
1119 2809 1296 2860 minus
1339 2811 1666 2859 convenien-

622 2884 704 2932 tes
753 2881 988 2932 rebatur.
1079 2881 1154 2945 (id
1212 2895 1378 2933 unum
1439 2882 1667 2933 fortasse

621 2955 846 3005 concedi
873 2958 1098 3019 poterat,
1135 2954 1386 3006 blandam
1422 2970 1551 3007 sane
1586 2956 1669 3007 te-

622 3030 855 3078 neratori
896 3030 1010 3079 ditis
1053 3031 1228 3079 domus
1268 3043 1320 3080 v.
1358 3031 1439 3080 65.
1479 3031 1669 3093 imagi-

622 3115 747 3152 nem
784 3102 925 3152 haud
960 3103 1175 3153 omnino
1209 3105 1466 3173 εἰρωνείᾳ
1499 3104 1668 3155 desti-

622 3178 792 3226 tutam
825 3187 973 3237 esse,
1011 3177 1112 3226 etsi
1143 3177 1247 3227 hoc
1279 3191 1495 3240 quoque
1530 3190 1669 3242 opu-

621 3249 872 3301 lentiores
944 3249 1144 3312 quique
1207 3251 1392 3301 rustici
1445 3252 1667 3302 Romani

621 3322 789 3374 libere
823 3337 888 3375 ac
930 3324 1045 3375 sine
1079 3324 1329 3374 avaritiae
1364 3326 1666 3388 suspicione

619 3397 964 3462 pronuntiare
983 3399 1264 3462 poterant.)
1288 3399 1488 3449 Verum
1511 3399 1669 3469 εἰρω-

618 3472 745 3523 νεία
776 3473 1027 3535 quattuor
1058 3471 1280 3523 demum
1320 3471 1517 3524 ultimis
1549 3486 1669 3522 ver·

620 3545 799 3598 siculis
846 3545 1031 3598 festive
1082 3546 1374 3598 admodum
1418 3550 1474 3597 et
1506 3541 1666 3616 παρὰ

620 3617 973 3691 προσδοκίαν
1005 3621 1306 3685 prorumpit
1334 3634 1541 3685 nosque
1565 3620 1667 3671 do-

618 3697 708 3746 cet
754 3695 808 3744 in
860 3708 925 3744 eo
976 3708 1084 3745 uno
1136 3694 1441 3746 elaborasse
1494 3697 1667 3745 Hora-

619 3770 776 3830 tium,
832 3771 891 3819 ut
932 3769 1202 3820 hominem
1249 3768 1332 3820 vel
1375 3771 1666 3821 etiamtunc

618 3844 889 3893 viventem
911 3841 996 3892 vel
1022 3856 1085 3893 ex
1109 3844 1342 3894 recentis
1370 3845 1664 3894 memoriae

619 3916 987 3967 recordatione
1033 3917 1284 3969 omnibus
1317 3918 1445 3968 satis
1477 3920 1665 3968 notum

619 3988 899 4040 ridiculum
941 3989 1210 4042 redderet.
1270 3992 1502 4053 Etenim,
1540 4004 1665 4042 cum

621 4065 837 4114 iamiam
870 4066 921 4115 in
957 4078 1024 4115 eo
1058 4069 1231 4127 esset,
1267 4069 1327 4117 ut
1358 4068 1438 4117 tot
1471 4068 1667 4117 tantas-

624 4151 728 4202 que
779 4136 1078 4203 voluptates
1144 4140 1278 4190 sacili
1343 4153 1507 4204 opera
1562 4138 1664 4190 sibi

621 4214 862 4279 pararet,
898 4210 1043 4262 velut
1074 4213 1290 4275 invitus,
1341 4213 1437 4265 sed
1472 4227 1666 4266 neces-

1746 1923 1894 1984 ctus,
1932 1921 2068 1974 illico
2090 1923 2160 1972 ad
2181 1923 2460 1987 pristinam
2493 1922 2625 1974 lucri
2649 1925 2797 1988 cupi-

1745 1993 1966 2046 ditatem
1990 1995 2130 2045 redit
2159 1995 2446 2047 fenerator.
2510 1998 2797 2047 «Nalm-am

1742 2070 1964 2131 &opella-s
1975 2070 2144 2132 furca,
2164 2074 2333 2121 tamen
2347 2084 2503 2130 usque
2516 2075 2755 2122 memet.
2765 2089 2793 2115 ι

1742 2142 1929 2193 Audivi
1991 2141 2301 2206 aliquando,
2377 2145 2469 2207 qui
2523 2143 2793 2208 epilogum

1742 2214 1890 2266 illum
1937 2230 1968 2266 a
2012 2219 2170 2280 poeta
2213 2216 2454 2268 additum
2488 2231 2648 2280 aegre
2685 2219 2793 2269 rer—

1745 2293 1853 2350 ret,
1892 2291 2027 2341 miro
2060 2293 2246 2355 utique
2282 2292 2512 2351 iudicio;
2566 2304 2690 2341 nam
2725 2305 2792 2342 eo

1742 2366 1955 2415 resecto
2007 2377 2113 2414 non
2164 2365 2491 2417 haberemus
2535 2366 2633 2415 nisi
2676 2365 2792 2415 lau-

1745 2437 1875 2488 dum
1900 2439 2038 2489 vitae
2064 2439 2296 2490 rusticae
2328 2439 2793 2505 amplificationem

1744 2512 2098 2574 rhetoricam,
2155 2515 2269 2564 sine
2313 2513 2532 2565 consilio
2582 2527 2646 2565 ac
2685 2515 2791 2565 fine

1743 2586 2110 2649 decantatam,
2148 2588 2395 2637 Vanierio
2428 2601 2494 2639 ac
2527 2591 2792 2641 Gessnero

1741 2673 1873 2710 sane
1910 2672 2070 2723 quam
2108 2662 2323 2711 Horatio
2374 2661 2686 2724 digniorem.
2731 2689 2785 2698 —

1741 2734 1980 2784 imitatus
2030 2747 2152 2784 esse
2187 2735 2292 2785 boc
2325 2747 2543 2785 carmen
2578 2735 2791 2786 videtur

1743 2807 1989 2861 Martialis
2011 2809 2060 2869 3,
2086 2809 2167 2859 58.
2193 2810 2475 2874 (Scriptum
2498 2813 2647 2875 putat
2662 2814 2791 2861 Gro-

1743 2882 1922 2934 tet'end
1940 2896 1988 2933 a.
2005 2897 2058 2933 u.
2082 2883 2220 2943 7⁴9„
2241 2884 2445 2934 Franke
2465 2897 2513 2933 a.
2531 2898 2584 2934 u.
2602 2899 2648 2935 c.
2669 2884 2784 2936 724.

1742 2957 2065 3008 Lachmanni
2103 2959 2424 3009 sententiam
2462 2959 2701 3022 excerpsi
2734 2959 2788 3008 in

1742 3031 1980 3081 Excursu
2015 3031 2077 3093 1.)
2234 3083 2239 3091 ,

1808 3104 1950 3155 4-4.
1985 3105 2212 3169 negotiis]
2261 3106 2497 3156 «cunctis
2530 3106 2670 3156 vitae
2702 3120 2789 3157 ui*

1743 3177 1915 3229 banae
1940 3177 2226 3230 molestiis»
2241 3217 2253 3239 ,
2292 3179 2614 3243 quibuscum
2637 3192 2788 3231 com-

1740 3255 1987 3317 paratum
2020 3254 2381 3315 gratissimum
2404 3254 2605 3305 exsistit
2625 3267 2787 3304 omne

1741 3338 1878 3390 opus
1944 3327 2218 3378 rusticum.
2283 3354 2338 3363 —
2400 3328 2577 3389 prisca
2640 3327 2784 3391 qens]

1741 3413 1901 3451 aurea
1937 3399 2021 3452 illa
2056 3404 2220 3452 aetas.
2268 3426 2323 3439 -—
2376 3403 2595 3452 Paterna
2634 3403 2782 3463 nera]

1743 3488 1921 3538 «quae
2001 3490 2109 3526 non
2187 3475 2546 3540 emptionibus
2629 3479 2784 3526 aucta

1740 3550 1889 3608 sunt,
1958 3549 2054 3599 sed
2110 3563 2139 3599 a
2188 3551 2339 3613 patre
2393 3552 2448 3599 et
2495 3549 2789 3600 maioribus

1740 3622 2035 3675 hereditate
2085 3625 2227 3675 beato
2279 3624 2347 3674 illi
2392 3624 2634 3675 tradita.»
2700 3624 2787 3674 Sic

1745 3697 1889 3761 apud
1945 3697 2291 3749 Columellam
2349 3698 2517 3749 Praei.
2581 3698 2636 3758 4,
2691 3697 2781 3747 43ε

1741 3772 2083 3823 Cincinnatus
2139 3774 2209 3823 ad
2263 3777 2504 3835 quattuor
2555 3772 2789 3835 iuuenem

1739 3846 1929 3895 «wilm
1993 3846 2297 3896 herediolum
2360 3846 2443 3907 (ex
2507 3845 2785 3906 dictatura)

1740 3919 1912 3969 rediit.
1966 3944 2023 3956 -
2077 3918 2299 3983 azareel]
2355 3918 2613 3981 «subigit,
2651 3920 2783 3979 arat,

1740 3993 1969 4055 propriis
1996 3994 2174 4042 tamen
2196 3991 2373 4042 bobus
2390 4030 2403 4052 ,
2441 4004 2547 4041 non
2571 3989 2784 4040 aliunde

1740 4066 2068 4116 conductis.»
2103 4066 2244 4132 Virg.
2272 4065 2363 4115 Ge.
2392 4066 2413 4114 4
2436 4102 2447 4125 ,
2474 4063 2568 4113 99:
2615 4065 2786 4114 Exer-

1738 4145 1907 4202 cetque
1948 4140 2180 4203 frequens
2220 4138 2445 4189 tellurem
2489 4143 2640 4200 atque
2686 4138 2786 4187 im-

1733 4219 1883 4276 perat
1906 4214 2059 4264 ansis.
2096 4212 2176 4264 lb.
2203 4214 2261 4272 2,
2288 4211 2413 4263 356:
2447 4224 2620 4274 presso
2642 4224 2789 4262 arev·—
