3234 4975
1213 383 1332 433 Lm.
1368 385 1406 433 1.
1479 383 1537 435 C.
1575 383 1794 435 xxxin.

2514 382 2623 447 181

801 538 1014 614 Quam
1058 538 1230 624 turpi
1261 536 1503 605 Pholo'e
1546 550 1778 626 peccet
1820 538 2131 606 adultero.

800 658 907 724 Sic
951 659 1166 724 visum
1209 659 1474 735 Veneri,
1522 661 1626 727 cui
1672 659 1886 748 placet
1931 661 2211 748 impares
2557 662 2634 727 10

804 780 1071 845 Formas
1115 788 1310 866 atque
1356 780 1606 846 animos
1652 779 1775 847 sub
1821 781 1972 868 iuga
2014 789 2219 849 aenea

971 899 1187 966 Saevo
1232 901 1486 968 mittere
1530 922 1679 969 cum
1722 902 1884 970 ioco.

795 1060 1018 1146 Ipsum
1061 1078 1198 1136 me,
1246 1057 1476 1125 melior
1520 1080 1670 1127 cum
1712 1070 1966 1148 peteret
2009 1062 2253 1136 Venus,

794 1180 988 1247 Grata
1030 1179 1307 1246 detinuit
1347 1180 1669 1268 compede
1713 1181 1982 1270 Myrtale

2548 1304 2627 1369 15

790 1299 1148 1377 Libertina,
1196 1301 1372 1368 fretis
1416 1302 1633 1369 acrior
1675 1302 1955 1371 Hadriae

582 1519 662 1568 10.
698 1519 912 1580 &upon-is
942 1518 1008 1580 T,
1046 1519 1250 1582 inpares
1282 1531 1330 1568 c.
1374 1544 1429 1554 —
1468 1519 1548 1569 ⁴2.
1583 1518 1699 1569 Ioco
1732 1519 1787 1569 F.
1829 1545 1883 1556 —
1923 1520 2002 1569 ⁴5.
2038 1520 2227 1570 Ado-tao
2260 1520 2310 1570 d.

452 1717 665 1755 amores
699 1708 861 1769 atque
896 1704 1116 1756 dissidia
1151 1705 1292 1755 canit
1320 1703 1503 1754 Tibul-

451 1776 535 1829 lus
571 1779 625 1839 1,
663 1780 711 1829 8.
755 1806 809 1814 -
846 1779 1035 1842 Apulis]
1073 1776 1221 1829 Falsa
1256 1780 1340 1828 est
1362 1777 1503 1827 mul-

1574 1706 1841 1767 servituti,
1880 1707 1939 1755 ut
1972 1704 2245 1756 claudian.
2279 1707 2437 1757 Cons.
2465 1706 2620 1757 Proh.

1573 1780 1630 1828 81
1655 1793 1666 1827 :
1716 1780 1795 1829 hic
1836 1780 1925 1830 sub
1957 1782 2082 1844 iuya
2111 1781 2283 1843 ferrea
2312 1782 2465 1831 nuttie
2497 1782 2624 1831 Cor-

450 1853 626 1902 torum
662 1852 901 1902 doctrina
932 1856 1136 1917 poetas,
1174 1864 1297 1902 cum
1327 1854 1499 1915 prima
1570 1854 1800 1915 nipedes;
1851 1868 1953 1905 nec
1999 1869 2131 1908 vero
2182 1868 2307 1906 cum
2359 1854 2623 1906 nonnullis

448 1927 705 1989 producta
749 1925 912 1977 velint
944 1929 1046 1986 uti,
1095 1928 1365 1990 geminare
1400 1925 1495 1976 litt.
1573 1928 1911 1990 cogitandum
1969 1929 2037 1980 de
2094 1944 2244 1981 more
2297 1928 2383 1980 illo
2432 1928 2624 1980 bellico

444 2014 520 2062 μ,
563 2002 713 2051 cuius
747 2001 965 2064 quidem
1000 2002 1368 2064 geminationis
1401 2014 1500 2051 ve·
1572 2001 1811 2053 devictos
1862 2003 2046 2055 hostes
2098 2004 2414 2068 ignominiae
2462 2016 2625 2054 causa

448 2077 597 2139 stigia
633 2077 686 2126 iu
721 2074 867 2127 libris
901 2077 1133 2141 optimae
1175 2079 1332 2127 notae
1367 2089 1500 2128 nus-
1567 2076 1657 2125 sub
1689 2078 1864 2140 iuquam
1895 2078 2138 2128 mittendi.

447 2162 611 2214 quam
657 2153 931 2215 apparent.
1021 2151 1126 2202 Cir.
1176 2153 1327 2202 Mart.
1371 2153 1493 2215 Lag.

449 2223 519 2274 ad
553 2226 748 2275 Lucan.
785 2225 843 2285 2,
881 2225 1004 2275 608:
1040 2225 1208 2287 Apula
1238 2240 1385 2275 rura.

511 2299 558 2347 8.
596 2298 886 2362 Iungentur]
924 2300 1032 2350 Cir.
1068 2298 1233 2363 Epod.
1275 2300 1363 2361 16,
1410 2299 1493 2350 30.

445 2373 711 2436 Aristoph.
764 2374 819 2423 in
870 2374 1007 2423 Pace
1053 2387 1103 2423 v.
1154 2373 1308 2424 ⁴076:
1365 2374 1496 2445 πρὶν

446 2461 546 2497 κεν
608 2443 785 2510 λύκος
848 2443 939 2498 οἶν
996 2441 1280 2513 ὑμεναιοῖ.
1351 2448 1490 2512 Virg.

443 2520 553 2572 Ecl.
599 2523 656 2583 8,
703 2523 794 2572 27:
848 2524 1124 2587 Iungentur
1165 2524 1271 2573 iam
1314 2537 1498 2587 grypes

442 2608 597 2658 eques.

508 2671 555 2720 9.
585 2671 770 2735 peccel]
809 2684 962 2721 «sese
998 2671 1160 2722 dedat
1195 2673 1363 2734 Cyro,
1402 2675 1493 2736 qui

441 2746 609 2808 turpis
643 2746 691 2795 ei
726 2744 962 2807 videtur,
1010 2745 1292 2810 laedatque
1328 2746 1493 2797 fidem

442 2817 526 2868 alii
572 2819 815 2869 datam.»
866 2847 922 2857 -
968 2821 1174 2871 Adulter
1217 2823 1397 2871 autem
1433 2825 1492 2871 ut

441 2892 538 2944 Od.
577 2896 632 2955 1,
681 2894 771 2954 36,
823 2895 911 2945 18;
964 2909 1054 2945 noc
1095 2897 1327 2946 Damalis
1362 2912 1491 2947 novo

438 2968 714 3017 Divellimur
751 2968 995 3019 adultero.
1067 2969 1163 3019 Od.
1204 2971 1261 3031 1,
1306 2972 1398 3033 25,
1436 2972 1484 3021 9.

437 3043 666 3092 moechus
699 3045 782 3093 est
814 3042 959 3092 idem
995 3043 1138 3106 quod
1173 3048 1398 3095 amator.

506 3117 686 3166 10.11.
708 3116 968 3166 δίευίενηι
990 3118 1485 3182 VenoriJOvid.Met.

440 3191 498 3251 1,
536 3191 657 3240 366:
712 3191 990 3240 Sicvistom
1022 3193 1242 3254 super-ix
1295 3193 1363 3243 de
1399 3206 1491 3244 re-

437 3264 567 3325 bus,
607 3277 745 3327 quae
770 3263 1083 3316 mortalibus
1105 3268 1283 3317 minus
1307 3269 1488 3331 gratae

437 3341 577 3389 sunt.
620 3366 675 3375 —
714 3339 942 3398 «Venus,
980 3354 1119 3404 quae
1155 3340 1371 3391 crudele
1396 3340 1492 3391 ob-

436 3412 820 3463 lectamentum
845 3427 910 3463 ex
934 3414 1036 3464 hoc
1059 3416 1178 3466 ioco
1201 3415 1303 3466 sibi
1326 3429 1493 3479 quae-

436 3489 532 3549 rit,
580 3488 817 3538 incendit
863 3492 918 3539 et
960 3502 1140 3540 mares
1179 3493 1233 3540 et
1266 3489 1490 3540 feminas

437 3561 726 3619 amoribus,
771 3575 1000 3625 quorum
1034 3567 1255 3627 propter
1287 3565 1493 3613 animo-

436 3648 557 3685 rum
592 3640 646 3687 et
678 3637 971 3687 formarum
1006 3637 1487 3689 dissimilitudinem

437 3708 611 3761 nullus
655 3713 741 3761 est
780 3724 1066 3763 successus
1108 3725 1210 3762 nec
1257 3712 1484 3774 fructuS,

438 3785 615 3847 itaque
663 3798 757 3835 eos
802 3788 985 3836 ament
1029 3798 1253 3837 necesse
1295 3789 1401 3846 est,
1456 3800 1487 3837 a

438 3857 632 3921 quibus
666 3871 770 3909 non
806 3858 1212 3910 redamentur.»
1255 3860 1359 3912 Csr.
1387 3861 1485 3911 Od.

435 3930 484 3992 3,
522 3931 583 3991 9,
622 3933 707 3981 ⁴7:
760 3935 916 3995 Quid,
952 3935 1198 3996 sipi-isca
1227 3936 1359 3984 rodit
1396 3935 1488 3985 Vo-

433 4018 529 4054 nus
546 4006 882 4069 Diductosque
903 4009 1022 4072 iugo
1052 4009 1183 4072 cogit
1204 4007 1401 4059 abaco?
1426 4036 1483 4045 —

434 4079 547 4128 Hoc
582 4092 799 4143 quoque
828 4080 945 4132 loco
966 4083 1058 4132 sub
1078 4084 1253 4146 iugum
1274 4085 1487 4133 aeneum

396 4191 407 4200 .
434 4155 629 4204 mittere
667 4155 927 4218 significat
964 4157 1200 4208 subdere
1234 4159 1357 4221 iugo
1391 4158 1486 4207 fir-

436 4228 673 4281 missimo
729 4242 794 4280 ac
851 4231 1166 4283 durissimae
1234 4232 1485 4283 addicere

1638 2179 1716 2228 ⁴2.
1771 2179 1895 2243 ioco]
1944 2180 2058 2228 Non
2097 2180 2270 2230 «deus
2302 2180 2512 2241 Iocus»,
2561 2182 2623 2229 ut

1570 2252 1666 2302 Od.
1707 2253 1763 2313 1,
1801 2254 1859 2313 2,
1898 2252 1986 2304 34:
2044 2256 2207 2316 Quam
2246 2254 2389 2303 Iocus
2428 2254 2621 2303 circum

1565 2329 1703 2377 volat
1736 2333 1783 2376 et
1816 2328 2023 2390 Cupide,
2061 2330 2115 2378 et
2146 2330 2251 2379 iam
2287 2327 2429 2392 apud
2463 2326 2620 2378 Plau-

1569 2403 1682 2451 tum
1705 2402 1899 2451 Baccb.
1929 2403 1975 2463 1,
2001 2404 2052 2464 2,
2079 2403 2134 2453 8:
2161 2396 2332 2465 Amor,
2361 2404 2615 2465 Voluptas,

1571 2477 1758 2538 Venutii,
1818 2477 2076 2538 Venusto-³,
2133 2476 2410 2537 Gaudium,
2455 2476 2615 2538 Iocus,

1565 2553 1764 2614 LuduS,
1841 2553 2044 2612 Semo,
2118 2552 2288 2601 suavis
2359 2552 2616 2610 savinum·

1567 2624 2025 2690 quemadmodum
2049 2627 2465 2688 interpretantur
2481 2638 2618 2675 non-

1564 2700 1695 2751 nulli
1744 2701 1847 2750 boc
1896 2712 2111 2763 quoque
2163 2698 2280 2748 loco
2323 2700 2436 2749 Ioco
2482 2699 2618 2749 scri-

1563 2774 1785 2832 benteS,
1823 2773 1920 2825 sed
1956 2775 2038 2823 est
2075 2771 2311 2832 «lusus»,
2350 2775 2408 2822 ut
2440 2771 2535 2822 Od.
2563 2772 2613 2831 3,

1563 2850 1657 2911 27,
1695 2849 1781 2897 67:
1827 2848 2076 2911 Per-fidum
2107 2847 2275 2896 fidens
2321 2847 2417 2896 Ven
2481 2885 2498 2907 ‚
2534 2873 2616 2884 --

1560 2924 1648 2974 ubi
1681 2923 1799 2972 lusit
1829 2922 1953 2972 satis
1985 2923 2088 2971 cet.
2151 2921 2244 2984 (De
2278 2934 2380 2970 usu
2412 2933 2464 2969 v.
2501 2934 2616 2970 cum

1563 3000 1659 3052 cfr.
1697 2999 1850 3049 Hand
1884 3000 2034 3049 Turs.
2069 2999 2132 3049 11.
2167 3010 2223 3062 p.
2263 2997 2395 3059 158.)

1630 3101 1809 3153 13.14.
1835 3102 2004 3152 «Cum
2022 3101 2124 3151 dea
2135 3100 2315 3151 Venus
2329 3112 2417 3151 me
2429 3112 2613 3150 amore

1560 3176 1771 3242 puellae
1800 3176 2035 3227 melioris
2057 3174 2370 3225 incenderet
2392 3177 2447 3224 et
2471 3175 2523 3225 in
2547 3187 2614 3224 eo

1562 3265 1742 3303 essem
1760 3290 1772 3312 ,
1834 3254 1894 3301 ut
1950 3249 2207 3313 Myrtalen
2252 3248 2613 3312 relinquerem

1563 3330 1710 3377 cet.»
1781 3328 1841 3377 Η.
1898 3328 2113 3376 Ρεειικ.
2168 3326 2289 3376 Siue
2345 3325 2608 3387 imagine:

1562 3402 1732 3451 «Cum
1765 3398 2028 3465 probioris
2050 3397 2259 3463 puellae
2286 3410 2469 3447 amore
2505 3399 2613 3447 iam

1561 3475 1805 3526 saucium
1848 3474 2045 3524 iactum
2090 3486 2179 3523 me
2222 3474 2504 3531 sentirem,
2557 3472 2613 3521 in

1561 3549 1816 3599 servitute
1863 3550 2043 3597 tamen
2092 3560 2180 3597 me
2223 3547 2437 3596 retinuit
2467 3546 2614 3609 prior

1561 3635 1772 3672 amor.»
1821 3649 1877 3658 -
1912 3620 2158 3683 compede]
2195 3622 2253 3669 ut
2286 3620 2381 3670 Od.
2421 3618 2478 3681 4,
2519 3620 2606 3678 11,

1559 3685 1651 3747 2⁸3:
1690 3701 1912 3757 tenetque
1932 3701 2089 3761 qrata
2111 3696 2350 3757 Compede
2368 3694 2605 3745 vincenam.

1565 3799 1621 3808 -
1656 3770 1892 3834 Myrtale]
1923 3769 2432 3833 Frequentissimum
2455 3767 2614 3819 liber-

1559 3847 1790 3896 tinarum
1837 3858 2033 3894 nomeu
2066 3845 2120 3894 in
2153 3843 2605 3909 Inscriptionibus.

1559 3918 1693 3969 Vide
1729 3917 2043 3967 Bentleium.

1627 4012 1706 4060 15.
1762 4011 1905 4072 fretis
1957 4011 2145 4076 aci-ior]
2204 4009 2481 4061 «mobilior
2527 4014 2610 4060 at-

1560 4097 1666 4147 que
1734 4083 2037 4134 iracundior
2101 4084 2607 4150 (anthr-amendam»

1557 4158 1655 4283 gd.
1692 4157 1753 4245 3,
1802 4158 1858 4218 9,
1897 4158 1986 4209 23:
2041 4159 2266 4223 &inprobo
2315 4160 2611 4210 iracundior
2655 4243 2660 4248 ἡ
