3234 4975
647 389 728 454 42

1417 391 1676 441 HORATII
1704 391 2038 443 CARMINUM

1109 549 1342 635 Sperat
1384 546 1645 613 nescius
1689 565 1886 612 aurae

1236 667 1523 736 Fallacis.

1611 667 1859 744 Miseri,
1905 664 2143 754 quibus

1066 839 1376 903 Intentata
1417 833 1613 902 nites!
1660 834 1761 900 Me
1804 831 2021 900 tabula
2064 852 2253 899 sacer

1064 958 1285 1025 Votiva
1327 958 1543 1045 paries
1587 953 1828 1021 indicat
1869 953 2064 1021 uvida

1231 1076 1663 1166 suspendisse
1706 1075 1949 1165 potenti

2721 1076 2801 1140 ⁴5

1356 1199 1747 1266 Vestimenta
1786 1197 1984 1265 maris
2029 1195 2174 1264 deo.

775 1401 853 1450 43.
890 1401 1186 1461 sumptam
1207 1398 1312 1449 bSe
1346 1402 1400 1448 et
1435 1412 1499 1448 ex
1532 1398 1636 1448 hac
1670 1398 1930 1462 scriptura
1964 1398 2298 1459 interpretata
2331 1397 2388 1446 T.
2435 1425 2486 1432 —
2526 1396 2604 1448 ⁴4.
2643 1397 2738 1445 hn—

707 1477 847 1525 mida
879 1476 1128 1538 quattuor
1160 1477 1325 1534 Pott.,
1364 1472 1541 1524 Aldus.

642 1666 692 1701 v.
734 1653 812 1701 49.
846 1679 899 1688 -
936 1665 1098 1702 aurae
1126 1651 1340 1714 fallacis]
1380 1649 1587 1700 «vafrae
1615 1649 1692 1700 le-

642 1727 815 1776 vitatis
848 1728 1008 1790 atque
1032 1726 1429 1785 inconstantiae,
1472 1737 1610 1787 quae
1635 1725 1687 1774 te

643 1814 861 1865 semper
881 1799 1100 1864 impellit
1121 1799 1189 1850 ad
1213 1798 1370 1849 alium
1394 1810 1687 1862 rursusque

643 1875 804 1925 alium
837 1873 1234 1924 irretiendum.»
1302 1874 1386 1924 Sic
1419 1887 1554 1923 aura
1589 1886 1690 1935 po-

635 1949 860 2012 pulari-v,
900 1949 1070 2009 favor,
1119 1948 1210 2012 qui
1243 1948 1374 2000 levis
1407 1961 1570 1999 aurae
1604 1949 1690 1997 in-

644 2027 756 2075 star
797 2036 1014 2087 semper
1054 2026 1302 2073 mutatur.
1383 2024 1491 2074 Cic.
1532 2024 1684 2072 Verr.

644 2100 767 2149 Ace.
824 2099 873 2159 4,
928 2098 1009 2157 43,
1054 2097 1142 2147 35:
1197 2097 1288 2147 sibi
1329 2110 1514 2148 auram
1547 2110 1691 2159 posse

645 2172 871 2234 aliquam
903 2172 1086 2237 amare
1105 2199 1135 2209 -
1156 2199 1185 2209 -
1205 2172 1475 2222 voluntatis
1495 2185 1684 2222 somn.

643 2246 789 2296 Ovid.
829 2250 945 2297 Am.
983 2248 1032 2308 2,
1059 2247 1107 2306 9,
1134 2247 1227 2297 33:
1266 2248 1459 2297 incerta
1491 2247 1691 2309 Cupidi-

643 2322 724 2371 πίε
754 2335 904 2371 aura.

713 2396 794 2446 43.
830 2395 1099 2460 Intentata]
1138 2395 1413 2446 «nondum
1450 2397 1686 2459 spectata

645 2471 880 2534 satisque
904 2470 1163 2534 cognita.»
1191 2497 1247 2507 —
1271 2469 1411 2534 nites]
1438 2468 1686 2534 «pulchra

643 2548 699 2596 et
719 2544 962 2595 amabilis
983 2545 1231 2595 videris.»
1248 2573 1302 2580 —-
1317 2545 1689 2610 semetipsum

640 2619 803 2670 veluti
819 2619 1131 2682 naufragum
1165 2633 1227 2670 ex
1260 2618 1526 2680 fluctibu8‚
1561 2621 1692 2682 Pyr-

642 2696 773 2745 rhae
807 2708 1048 2746 amorem
1080 2696 1166 2744 vix
1202 2694 1419 2744 tandem
1453 2696 1687 2746 evasisse

644 2768 830 2820 festivo
854 2782 977 2819 cum
1000 2771 1116 2819 ioco
1141 2768 1281 2819 dicit.
1343 2769 1499 2832 «Ego,
1525 2782 1689 2832 quem

642 2848 699 2893 tu
750 2846 947 2895 misere
999 2844 1281 2908 decepisti,
1341 2845 1411 2894 ita
1466 2847 1526 2894 ut
1573 2844 1688 2907 spei

643 2930 798 2968 meae
834 2920 886 2968 te
926 2918 1133 2969 fruendi
1165 2917 1324 2968 veluti
1360 2917 1689 2981 naufragium

644 2992 886 3053 fecerim,
912 2991 1004 3041 tibi
1030 3005 1271 3043 amorem
1293 2993 1346 3043 in
1368 2994 1688 3057 perpetuum

642 3067 965 3125 renuntiavi;
1005 3080 1108 3117 non
1144 3069 1324 3116 tamen
1359 3067 1458 3127 ita,
1501 3067 1559 3115 ut
1592 3065 1688 3116 tibi

644 3142 807 3191 iratus
841 3140 994 3190 sim.»
1054 3139 1306 3191 solebant
1337 3142 1517 3190 autem
1552 3152 1689 3189 nau-

643 3215 770 3278 fragi
806 3215 857 3264 in
891 3216 1117 3279 Neptuni
1152 3218 1245 3266 aut
1282 3214 1414 3266 alius
1447 3215 1534 3265 dei
1568 3227 1689 3265 ma-

641 3289 742 3338 rini
766 3288 988 3339 delubro
1012 3288 1188 3354 aliquo
1223 3290 1384 3354 (sacer
1397 3289 1588 3354 panos)
1613 3293 1691 3340 ta-

641 3362 824 3414 bulam
855 3365 1086 3414 votivam
1121 3379 1226 3415 una
1250 3378 1371 3416 cum
1396 3366 1688 3416 vestimen-

640 3439 725 3501 tis,
761 3439 815 3489 in
839 3438 1033 3503 quibus
1051 3442 1202 3490 erant
1219 3440 1431 3500 servati,
1458 3452 1688 3505 suspen-

641 3514 786 3565 dere.
824 3515 963 3578 Virg.
1003 3517 1130 3565 Aen.
1161 3516 1238 3575 42,
1271 3515 1395 3564 766:
1434 3515 1688 3564 For-tosa-

1760 1661 1845 1698 cer
1875 1650 2049 1699 Fauno
2079 1648 2215 1713 soliis
2244 1649 2454 1698 oleaster
2483 1649 2677 1698 aman-is
2714 1648 2806 1697 Hic

1759 1728 1984 1784 steterat,
2041 1723 2212 1773 nmis
2258 1723 2377 1772 olim
2414 1722 2694 1773 venerabile
2740 1722 2806 1771 li-

1759 1811 1942 1861 qmom:
1994 1798 2193 1847 Servati
2232 1810 2301 1846 σω
2338 1797 2487 1846 undis
2524 1797 2609 1846 ubi
2653 1798 2808 1860 figere

1762 1873 1898 1921 dona
1929 1871 2149 1922 solebant
2181 1870 2423 1920 Laurenti
2453 1871 2568 1920 divo
2600 1876 2647 1921 οι
2665 1874 2808 1919 vocas

1760 1947 2054 2008 suspendam
2083 1950 2252 1995 vestes.
2311 1944 2573 1994 Diodorus
2612 1945 2663 1993 in
2697 1947 2807 1994 An-

1762 2018 1987 2082 thologia
2023 2017 2129 2069 Pal.
2162 2020 2198 2068 l.
2223 2031 2278 2082 p.
2305 2019 2427 2068 266·
2464 2017 2806 2105 Καρπαθίην

1761 2087 1861 2145 ὅτε
1881 2088 2089 2156 νυκτὸς
2109 2085 2226 2142 ἅλα
2240 2092 2603 2164 στρέψαντος
2619 2086 2805 2158 ἀήτου

1761 2167 2013 2219 Λαίλαπι
2046 2162 2305 2253 Βοῤῥαίη
2339 2166 2592 2220 κλασθὲν
2625 2164 2807 2218 ἐσεῖδε

1760 2244 1950 2315 κέρως,
1967 2236 2196 2307 Εῧξατο
2212 2258 2366 2330 κηρα
2380 2237 2601 2310 φυγών,
2620 2237 2807 2293 Βοιώ-

1761 2332 1879 2380 τιε,
1932 2319 2032 2369 σοί
2079 2332 2181 2384 με,
2233 2314 2452 2389 Κάβειρ
2453 2332 2481 2368 ε
2521 2317 2804 2378 Δέσποτα,

1760 2395 2066 2483 χειμερίης
2086 2386 2317 2458 ἄνθεμα
2348 2390 2656 2458 ναυτιλίης,
2686 2384 2807 2462 Ἀρ-

1760 2464 1961 2535 τήσειν
2025 2460 2218 2535 ἁγίοις
2284 2463 2417 2518 τόδε
2473 2463 2690 2518 λώπιον
2742 2466 2807 2519 ἐν

1762 2542 2138 2630 προπυλαίοις
2168 2541 2459 2609 Διογένης·
2494 2536 2724 2605 ἀλέκοις
2755 2538 2803 2590 δ’

1761 2613 1924 2690 ἇνερι
1956 2620 2056 2669 καὶ
2089 2619 2306 2683 πενίην.

1830 2693 1908 2745 44.
1972 2692 2141 2758 uvida]
2194 2691 2327 2742 Olim
2366 2691 2574 2740 humida
2611 2704 2676 2741 ex
2715 2704 2807 2742 so-

1760 2768 1849 2819 lita
1885 2768 2160 2832 utriusque
2192 2764 2439 2816 vocabuli
2477 2764 2801 2825 confusione,

1762 2857 1867 2908 qua
1923 2843 1991 2893 de
2056 2842 2456 2892 accuratissime
2522 2839 2807 2904 disputavit

1759 2920 1995 2982 Wagner
2027 2917 2093 2968 ad
2129 2917 2270 2979 Virg.
2309 2918 2400 2967 Ge.
2439 2916 2488 2976 4,
2524 2914 2637 2965 448.

1826 2993 1905 3043 46.
1956 2993 2274 3055 <impotens
2303 2991 2481 3051 maria,
2527 2991 2586 3039 ut
2616 2987 2711 3038 od.
2753 2989 2800 3048 4,

1761 3067 1810 3129 3,
1848 3068 1904 3116 ⁴:
1959 3067 2096 3117 Diva
2119 3072 2298 3128 potens
2329 3065 2497 3128 cypri.
2556 3091 2611 3100 —
2663 3065 2806 3113 Inter

1762 3141 1955 3193 multas
1977 3142 2204 3205 Neptuni
2237 3142 2513 3204 imagines,
2550 3151 2687 3202 quae
2711 3150 2805 3188 su-

1760 3218 1980 3282 persunt
2006 3216 2141 3279 (vide
2166 3215 2250 3266 vel
2275 3215 2430 3267 Millin
2452 3214 2652 3276 nmtltol.
2679 3213 2806 3263 Gal-

1760 3290 1926 3356 leria),
1983 3291 2241 3355 imprimis
2287 3287 2634 3340 memorabile
2677 3287 2804 3337 mihi

1761 3379 1977 3431 semper
2008 3367 2182 3416 visum
2217 3368 2300 3415 est
2339 3367 2498 3429 caput
2530 3365 2646 3415 eius
2678 3362 2805 3412 her-

1760 3440 1844 3491 bis
1893 3441 2110 3490 marinis
2161 3439 2466 3490 redimitum
2519 3440 2571 3487 in
2624 3435 2805 3487 Miiller

1759 3514 1966 3565 Donkm.
2006 3515 2042 3564 1.
2082 3514 2127 3564 4.
2167 3516 2227 3564 N.
2267 3513 2378 3565 434.

1350 3832 2077 3892 Excunsus

1578 3968 1845 4017 AnC.V.

736 4085 868 4135 Hinc
905 4097 1027 4134 oum
1067 4085 1325 4149 incipiant
1356 4089 1545 4150 poetae
1580 4099 1793 4138 amores
1838 4100 1960 4137 cum
2012 4086 2216 4147 seliceS,
2265 4087 2378 4136 tum
2424 4085 2682 4147 infelices,
2728 4085 2804 4136 le-

639 4169 769 4220 ctori
807 4170 1170 4233 maximopere
1206 4170 1525 4221 commendo
1558 4170 1792 4222 Teuffelii
1812 4210 1824 4233 ,
1880 4170 2111 4222 doctoris
2144 4168 2520 4233 Tuhingensis‚
2559 4170 2802 4221 festivum

638 4252 954 4318 opusculum
1004 4254 1082 4303 De
1132 4253 1387 4304 amoribus
1434 4254 1634 4305 Horatii
1687 4254 1833 4316 (Jahn
1870 4256 1932 4305 N.
1980 4252 2286 4303 Jahrbiicher
2326 4254 2501 4317 Suppl.
2539 4255 2623 4305 VI.
2661 4255 2708 4304 3.
2747 4267 2799 4318 p.
