3234 4975
671 375 796 439 470

1440 375 1696 425 HORATII
1732 375 2069 427 CARmNUM

1002 532 1141 596 Non
1186 538 1562 615 sumptuosa
1603 528 1903 595 blandior
1948 528 2157 596 hostia

1086 649 1349 716 Mollivit
1390 669 1657 716 aversos
1699 651 1973 718 Penates

796 849 877 898 49.
913 846 1123 898 mollibit
1152 846 1376 907 be,LCt,
1420 845 1630 897 Mollirit
1672 845 1933 908 Cuningh.
1972 858 2001 894 e
2038 845 2169 896 Cod.
2207 847 2425 908 Gogav.,
2462 848 2592 898 item
2624 862 2763 898 uuus

730 925 894 983 Feae,
950 923 1084 973 Pott.
1122 921 1179 982 7,
1216 921 1265 971 8.
1319 921 1397 983 (Ut
1428 932 1556 979 nos,
1595 920 1688 980 ST,
1723 936 1774 980 ν,
1810 933 1894 984 pr.
1930 935 1993 980 κ,
2038 920 2328 982 Cruquiani
2359 923 2495 981 tres,
2554 923 2759 972 Bersm.

729 1011 896 1057 unus,
935 995 1101 1047 Pulm.
1141 997 1198 1046 et
1229 994 1414 1046 Gitanii
1444 1006 1612 1054 unus,
1651 995 1786 1044 Pott.
1826 992 2029 1054 ceteri.)

662 1176 744 1236 τί,
796 1172 944 1224 velut
985 1173 1162 1235 plenus
1213 1173 1334 1235 (Sat.
1375 1172 1432 1230 2,
1473 1171 1534 1229 2,
1581 1168 1705 1233 43.),

1781 1169 1926 1230 Esco,
1973 1174 2030 1218 ut
2059 1181 2226 1219 vacua
2254 1182 2437 1219 manta
2468 1184 2620 1220 aram
2651 1174 2827 1237 totiqu-

661 1250 841 1298 avidus
864 1247 978 1311 (οἀ.
1006 1248 1054 1308 4,
1091 1247 1173 1307 28,
1207 1246 1329 1308 48.),
1367 1246 1422 1294 et
1451 1244 1629 1307 ipsum
1651 1256 1703 1292 v.
1779 1244 1874 1292 rit:
1908 1248 2198 1305 sumptuosa
2227 1244 2389 1293 hostia
2413 1244 2827 1308 (nominatarum

662 1322 899 1372 inmunis
951 1322 1152 1370 omisso
1210 1332 1269 1369 «a
1318 1316 1593 1368 laboribus
1644 1329 1708 1367 ac

661 1394 1073 1446 certaminibus»
1098 1393 1242 1458 apud
1268 1394 1389 1443 Sen.
1419 1393 1575 1443 Herc.
1601 1391 1702 1441 rur.

658 1470 781 1520 2⁴6:
834 1469 1078 1530 numquid
1107 1468 1343 1518 imnmnis
1370 1467 1468 1530 fuit
1497 1466 1710 1530 Infimis

663 1541 935 1607 (Herculis)
972 1541 1175 1593 aeta-W:
1229 1543 1307 1591 sic
1339 1540 1443 1590 hoc
1488 1552 1705 1604 quoque

660 1617 781 1668 loco
816 1618 1108 1680 genitivum
1142 1614 1227 1665 vel
1261 1614 1552 1665 ablativum
1574 1613 1708 1663 omi-

660 1693 730 1743 sit
750 1693 996 1742 Horatius
1012 1728 1024 1750 ,
1058 1690 1217 1742 nimis
1242 1691 1421 1739 certus
1441 1686 1705 1738 lectorum

661 1768 933 1816 neminem
957 1764 1323 1815 dubitaturum
1346 1763 1415 1812 de
1438 1761 1707 1824 significa-

659 1841 831 1901 tione,
875 1852 1013 1903 quae
1048 1838 1147 1889 alia
1181 1850 1302 1889 esse
1337 1837 1521 1900 nequit
1540 1849 1705 1899 quam

662 1914 975 1974 «innocens,
1014 1913 1246 1963 insons.»
1282 1910 1514 1974 (Pur-mn,
1553 1904 1705 1973 quasi

659 2000 748 2037 me
791 1987 1145 2047 refutaturus,
1199 1987 1578 2050 interpretatus
1622 1987 1708 2035 est

660 2060 887 2112 Liibker.
958 2060 1063 2111 Sed
1115 2061 1245 2124 quid
1293 2059 1511 2110 tandem
1562 2058 1705 2110 aliud

657 2133 956 2196 volebami)
981 2136 1097 2185 Non
1121 2135 1265 2185 enim
1280 2135 1528 2185 Horatius
1550 2146 1708 2197 prae-

658 2209 791 2259 vidit
839 2207 979 2269 fore,
1038 2211 1098 2258 ut
1143 2207 1426 2271 aliquando
1472 2207 1706 2272 explica-

661 2284 808 2333 rent:
869 2283 1021 2332 «sine
1072 2283 1286 2344 hostiis,
1339 2296 1566 2344 vacua»,
1617 2281 1705 2333 vel

660 2356 806 2421 quod
838 2358 993 2421 peius
1027 2359 1187 2409 etiam
1233 2360 1343 2419 est,
1399 2370 1598 2408 «vacua
1633 2356 1702 2408 ab

659 2445 824 2497 opere
859 2432 1084 2494 rustico,
1121 2431 1358 2482 feriata.»
1386 2460 1441 2468 -
1467 2433 1704 2496 opponi-

658 2508 748 2555 tur
770 2502 996 2577 πονηροὶ
1019 2508 1162 2576 χείρ.
1217 2506 1528 2569 Eurip.10n.
1553 2505 1699 2556 ⁴3⁴5:

660 2573 795 2630 οὐδὲ
826 2576 937 2651 γὰρ
969 2577 1187 2645 ψαύειν
1207 2578 1388 2630 καλὸν
1411 2577 1571 2630 Θεῶν
1593 2595 1704 2629 πο-

658 2650 843 2725 νηρὰν
874 2660 1056 2725 χεῖρα.
1098 2683 1154 2692 -
1190 2656 1233 2705 si
1265 2656 1444 2720 tetigit]
1490 2656 1614 2705 thus
1649 2657 1705 2705 et

656 2726 857 2779 molam
879 2729 1077 2780 salsam
1099 2729 1359 2789 offerens;
1394 2723 1699 2799 ἀορίστως,

655 2804 901 2866 perpetui
970 2804 1225 2867 temporis
1282 2804 1664 2865 significatione
1687 2843 1699 2867 ,

658 2889 823 2938 quam
843 2890 950 2927 non
974 2879 1328 2940 agnoscentes
1349 2878 1561 2927 mollivit
1580 2891 1706 2927 mu-

657 2952 839 2999 tarunt
870 2951 924 2999 in
955 2951 1186 3010 mollirit,
1236 2949 1321 3000 alii
1352 2952 1506 3015 peius
1542 2952 1704 3002 etiam

658 3023 711 3073 in
742 3023 965 3073 mollibit.

726 3096 806 3146 48.
852 3097 968 3146 Non
999 3097 1302 3162 sumptuosa]
1335 3099 1535 3149 Veram
1569 3112 1705 3148 con-

660 3170 1008 3221 structionem
1058 3172 1197 3221 hanc
1247 3173 1516 3223 existimo:
1572 3175 1706 3223 «ln»-

658 3244 826 3293 munis
853 3257 1036 3294 manus
1073 3246 1282 3296 mollivit
1313 3260 1512 3297 aversos
1540 3249 1707 3297 Pona-

659 3323 731 3368 tes
760 3318 905 3382 farre
928 3320 1019 3381 pio
1041 3325 1087 3371 οι
1105 3321 1241 3370 mica
1260 3321 1405 3382 salis,
1441 3336 1542 3371 non
1566 3322 1708 3373 blan-

661 3393 775 3442 dior
809 3392 1026 3455 (futura,
1065 3392 1257 3456 oblata)
1292 3400 1581 3457 sumptuosa
1612 3397 1705 3446 Ιιο-

659 3467 757 3516 stia
791 3466 1042 3530 (ablat.)»;
1079 3470 1133 3518 et
1165 3471 1313 3519 recte
1348 3470 1455 3520 iam
1488 3470 1706 3521 Lambi-

660 3553 762 3591 nus
796 3540 1122 3605 explanavit:
1170 3542 1361 3595 «nihilo
1400 3547 1600 3608 gratior
1641 3545 1704 3595 iis

659 3614 835 3666 futura
876 3630 976 3681 per
1014 3621 1387 3682 sumptuosam
1420 3620 1702 3671 hostiam.»

657 3688 800 3742 Alias
849 3696 1246 3756 proposuerunt
1294 3693 1419 3744 has:
1474 3693 1519 3756 4)
1557 3695 1706 3744 «Non

656 3765 868 3815 mollivit
904 3765 1136 3817 blandior
1179 3764 1459 3831 (blandius)
1504 3780 1707 3818 aversos

656 3839 860 3891 Penates
910 3840 1071 3891 hostia
1129 3845 1422 3903 sumptuosa
1478 3840 1702 3905 (ablat.)

659 3925 824 3976 quam
876 3913 1020 3977 saeve
1065 3916 1205 3977 pio.»
1271 3916 1320 3979 2)
1379 3915 1471 3965 «Si
1523 3928 1706 3965 manus

656 3986 892 4037 &momnis
925 3988 1167 4053 (innoxia)
1202 4002 1354 4040 aram
1385 3988 1567 4053 totiyit,
1611 3988 1705 4040 ho-

657 4060 757 4109 stia
777 4066 1068 4123 sumptuosa
1095 4064 1386 4127 (nominat.)
1410 4077 1510 4113 non
1535 4065 1703 4127 magis

657 4134 871 4185 mollivit
909 4149 1109 4187 aversos
1145 4138 1374 4198 Penates,
1423 4151 1576 4200 quam
1615 4139 1705 4209 [ar

652 4209 858 4271 plump·
904 4206 988 4259 vel
1024 4211 1084 4261 ut
1116 4210 1383 4263 Bentleius
1429 4209 1698 4264 similiter:

1778 1317 1988 1366 mollivit
2017 1319 2221 1368 Ρεηαιοε
2241 1317 2472 1367 blandior
2498 1319 2643 1382 sarra
2665 1320 2780 1381 ρέος
2800 1341 2825 1365 n

1779 1391 1826 1454 3)
1865 1392 1951 1441 «Si
1982 1405 2163 1440 manus
2198 1392 2435 1441 immunis
2466 1406 2496 1442 a
2531 1393 2827 1444 sceleribus

1778 1466 1936 1529 teligit
1951 1479 2102 1516 aram
2115 1471 2404 1528 sumptuosa
2422 1467 2585 1517 hostia
2606 1465 2824 1530 (ablat),

1778 1553 1841 1589 ea
1869 1552 2053 1589 manus
2081 1554 2183 1590 non
2212 1540 2422 1590 mollivit
2443 1554 2644 1592 aversos
2664 1543 2828 1592 Pona-

1778 1617 1849 1662 ωε
1902 1613 2132 1662 blandior
2176 1615 2267 1675 pio
2320 1615 2478 1678 [awo.
2500 1634 2525 1660 n
2613 1616 2822 1678 (Senon.

1781 1688 1960 1750 Cano.)
2007 1688 2105 1747 Qui
2138 1693 2509 1751 mptuosan
2529 1689 2693 1739 hostia
2725 1703 2827 1740 no-

1779 1762 2060 1812 minativos
2101 1775 2223 1812 esse
2261 1762 2615 1825 contendunt,
2670 1763 2828 1825 sylla·

1777 1835 1881 1885 bae
1943 1849 2004 1886 sa
2065 1836 2474 1901 productionem
2534 1836 2828 1888 defendunt

1780 1911 1872 1958 aut
1904 1910 2001 1961 od.
2040 1909 2096 1970 3,
2133 1911 2321 1972 15,⁴7:
2384 1912 2441 1961 Si
2491 1926 2594 1962 non
2635 1912 2826 1973 periret

1778 1983 2169 2047 miserabilis,
2222 1984 2322 2035 sed
2368 1986 2512 2050 apud
2549 1986 2827 2035 Horatium

1777 2058 2083 2122 ubicunque
2136 2057 2342 2122 syllaba
2380 2073 2481 2124 per
2532 2072 2592 2111 se
2642 2058 2826 2111 brevis

1780 2145 2007 2182 caesura
2076 2132 2393 2197 producitur
2415 2170 2428 2194 ,
2502 2133 2557 2183 in
2629 2145 2826 2184 conso-

1778 2209 2024 2268 nantem,
2077 2219 2186 2257 non
2217 2207 2271 2256 in
2304 2205 2549 2258 vocalem
2581 2205 2713 2269 exit,
2764 2209 2827 2257 ut

1778 2280 1874 2331 Od.
1917 2282 1972 2341 4,
2016 2280 2073 2339 3,
2119 2280 2211 2330 36:
2269 2281 2501 2342 Per-rupit
2544 2281 2825 2332 Acheronta

1774 2356 2044 2406 Her-cidens
2080 2355 2238 2405 labor.
2308 2354 2442 2406 lbid.
2485 2356 2544 2414 4,
2588 2356 2677 2417 45,
2724 2355 2820 2405 36;

1775 2430 1910 2494 Ignis
1930 2430 2116 2478 Iliacas
2148 2430 2333 2479 domos.
2392 2429 2489 2479 Od.
2528 2429 2581 2491 3,
2624 2430 2683 2492 5,
2731 2430 2821 2479 ⁴7:

1776 2505 1832 2554 Si
1864 2519 1965 2554 non
2002 2506 2194 2567 periret
2236 2504 2624 2565 immiserabilis,
2673 2504 2822 2568 quod

1775 2580 1953 2644 ipsum
1987 2581 2201 2629 nostrae
2237 2579 2688 2642 interpretationis
2727 2578 2827 2629 fir-

1777 2654 2076 2703 missimum
2134 2655 2216 2703 est
2270 2655 2672 2715 argumentum;
2730 2656 2825 2704 aut

1776 2728 2071 2778 defendunt
2103 2728 2276 2789 hiatu,
2311 2729 2373 2776 ut
2404 2727 2501 2777 Od.
2528 2729 2587 2789 2,
2613 2728 2704 2789 20,
2732 2727 2818 2777 43;

1774 2805 1885 2853 lam
1905 2801 2160 2853 Daedaleo
2182 2802 2322 2851 ocior
2339 2802 2510 2863 Icaro,
2554 2804 2646 2851 aut
2666 2800 2826 2865 sylla-

1776 2877 1905 2927 bam
1955 2889 2016 2925 sa
2064 2875 2286 2939 produci
2331 2875 2516 2925 dicunt
2559 2877 2822 2940 positione

1775 2951 1871 3001 litt.
1916 2950 1978 3000 bl.
2022 2950 2135 2999 Hoc
2185 2952 2332 2999 certe
2382 2953 2568 3000 contra
2623 2951 2824 3001 Horatii

1776 3037 1965 3082 usum;
2004 3023 2099 3073 cfr.
2125 3024 2187 3072 A.
2213 3025 2268 3073 P.
2297 3023 2420 3073 395:
2456 3028 2666 3086 etprooe
2685 3024 2827 3074 biw-

1776 3100 1863 3149 da.
1897 3097 1994 3148 Od.
2022 3097 2078 3158 3,
2117 3096 2171 3159 4,
2210 3097 2300 3148 ὅθι
2346 3098 2556 3148 hom-ida
2588 3099 2820 3149 brachiis.

1777 3172 1873 3223 Od.
1902 3172 1951 3232 3,
1979 3174 2027 3232 4,
2049 3171 2135 3221 43;
2176 3171 2325 3221 turba
2345 3172 2612 3222 clientium.
2650 3172 2747 3223 Od.
2769 3173 2820 3233 3,

1778 3246 1827 3307 6,
1855 3245 1944 3295 ⁴9:
1983 3246 2216 3295 derivata
2235 3246 2415 3295 clades.
2453 3245 2549 3294 Od.
2577 3245 2625 3307 3,
2654 3246 2734 3307 44,
2760 3246 2819 3295 9:

1776 3320 1892 3369 lacis
1923 3333 2053 3382 equa
2084 3321 2240 3369 trima
2270 3321 2475 3382 omnpis.
2508 3347 2564 3355 —
2588 3320 2669 3369 Ad
2692 3332 2822 3370 sen-

1777 3395 1995 3445 tentiam
2046 3393 2139 3444 cfr.
2191 3394 2427 3457 Euripid.
2477 3394 2622 3459 apud
2666 3394 2823 3444 Orio-

1775 3481 1904 3519 nem
1936 3467 2262 3519 Schneidew.
2287 3481 2341 3533 p.
2368 3468 2457 3518 ὅδε
2493 3457 2582 3517 Εὖ
2603 3462 2716 3516 ἴσθ’
2740 3458 2824 3515 ὅτ’

1774 3534 1849 3593 ἅν
1888 3556 1974 3604 τις
2019 3535 2276 3602 εὐσεβῶν
2306 3538 2425 3612 θύῃ
2458 3540 2647 3603 θεοῖς,
2695 3534 2823 3592 Κᾶν

1772 3612 1956 3687 μικρὰ
1995 3612 2114 3687 θύῃ
2129 3653 2145 3678 ,
2197 3611 2468 3682 τυγχάνει
2510 3616 2816 3686 σωτηρίας.

1774 3692 2101 3755 Antiphanes
2145 3692 2198 3742 in
2240 3691 2402 3743 Grotii
2449 3691 2574 3741 Exc.
2610 3705 2665 3756 p.
2704 3690 2818 3740 647.

1777 3764 1845 3814 de
1905 3766 2088 3815 thure:
2160 3760 2241 3814 Τὸ
2294 3762 2357 3815 δὲ
2409 3759 2621 3834 μικρὸν
2674 3757 2822 3814 αὐτὸ

1774 3836 1927 3890 τοῦτ’
1985 3833 2234 3910 ἀρεστὸν
2286 3841 2412 3901 τοῖς
2466 3838 2647 3901 θεοῖς.
2722 3839 2821 3888 Dio

1777 3914 1969 3976 Chrys.
2007 3915 2094 3965 Or.
2134 3914 2212 3964 43.
2249 3928 2303 3979 p.
2336 3913 2452 3965 264.
2479 3915 2660 3978 Emp.:
2698 3904 2822 3979 ὅσῳ

1773 3980 1851 4037 ἂν
1901 3981 2311 4057 εὐσεβέστερον
2358 3987 2458 4037 καὶ
2508 3982 2823 4056 ὁσιώτερον

1775 4062 2049 4130 γένησθε,
2084 4058 2349 4128 τοσούτῳ
2383 4057 2634 4112 ἐλάττων
2656 4054 2823 4112 ἔσται

1775 4137 1905 4206 παρ’
1956 4132 2095 4202 ὑμῖν
2145 4130 2178 4185 ὁ
2230 4132 2549 4198 λιβανωτὸς
2596 4135 2696 4187 καὶ
2748 4128 2822 4185 τὰ

1773 4206 2118 4277 θυμιάματα
2149 4211 2247 4262 καὶ
2275 4206 2347 4260 τὰ
2371 4207 2819 4276 στεφανώματα,
