<?xml version="1.0" encoding="UTF-8"?>
<!DOCTYPE html PUBLIC "-//W3C//DTD XHTML 1.0 Transitional//EN"
    "http://www.w3.org/TR/xhtml1/DTD/xhtml1-transitional.dtd">
<html xmlns="http://www.w3.org/1999/xhtml" xml:lang="en" lang="en">
 <head>
  <title>
</title>
<meta http-equiv="Content-Type" content="text/html;charset=utf-8" />
  <meta name='ocr-system' content='tesseract 3.04.00' />
  <meta name='ocr-capabilities' content='ocr_page ocr_carea ocr_par ocr_line ocrx_word'/>
</head>
<body>
  <div class='ocr_page' id='page_1' title='image "./qhoratiusflaccu05baitgoog_0609.png"; bbox 0 0 3234 4975; ppageno 0'>
   <div class='ocr_carea' id='block_1_1' title="bbox 1154 459 1692 508">
    <p class='ocr_par' dir='ltr' id='par_1_1' title="bbox 1154 459 1692 508">
     <span class='ocr_line' id='line_1_1' title="bbox 1154 459 1692 508; baseline 0 -1"><span class='ocrx_word' id='word_1_1' title='bbox 1154 459 1272 507; x_wconf 67' lang='grc' dir='ltr'>[ΑΒ.</span> <span class='ocrx_word' id='word_1_2' title='bbox 1314 459 1394 507; x_wconf 85' lang='lat' dir='ltr'>IV.</span> <span class='ocrx_word' id='word_1_3' title='bbox 1469 460 1524 508; x_wconf 91' lang='lat' dir='ltr'>C.</span> <span class='ocrx_word' id='word_1_4' title='bbox 1566 459 1692 507; x_wconf 85' lang='lat' dir='ltr'>Vin.</span> 
     </span>
    </p>
   </div>
   <div class='ocr_carea' id='block_1_2' title="bbox 654 613 2567 1290">
    <p class='ocr_par' dir='ltr' id='par_1_2' title="bbox 655 613 2107 699">
     <span class='ocr_line' id='line_1_2' title="bbox 655 613 2107 699; baseline 0 -22"><span class='ocrx_word' id='word_1_5' title='bbox 655 614 1021 689; x_wconf 86' lang='lat' dir='ltr'>Graiorum,</span> <span class='ocrx_word' id='word_1_6' title='bbox 1072 634 1285 699; x_wconf 87' lang='lat' dir='ltr'>neque</span> <span class='ocrx_word' id='word_1_7' title='bbox 1331 624 1397 678; x_wconf 90' lang='lat' dir='ltr'>tu</span> <span class='ocrx_word' id='word_1_8' title='bbox 1443 613 1727 699; x_wconf 85' lang='lat' dir='ltr'>pessima</span> <span class='ocrx_word' id='word_1_9' title='bbox 1771 633 2107 679; x_wconf 84' lang='lat' dir='ltr'>munerum</span> 
     </span>
    </p>

    <p class='ocr_par' dir='ltr' id='par_1_3' title="bbox 654 732 2567 941">
     <span class='ocr_line' id='line_1_3' title="bbox 654 732 2567 812; baseline -0.001 -14"><span class='ocrx_word' id='word_1_10' title='bbox 654 737 908 812; x_wconf 81' lang='lat' dir='ltr'>FerreS,</span> <span class='ocrx_word' id='word_1_11' title='bbox 956 734 1153 801; x_wconf 90' lang='lat' dir='ltr'>divite</span> <span class='ocrx_word' id='word_1_12' title='bbox 1200 755 1302 800; x_wconf 91' lang='lat' dir='ltr'>me</span> <span class='ocrx_word' id='word_1_13' title='bbox 1348 732 1592 800; x_wconf 88' lang='lat' dir='ltr'>scilicet</span> <span class='ocrx_word' id='word_1_14' title='bbox 1636 734 1900 809; x_wconf 86' lang='lat' dir='ltr'>artium,</span> <span class='ocrx_word' id='word_1_15' title='bbox 2530 736 2567 796; x_wconf 77' lang='grc' dir='ltr'>ὃ</span> 
     </span>
     <span class='ocr_line' id='line_1_4' title="bbox 655 852 2181 941; baseline -0.001 -21"><span class='ocrx_word' id='word_1_16' title='bbox 655 856 831 932; x_wconf 88' lang='lat' dir='ltr'>Quas</span> <span class='ocrx_word' id='word_1_17' title='bbox 876 867 986 920; x_wconf 85' lang='lat' dir='ltr'>aut</span> <span class='ocrx_word' id='word_1_18' title='bbox 1029 853 1408 920; x_wconf 84' lang='lat' dir='ltr'>Parrhasius</span> <span class='ocrx_word' id='word_1_19' title='bbox 1453 852 1714 940; x_wconf 87' lang='lat' dir='ltr'>protulit</span> <span class='ocrx_word' id='word_1_20' title='bbox 1756 864 1864 919; x_wconf 87' lang='lat' dir='ltr'>aut</span> <span class='ocrx_word' id='word_1_21' title='bbox 1907 855 2181 941; x_wconf 76' lang='lat' dir='ltr'>ScopaS‚</span> 
     </span>
    </p>

    <p class='ocr_par' dir='ltr' id='par_1_4' title="bbox 662 973 1836 1062">
     <span class='ocr_line' id='line_1_5' title="bbox 662 973 1836 1062; baseline -0.001 -20"><span class='ocrx_word' id='word_1_22' title='bbox 662 978 776 1042; x_wconf 87' lang='lat' dir='ltr'>Hic</span> <span class='ocrx_word' id='word_1_23' title='bbox 821 996 1006 1051; x_wconf 71' lang='lat' dir='ltr'>sam,</span> <span class='ocrx_word' id='word_1_24' title='bbox 1054 973 1315 1062; x_wconf 86' lang='lat' dir='ltr'>liquidis</span> <span class='ocrx_word' id='word_1_25' title='bbox 1362 973 1464 1040; x_wconf 91' lang='lat' dir='ltr'>ille</span> <span class='ocrx_word' id='word_1_26' title='bbox 1510 973 1836 1041; x_wconf 91' lang='lat' dir='ltr'>coloribus</span> 
     </span>
    </p>

    <p class='ocr_par' dir='ltr' id='par_1_5' title="bbox 657 1094 2278 1182">
     <span class='ocr_line' id='line_1_6' title="bbox 657 1094 2278 1182; baseline -0.002 -19"><span class='ocrx_word' id='word_1_27' title='bbox 657 1096 896 1164; x_wconf 85' lang='lat' dir='ltr'>Sollers</span> <span class='ocrx_word' id='word_1_28' title='bbox 940 1116 1111 1162; x_wconf 91' lang='lat' dir='ltr'>nunc</span> <span class='ocrx_word' id='word_1_29' title='bbox 1160 1094 1481 1161; x_wconf 89' lang='lat' dir='ltr'>hominem</span> <span class='ocrx_word' id='word_1_30' title='bbox 1526 1115 1801 1182; x_wconf 90' lang='lat' dir='ltr'>ponere,</span> <span class='ocrx_word' id='word_1_31' title='bbox 1850 1117 2020 1162; x_wconf 88' lang='lat' dir='ltr'>nunc</span> <span class='ocrx_word' id='word_1_32' title='bbox 2065 1096 2278 1162; x_wconf 90' lang='lat' dir='ltr'>deum.</span> 
     </span>
    </p>

    <p class='ocr_par' dir='ltr' id='par_1_6' title="bbox 659 1214 2134 1290">
     <span class='ocr_line' id='line_1_7' title="bbox 659 1214 2134 1290; baseline -0.002 -6"><span class='ocrx_word' id='word_1_33' title='bbox 659 1218 790 1284; x_wconf 85' lang='lat' dir='ltr'>Sed</span> <span class='ocrx_word' id='word_1_34' title='bbox 834 1237 962 1283; x_wconf 88' lang='lat' dir='ltr'>non</span> <span class='ocrx_word' id='word_1_35' title='bbox 1006 1215 1168 1281; x_wconf 91' lang='lat' dir='ltr'>haec</span> <span class='ocrx_word' id='word_1_36' title='bbox 1212 1214 1364 1281; x_wconf 89' lang='lat' dir='ltr'>mihi</span> <span class='ocrx_word' id='word_1_37' title='bbox 1410 1216 1539 1290; x_wconf 85' lang='lat' dir='ltr'>vis,</span> <span class='ocrx_word' id='word_1_38' title='bbox 1587 1237 1716 1281; x_wconf 89' lang='lat' dir='ltr'>non</span> <span class='ocrx_word' id='word_1_39' title='bbox 1758 1214 1871 1281; x_wconf 87' lang='lat' dir='ltr'>tibi</span> <span class='ocrx_word' id='word_1_40' title='bbox 1918 1216 2134 1281; x_wconf 86' lang='lat' dir='ltr'>talium</span> 
     </span>
    </p>
   </div>
   <div class='ocr_carea' id='block_1_3' title="bbox 660 1334 2060 1423">
    <p class='ocr_par' dir='ltr' id='par_1_7' title="bbox 660 1334 2060 1423">
     <span class='ocr_line' id='line_1_8' title="bbox 660 1334 2060 1423; baseline -0.004 -17"><span class='ocrx_word' id='word_1_41' title='bbox 660 1343 783 1406; x_wconf 88' lang='lat' dir='ltr'>Res</span> <span class='ocrx_word' id='word_1_42' title='bbox 829 1348 928 1404; x_wconf 88' lang='lat' dir='ltr'>est</span> <span class='ocrx_word' id='word_1_43' title='bbox 973 1346 1082 1402; x_wconf 87' lang='lat' dir='ltr'>aut</span> <span class='ocrx_word' id='word_1_44' title='bbox 1126 1337 1375 1402; x_wconf 88' lang='lat' dir='ltr'>animus</span> <span class='ocrx_word' id='word_1_45' title='bbox 1421 1334 1800 1402; x_wconf 89' lang='lat' dir='ltr'>deliciarum</span> <span class='ocrx_word' id='word_1_46' title='bbox 1843 1357 2060 1423; x_wconf 86' lang='lat' dir='ltr'>egens.</span> 
     </span>
    </p>
   </div>
   <div class='ocr_carea' id='block_1_4' title="bbox 2495 1340 2573 1403">
    <p class='ocr_par' dir='ltr' id='par_1_8' title="bbox 2495 1340 2573 1403">
     <span class='ocr_line' id='line_1_9' title="bbox 2495 1340 2573 1403; baseline 0.013 -1"><span class='ocrx_word' id='word_1_47' title='bbox 2495 1340 2573 1403; x_wconf 79' lang='lat' dir='ltr'>-io</span> 
     </span>
    </p>
   </div>
   <div class='ocr_carea' id='block_1_5' title="bbox 474 1532 2512 1822">
    <p class='ocr_par' dir='ltr' id='par_1_9' title="bbox 474 1532 2512 1822">
     <span class='ocr_line' id='line_1_10' title="bbox 536 1532 2509 1600; baseline 0 -13"><span class='ocrx_word' id='word_1_48' title='bbox 536 1539 633 1587; x_wconf 85' lang='lat' dir='ltr'>Vv.</span> <span class='ocrx_word' id='word_1_49' title='bbox 662 1538 711 1586; x_wconf 86' lang='lat'>7.</span> <span class='ocrx_word' id='word_1_50' title='bbox 737 1538 786 1587; x_wconf 87' lang='lat'>8.</span> <span class='ocrx_word' id='word_1_51' title='bbox 823 1533 1127 1598; x_wconf 81' lang='lat' dir='ltr'>Knightley‚</span> <span class='ocrx_word' id='word_1_52' title='bbox 1167 1533 1456 1593; x_wconf 67' lang='lat' dir='ltr'>hibernus,</span> <span class='ocrx_word' id='word_1_53' title='bbox 1493 1535 1553 1582; x_wconf 92' lang='lat' dir='ltr'>ut</span> <span class='ocrx_word' id='word_1_54' title='bbox 1580 1546 1840 1583; x_wconf 85' lang='lat' dir='ltr'>versuum</span> <span class='ocrx_word' id='word_1_55' title='bbox 1879 1545 1978 1596; x_wconf 89' lang='lat' dir='ltr'>per</span> <span class='ocrx_word' id='word_1_56' title='bbox 1998 1532 2230 1596; x_wconf 82' lang='lat' dir='ltr'>singulas</span> <span class='ocrx_word' id='word_1_57' title='bbox 2263 1538 2509 1600; x_wconf 85' lang='lat' dir='ltr'>strophas</span> 
     </span>
     <span class='ocr_line' id='line_1_11' title="bbox 474 1606 2508 1676; baseline -0.001 -15"><span class='ocrx_word' id='word_1_58' title='bbox 474 1611 872 1676; x_wconf 88' lang='lat' dir='ltr'>quaternarium</span> <span class='ocrx_word' id='word_1_59' title='bbox 922 1621 1209 1660; x_wconf 88' lang='lat' dir='ltr'>numerum</span> <span class='ocrx_word' id='word_1_60' title='bbox 1261 1607 1601 1669; x_wconf 81' lang='lat' dir='ltr'><strong>extunderet,</strong></span> <span class='ocrx_word' id='word_1_61' title='bbox 1652 1606 1963 1657; x_wconf 82' lang='lat' dir='ltr'>subditicios</span> <span class='ocrx_word' id='word_1_62' title='bbox 2013 1620 2132 1658; x_wconf 83' lang='lat' dir='ltr'>esse</span> <span class='ocrx_word' id='word_1_63' title='bbox 2183 1610 2379 1659; x_wconf 87' lang='lat' dir='ltr'>statuit.</span> <span class='ocrx_word' id='word_1_64' title='bbox 2436 1612 2508 1673; x_wconf 89' lang='lat' dir='ltr'>(ln</span> 
     </span>
     <span class='ocr_line' id='line_1_12' title="bbox 474 1681 2512 1746; baseline -0.001 -10"><span class='ocrx_word' id='word_1_65' title='bbox 474 1687 618 1736; x_wconf 89' lang='lat' dir='ltr'>idem</span> <span class='ocrx_word' id='word_1_66' title='bbox 655 1685 837 1735; x_wconf 78' lang='lat' dir='ltr'>incidit</span> <span class='ocrx_word' id='word_1_67' title='bbox 869 1683 1094 1746; x_wconf 78' lang='lat' dir='ltr'>Martin.)</span> <span class='ocrx_word' id='word_1_68' title='bbox 1136 1710 1190 1719; x_wconf 91' lang='lat'>-</span> <span class='ocrx_word' id='word_1_69' title='bbox 1238 1683 1287 1732; x_wconf 85' lang='grc'>9.</span> <span class='ocrx_word' id='word_1_70' title='bbox 1324 1697 1425 1732; x_wconf 85' lang='lat' dir='ltr'>non</span> <span class='ocrx_word' id='word_1_71' title='bbox 1447 1682 1554 1744; x_wconf 79' lang='lat' dir='ltr'>tibi]</span> <span class='ocrx_word' id='word_1_72' title='bbox 1586 1695 1677 1731; x_wconf 83' lang='lat' dir='ltr'>nec</span> <span class='ocrx_word' id='word_1_73' title='bbox 1710 1681 1798 1731; x_wconf 84' lang='lat' dir='ltr'>tibi</span> <span class='ocrx_word' id='word_1_74' title='bbox 1832 1682 1934 1741; x_wconf 84' lang='lat' dir='ltr'>ST,</span> <span class='ocrx_word' id='word_1_75' title='bbox 1984 1695 2108 1732; x_wconf 90' lang='lat' dir='ltr'>cum</span> <span class='ocrx_word' id='word_1_76' title='bbox 2140 1681 2376 1734; x_wconf 88' lang='lat' dir='ltr'>Blandin.</span> <span class='ocrx_word' id='word_1_77' title='bbox 2416 1698 2512 1734; x_wconf 87' lang='lat' dir='ltr'>an-</span> 
     </span>
     <span class='ocr_line' id='line_1_13' title="bbox 476 1754 1769 1822; baseline -0.004 -12"><span class='ocrx_word' id='word_1_78' title='bbox 476 1761 680 1822; x_wconf 88' lang='lat' dir='ltr'>tiquiss.</span> <span class='ocrx_word' id='word_1_79' title='bbox 721 1761 780 1819; x_wconf 86' lang='lat' dir='ltr'>C,</span> <span class='ocrx_word' id='word_1_80' title='bbox 817 1757 913 1819; x_wconf 85' lang='grc' dir='ltr'>βκ,</span> <span class='ocrx_word' id='word_1_81' title='bbox 950 1757 1236 1808; x_wconf 87' lang='lat' dir='ltr'>Bentleius.</span> <span class='ocrx_word' id='word_1_82' title='bbox 1299 1758 1378 1820; x_wconf 87' lang='lat' dir='ltr'>(Ut</span> <span class='ocrx_word' id='word_1_83' title='bbox 1409 1768 1509 1806; x_wconf 90' lang='lat' dir='ltr'>nos</span> <span class='ocrx_word' id='word_1_84' title='bbox 1531 1795 1542 1817; x_wconf 85' lang='lat'>,</span> <span class='ocrx_word' id='word_1_85' title='bbox 1580 1754 1769 1818; x_wconf 88' lang='lat' dir='ltr'>Bbcd.)</span> 
     </span>
    </p>
   </div>
   <div class='ocr_carea' id='block_1_6' title="bbox 406 1933 1467 4373">
    <p class='ocr_par' dir='ltr' id='par_1_10' title="bbox 406 1933 1460 2295">
     <span class='ocr_line' id='line_1_14' title="bbox 410 1933 1458 1997; baseline -0.004 -11"><span class='ocrx_word' id='word_1_86' title='bbox 410 1935 701 1986; x_wconf 78' lang='lat' dir='ltr'>afferendo.</span> <span class='ocrx_word' id='word_1_87' title='bbox 745 1936 884 1997; x_wconf 77' lang='lat' dir='ltr'>virg.</span> <span class='ocrx_word' id='word_1_88' title='bbox 922 1936 1050 1983; x_wconf 82' lang='lat' dir='ltr'>Aen.</span> <span class='ocrx_word' id='word_1_89' title='bbox 1079 1935 1136 1995; x_wconf 80' lang='lat'>5,</span> <span class='ocrx_word' id='word_1_90' title='bbox 1174 1933 1296 1984; x_wconf 79' lang='lat'>359:</span> <span class='ocrx_word' id='word_1_91' title='bbox 1349 1933 1458 1995; x_wconf 79' lang='lat' dir='ltr'>cly-</span> 
     </span>
     <span class='ocr_line' id='line_1_15' title="bbox 406 2009 1452 2074; baseline -0.004 -13"><span class='ocrx_word' id='word_1_92' title='bbox 406 2025 555 2074; x_wconf 75' lang='lat' dir='ltr'>peum</span> <span class='ocrx_word' id='word_1_93' title='bbox 577 2037 677 2070; x_wconf 91' lang='lat'>--,</span> <span class='ocrx_word' id='word_1_94' title='bbox 706 2010 1037 2071; x_wconf 75' lang='lat' dir='ltr'>Didymaonis</span> <span class='ocrx_word' id='word_1_95' title='bbox 1063 2014 1212 2058; x_wconf 84' lang='lat' dir='ltr'>artes.</span> <span class='ocrx_word' id='word_1_96' title='bbox 1252 2009 1383 2073; x_wconf 86' lang='lat' dir='ltr'>Epp.</span> <span class='ocrx_word' id='word_1_97' title='bbox 1406 2009 1452 2069; x_wconf 80' lang='grc'>4,</span> 
     </span>
     <span class='ocr_line' id='line_1_16' title="bbox 412 2086 1460 2147; baseline -0.004 -12"><span class='ocrx_word' id='word_1_98' title='bbox 412 2087 469 2147; x_wconf 87' lang='grc'>6,</span> <span class='ocrx_word' id='word_1_99' title='bbox 509 2086 597 2135; x_wconf 75' lang='grc' dir='ltr'>47ε</span> <span class='ocrx_word' id='word_1_100' title='bbox 634 2098 863 2134; x_wconf 75' lang='lat' dir='ltr'>mmor</span> <span class='ocrx_word' id='word_1_101' title='bbox 894 2089 1032 2133; x_wconf 77' lang='lat' dir='ltr'>vetus</span> <span class='ocrx_word' id='word_1_102' title='bbox 1054 2096 1275 2144; x_wconf 79' lang='lat' dir='ltr'>aeraque</span> <span class='ocrx_word' id='word_1_103' title='bbox 1305 2088 1353 2132; x_wconf 85' lang='lat' dir='ltr'>et</span> <span class='ocrx_word' id='word_1_104' title='bbox 1372 2097 1460 2132; x_wconf 85' lang='lat' dir='ltr'>ar-</span> 
     </span>
     <span class='ocr_line' id='line_1_17' title="bbox 411 2157 1452 2221; baseline -0.005 -12"><span class='ocrx_word' id='word_1_105' title='bbox 411 2164 480 2210; x_wconf 83' lang='lat' dir='ltr'>tes</span> <span class='ocrx_word' id='word_1_106' title='bbox 526 2160 743 2221; x_wconf 75' lang='lat' dir='ltr'>Suspice.</span> <span class='ocrx_word' id='word_1_107' title='bbox 817 2159 925 2209; x_wconf 90' lang='lat' dir='ltr'>Cic.</span> <span class='ocrx_word' id='word_1_108' title='bbox 963 2157 1032 2207; x_wconf 89' lang='lat' dir='ltr'>de</span> <span class='ocrx_word' id='word_1_109' title='bbox 1084 2159 1241 2219; x_wconf 81' lang='lat' dir='ltr'>Legg.</span> <span class='ocrx_word' id='word_1_110' title='bbox 1280 2158 1340 2217; x_wconf 78' lang='lat'>2,</span> <span class='ocrx_word' id='word_1_111' title='bbox 1392 2157 1452 2206; x_wconf 73' lang='lat'>2:</span> 
     </span>
     <span class='ocr_line' id='line_1_18' title="bbox 410 2231 1308 2295; baseline -0.006 -12"><span class='ocrx_word' id='word_1_112' title='bbox 410 2235 669 2295; x_wconf 64' lang='lat' dir='ltr'>exsquisitis</span> <span class='ocrx_word' id='word_1_113' title='bbox 691 2259 719 2269; x_wconf 92' lang='lat'>-</span> <span class='ocrx_word' id='word_1_114' title='bbox 741 2233 1067 2294; x_wconf 76' lang='lat' dir='ltr'>antiquorum</span> <span class='ocrx_word' id='word_1_115' title='bbox 1099 2231 1308 2280; x_wconf 76' lang='lat' dir='ltr'>artibus.</span> 
     </span>
    </p>

    <p class='ocr_par' dir='ltr' id='par_1_11' title="bbox 409 2301 1467 4373">
     <span class='ocr_line' id='line_1_19' title="bbox 477 2301 1453 2370; baseline -0.005 -14"><span class='ocrx_word' id='word_1_116' title='bbox 477 2308 589 2356; x_wconf 82' lang='lat'>6-8.</span> <span class='ocrx_word' id='word_1_117' title='bbox 608 2306 923 2369; x_wconf 79' lang='lat' dir='ltr'>Parrhasius]</span> <span class='ocrx_word' id='word_1_118' title='bbox 944 2306 1224 2370; x_wconf 83' lang='lat' dir='ltr'>Ephesius,</span> <span class='ocrx_word' id='word_1_119' title='bbox 1246 2301 1453 2367; x_wconf 85' lang='lat' dir='ltr'>Olymp.</span> 
     </span>
     <span class='ocr_line' id='line_1_20' title="bbox 414 2378 1459 2443; baseline -0.005 -13"><span class='ocrx_word' id='word_1_120' title='bbox 414 2381 498 2430; x_wconf 77' lang='lat'>95.</span> <span class='ocrx_word' id='word_1_121' title='bbox 528 2382 665 2443; x_wconf 88' lang='lat' dir='ltr'>(ante</span> <span class='ocrx_word' id='word_1_122' title='bbox 687 2382 809 2431; x_wconf 88' lang='lat' dir='ltr'>Chr.</span> <span class='ocrx_word' id='word_1_123' title='bbox 843 2380 978 2441; x_wconf 77' lang='lat'>400.)</span> <span class='ocrx_word' id='word_1_124' title='bbox 1007 2378 1308 2429; x_wconf 76' lang='lat' dir='ltr'><strong>certamine</strong></span> <span class='ocrx_word' id='word_1_125' title='bbox 1332 2390 1459 2426; x_wconf 88' lang='lat' dir='ltr'>cum</span> 
     </span>
     <span class='ocr_line' id='line_1_21' title="bbox 411 2451 1461 2516; baseline -0.004 -11"><span class='ocrx_word' id='word_1_126' title='bbox 411 2455 571 2505; x_wconf 85' lang='lat' dir='ltr'>Zeuxi</span> <span class='ocrx_word' id='word_1_127' title='bbox 606 2452 908 2504; x_wconf 77' lang='lat' dir='ltr'>nobilitatus</span> <span class='ocrx_word' id='word_1_128' title='bbox 933 2455 1030 2514; x_wconf 85' lang='lat' dir='ltr'>est,</span> <span class='ocrx_word' id='word_1_129' title='bbox 1063 2465 1186 2503; x_wconf 88' lang='lat' dir='ltr'>cum</span> <span class='ocrx_word' id='word_1_130' title='bbox 1220 2453 1307 2502; x_wconf 90' lang='lat' dir='ltr'>hic</span> <span class='ocrx_word' id='word_1_131' title='bbox 1339 2451 1461 2516; x_wconf 90' lang='lat' dir='ltr'>pin-</span> 
     </span>
     <span class='ocr_line' id='line_1_22' title="bbox 409 2526 1459 2592; baseline -0.005 -12"><span class='ocrx_word' id='word_1_132' title='bbox 409 2531 578 2580; x_wconf 80' lang='lat' dir='ltr'>xisset</span> <span class='ocrx_word' id='word_1_133' title='bbox 625 2541 782 2587; x_wconf 81' lang='lat' dir='ltr'>uvaS,</span> <span class='ocrx_word' id='word_1_134' title='bbox 854 2541 961 2592; x_wconf 86' lang='lat' dir='ltr'>quo</span> <span class='ocrx_word' id='word_1_135' title='bbox 1016 2540 1144 2577; x_wconf 87' lang='lat' dir='ltr'>aves</span> <span class='ocrx_word' id='word_1_136' title='bbox 1200 2526 1459 2590; x_wconf 78' lang='lat' dir='ltr'><strong>deceptae</strong></span> 
     </span>
     <span class='ocr_line' id='line_1_23' title="bbox 413 2601 1461 2665; baseline -0.003 -11"><span class='ocrx_word' id='word_1_137' title='bbox 413 2607 560 2663; x_wconf 89' lang='lat' dir='ltr'>sunt,</span> <span class='ocrx_word' id='word_1_138' title='bbox 628 2601 714 2652; x_wconf 90' lang='lat' dir='ltr'>ille</span> <span class='ocrx_word' id='word_1_139' title='bbox 775 2601 1021 2662; x_wconf 87' lang='lat' dir='ltr'>linteum,</span> <span class='ocrx_word' id='word_1_140' title='bbox 1094 2614 1201 2665; x_wconf 85' lang='lat' dir='ltr'>quo</span> <span class='ocrx_word' id='word_1_141' title='bbox 1262 2602 1461 2651; x_wconf 83' lang='lat' dir='ltr'>Zeuxin</span> 
     </span>
     <span class='ocr_line' id='line_1_24' title="bbox 413 2675 1463 2741; baseline -0.006 -12"><span class='ocrx_word' id='word_1_142' title='bbox 413 2679 588 2741; x_wconf 86' lang='lat' dir='ltr'>ipsum</span> <span class='ocrx_word' id='word_1_143' title='bbox 611 2677 841 2740; x_wconf 85' lang='lat' dir='ltr'>decepit.</span> <span class='ocrx_word' id='word_1_144' title='bbox 901 2676 1018 2725; x_wconf 86' lang='lat' dir='ltr'>Tria</span> <span class='ocrx_word' id='word_1_145' title='bbox 1048 2675 1161 2725; x_wconf 87' lang='lat' dir='ltr'>eius</span> <span class='ocrx_word' id='word_1_146' title='bbox 1186 2676 1463 2739; x_wconf 81' lang='lat' dir='ltr'>Epigram-</span> 
     </span>
     <span class='ocr_line' id='line_1_25' title="bbox 414 2748 1457 2802; baseline -0.005 0"><span class='ocrx_word' id='word_1_147' title='bbox 414 2754 556 2802; x_wconf 91' lang='lat' dir='ltr'>mata</span> <span class='ocrx_word' id='word_1_148' title='bbox 608 2753 919 2801; x_wconf 86' lang='lat' dir='ltr'>conservata</span> <span class='ocrx_word' id='word_1_149' title='bbox 976 2752 1101 2799; x_wconf 91' lang='lat' dir='ltr'>sunt</span> <span class='ocrx_word' id='word_1_150' title='bbox 1144 2749 1197 2798; x_wconf 90' lang='lat' dir='ltr'>in</span> <span class='ocrx_word' id='word_1_151' title='bbox 1248 2748 1457 2798; x_wconf 81' lang='lat' dir='ltr'>Anthol.</span> 
     </span>
     <span class='ocr_line' id='line_1_26' title="bbox 417 2823 1461 2888; baseline -0.003 -14"><span class='ocrx_word' id='word_1_152' title='bbox 417 2823 523 2875; x_wconf 89' lang='lat' dir='ltr'>Pal.</span> <span class='ocrx_word' id='word_1_153' title='bbox 546 2826 606 2873; x_wconf 90' lang='lat'>11.</span> <span class='ocrx_word' id='word_1_154' title='bbox 627 2838 680 2888; x_wconf 88' lang='lat' dir='ltr'>p.</span> <span class='ocrx_word' id='word_1_155' title='bbox 701 2823 798 2872; x_wconf 84' lang='lat'>779</span> <span class='ocrx_word' id='word_1_156' title='bbox 821 2835 902 2885; x_wconf 91' lang='lat' dir='ltr'>sq.</span> <span class='ocrx_word' id='word_1_157' title='bbox 920 2861 932 2883; x_wconf 89' lang='lat'>‚</span> <span class='ocrx_word' id='word_1_158' title='bbox 964 2824 1018 2873; x_wconf 91' lang='lat' dir='ltr'>in</span> <span class='ocrx_word' id='word_1_159' title='bbox 1047 2836 1276 2886; x_wconf 90' lang='lat' dir='ltr'>quorum</span> <span class='ocrx_word' id='word_1_160' title='bbox 1307 2824 1461 2873; x_wconf 87' lang='lat' dir='ltr'>tertio</span> 
     </span>
     <span class='ocr_line' id='line_1_27' title="bbox 414 2894 1461 2966; baseline -0.003 -15"><span class='ocrx_word' id='word_1_161' title='bbox 414 2898 763 2951; x_wconf 74' lang='lat' dir='ltr'>memorabile</span> <span class='ocrx_word' id='word_1_162' title='bbox 780 2897 907 2948; x_wconf 89' lang='lat' dir='ltr'>illud</span> <span class='ocrx_word' id='word_1_163' title='bbox 926 2897 1127 2949; x_wconf 88' lang='lat' dir='ltr'>dictum</span> <span class='ocrx_word' id='word_1_164' title='bbox 1144 2913 1156 2947; x_wconf 73' lang='grc' dir='ltr'>ε</span> <span class='ocrx_word' id='word_1_165' title='bbox 1178 2899 1335 2964; x_wconf 81' lang='grc' dir='ltr'><strong><em>φημὶ</em></strong></span> <span class='ocrx_word' id='word_1_166' title='bbox 1350 2894 1461 2966; x_wconf 81' lang='grc' dir='ltr'>γὰρ</span> 
     </span>
     <span class='ocr_line' id='line_1_28' title="bbox 415 2966 1462 3043; baseline -0.003 -20"><span class='ocrx_word' id='word_1_167' title='bbox 415 2967 527 3040; x_wconf 77' lang='grc' dir='ltr'>ἤδη</span> <span class='ocrx_word' id='word_1_168' title='bbox 596 2974 814 3038; x_wconf 78' lang='grc' dir='ltr'><strong><em>Τέχνης</em></strong></span> <span class='ocrx_word' id='word_1_169' title='bbox 868 2966 1153 3041; x_wconf 78' lang='grc' dir='ltr'>εὑρῆσθαι</span> <span class='ocrx_word' id='word_1_170' title='bbox 1206 2975 1462 3043; x_wconf 76' lang='grc' dir='ltr'><em>τέρματα</em></span> 
     </span>
     <span class='ocr_line' id='line_1_29' title="bbox 413 3041 1458 3118; baseline -0.001 -20"><span class='ocrx_word' id='word_1_171' title='bbox 413 3045 589 3114; x_wconf 81' lang='grc' dir='ltr'><em>τῆσδε</em></span> <span class='ocrx_word' id='word_1_172' title='bbox 605 3044 772 3111; x_wconf 81' lang='grc' dir='ltr'><em>σαφῆ</em></span> <span class='ocrx_word' id='word_1_173' title='bbox 796 3042 1008 3116; x_wconf 79' lang='grc' dir='ltr'><strong><em>Χειρὸς</em></strong></span> <span class='ocrx_word' id='word_1_174' title='bbox 1034 3041 1132 3109; x_wconf 81' lang='grc' dir='ltr'>ὑφ’</span> <span class='ocrx_word' id='word_1_175' title='bbox 1158 3042 1458 3118; x_wconf 76' lang='grc' dir='ltr'><strong><em>ἡμετέρης.</em></strong></span> 
     </span>
     <span class='ocr_line' id='line_1_30' title="bbox 419 3120 1462 3186; baseline 0 -14"><span class='ocrx_word' id='word_1_176' title='bbox 419 3149 476 3161; x_wconf 93' lang='grc'><strong>-</strong></span> <span class='ocrx_word' id='word_1_177' title='bbox 494 3123 725 3186; x_wconf 76' lang='lat' dir='ltr'>protulit]</span> <span class='ocrx_word' id='word_1_178' title='bbox 753 3124 842 3171; x_wconf 75' lang='lat' dir='ltr'>«ut</span> <span class='ocrx_word' id='word_1_179' title='bbox 865 3123 1108 3171; x_wconf 88' lang='lat' dir='ltr'>inventor</span> <span class='ocrx_word' id='word_1_180' title='bbox 1129 3120 1328 3182; x_wconf 71' lang='lat' dir='ltr'>finxit»,</span> <span class='ocrx_word' id='word_1_181' title='bbox 1355 3135 1462 3172; x_wconf 93' lang='lat' dir='ltr'>non</span> 
     </span>
     <span class='ocr_line' id='line_1_31' title="bbox 415 3196 1461 3261; baseline -0.003 -13"><span class='ocrx_word' id='word_1_182' title='bbox 415 3211 541 3248; x_wconf 88' lang='lat' dir='ltr'>cum</span> <span class='ocrx_word' id='word_1_183' title='bbox 574 3197 713 3249; x_wconf 89' lang='lat' dir='ltr'>aliis:</span> <span class='ocrx_word' id='word_1_184' title='bbox 769 3196 1129 3261; x_wconf 75' lang='lat' dir='ltr'>«spectandas</span> <span class='ocrx_word' id='word_1_185' title='bbox 1165 3197 1461 3261; x_wconf 74' lang='lat' dir='ltr'>exposuit.»</span> 
     </span>
     <span class='ocr_line' id='line_1_32' title="bbox 414 3271 1465 3335; baseline -0.002 -12"><span class='ocrx_word' id='word_1_186' title='bbox 414 3271 599 3323; x_wconf 79' lang='lat' dir='ltr'>Tibull.</span> <span class='ocrx_word' id='word_1_187' title='bbox 656 3273 713 3334; x_wconf 75' lang='grc'>4,</span> <span class='ocrx_word' id='word_1_188' title='bbox 770 3273 858 3333; x_wconf 75' lang='grc'>40,</span> <span class='ocrx_word' id='word_1_189' title='bbox 907 3272 962 3320; x_wconf 77' lang='lat' dir='ltr'>i:</span> <span class='ocrx_word' id='word_1_190' title='bbox 1035 3272 1156 3334; x_wconf 80' lang='lat' dir='ltr'>Quis</span> <span class='ocrx_word' id='word_1_191' title='bbox 1199 3272 1298 3335; x_wconf 76' lang='lat' dir='ltr'>fuit</span> <span class='ocrx_word' id='word_1_192' title='bbox 1344 3272 1465 3321; x_wconf 81' lang='lat' dir='ltr'>hor-</span> 
     </span>
     <span class='ocr_line' id='line_1_33' title="bbox 413 3345 1460 3410; baseline 0.002 -15"><span class='ocrx_word' id='word_1_193' title='bbox 413 3348 594 3395; x_wconf 79' lang='lat' dir='ltr'>rendos</span> <span class='ocrx_word' id='word_1_194' title='bbox 626 3349 712 3408; x_wconf 80' lang='lat' dir='ltr'>qui</span> <span class='ocrx_word' id='word_1_195' title='bbox 738 3347 937 3408; x_wconf 76' lang='lat' dir='ltr'>primus</span> <span class='ocrx_word' id='word_1_196' title='bbox 968 3347 1184 3410; x_wconf 74' lang='lat' dir='ltr'>protulit</span> <span class='ocrx_word' id='word_1_197' title='bbox 1204 3345 1378 3397; x_wconf 83' lang='lat' dir='ltr'>enses?</span> <span class='ocrx_word' id='word_1_198' title='bbox 1406 3374 1460 3382; x_wconf 96' lang='lat'><strong>—</strong></span> 
     </span>
     <span class='ocr_line' id='line_1_34' title="bbox 416 3418 1460 3484; baseline -0.001 -15"><span class='ocrx_word' id='word_1_199' title='bbox 416 3418 628 3482; x_wconf 81' lang='lat' dir='ltr'>Scopas]</span> <span class='ocrx_word' id='word_1_200' title='bbox 680 3420 899 3480; x_wconf 87' lang='lat' dir='ltr'>Parius,</span> <span class='ocrx_word' id='word_1_201' title='bbox 937 3418 1147 3484; x_wconf 64' lang='lat' dir='ltr'>Olympi</span> <span class='ocrx_word' id='word_1_202' title='bbox 1188 3421 1270 3471; x_wconf 83' lang='lat'>87.</span> <span class='ocrx_word' id='word_1_203' title='bbox 1330 3418 1460 3469; x_wconf 89' lang='lat' dir='ltr'>Plin.</span> 
     </span>
     <span class='ocr_line' id='line_1_35' title="bbox 417 3492 1466 3554; baseline 0.001 -10"><span class='ocrx_word' id='word_1_204' title='bbox 417 3494 507 3554; x_wconf 83' lang='lat'>36,</span> <span class='ocrx_word' id='word_1_205' title='bbox 556 3493 613 3541; x_wconf 69' lang='grc' dir='ltr'>ὅτ</span> <span class='ocrx_word' id='word_1_206' title='bbox 671 3492 786 3554; x_wconf 81' lang='lat' dir='ltr'>fecit</span> <span class='ocrx_word' id='word_1_207' title='bbox 838 3494 1070 3542; x_wconf 78' lang='lat' dir='ltr'>Venerem</span> <span class='ocrx_word' id='word_1_208' title='bbox 1113 3499 1160 3544; x_wconf 80' lang='lat' dir='ltr'>et</span> <span class='ocrx_word' id='word_1_209' title='bbox 1200 3495 1387 3545; x_wconf 76' lang='lat' dir='ltr'>Pothon</span> <span class='ocrx_word' id='word_1_210' title='bbox 1420 3501 1466 3544; x_wconf 83' lang='lat' dir='ltr'>et</span> 
     </span>
     <span class='ocr_line' id='line_1_36' title="bbox 415 3565 1466 3627; baseline 0.001 -11"><span class='ocrx_word' id='word_1_211' title='bbox 415 3565 788 3625; x_wconf 65' lang='lat' dir='ltr'>methone-ern,</span> <span class='ocrx_word' id='word_1_212' title='bbox 841 3567 929 3627; x_wconf 75' lang='lat' dir='ltr'>qui</span> <span class='ocrx_word' id='word_1_213' title='bbox 977 3568 1305 3617; x_wconf 76' lang='lat' dir='ltr'>Samothrace</span> <span class='ocrx_word' id='word_1_214' title='bbox 1342 3581 1466 3617; x_wconf 83' lang='lat' dir='ltr'>san-</span> 
     </span>
     <span class='ocr_line' id='line_1_37' title="bbox 417 3639 1467 3702; baseline 0.003 -14"><span class='ocrx_word' id='word_1_215' title='bbox 417 3639 644 3688; x_wconf 76' lang='lat' dir='ltr'>ctissimis</span> <span class='ocrx_word' id='word_1_216' title='bbox 683 3640 1000 3688; x_wconf 73' lang='lat' dir='ltr'>caerimoniis</span> <span class='ocrx_word' id='word_1_217' title='bbox 1041 3641 1296 3702; x_wconf 74' lang='lat' dir='ltr'>coluntur,</span> <span class='ocrx_word' id='word_1_218' title='bbox 1350 3642 1467 3692; x_wconf 81' lang='lat' dir='ltr'>item</span> 
     </span>
     <span class='ocr_line' id='line_1_38' title="bbox 416 3712 1465 3775; baseline 0.003 -13"><span class='ocrx_word' id='word_1_219' title='bbox 416 3712 692 3775; x_wconf 75' lang='lat' dir='ltr'>Apollinem</span> <span class='ocrx_word' id='word_1_220' title='bbox 729 3713 1039 3773; x_wconf 76' lang='lat' dir='ltr'>Palatinum,</span> <span class='ocrx_word' id='word_1_221' title='bbox 1094 3713 1465 3765; x_wconf 89' lang='lat' dir='ltr'>citharoedum</span> 
     </span>
     <span class='ocr_line' id='line_1_39' title="bbox 421 3784 1467 3852; baseline -0.001 -14"><span class='ocrx_word' id='word_1_222' title='bbox 421 3784 622 3850; x_wconf 76' lang='lat' dir='ltr'>(Miiller</span> <span class='ocrx_word' id='word_1_223' title='bbox 651 3786 861 3836; x_wconf 71' lang='lat' dir='ltr'>Denlem.</span> <span class='ocrx_word' id='word_1_224' title='bbox 899 3787 939 3835; x_wconf 91' lang='lat'>1.</span> <span class='ocrx_word' id='word_1_225' title='bbox 966 3788 1028 3836; x_wconf 89' lang='lat' dir='ltr'>N.</span> <span class='ocrx_word' id='word_1_226' title='bbox 1058 3785 1210 3849; x_wconf 57' lang='lat' dir='ltr'>iii),</span> <span class='ocrx_word' id='word_1_227' title='bbox 1246 3790 1467 3852; x_wconf 87' lang='lat' dir='ltr'>propter</span> 
     </span>
     <span class='ocr_line' id='line_1_40' title="bbox 419 3860 1466 3924; baseline 0.002 -15"><span class='ocrx_word' id='word_1_228' title='bbox 419 3873 584 3924; x_wconf 88' lang='lat' dir='ltr'>quem</span> <span class='ocrx_word' id='word_1_229' title='bbox 618 3860 803 3910; x_wconf 75' lang='lat' dir='ltr'>artifex</span> <span class='ocrx_word' id='word_1_230' title='bbox 836 3863 993 3911; x_wconf 89' lang='lat' dir='ltr'>notus</span> <span class='ocrx_word' id='word_1_231' title='bbox 1020 3861 1267 3911; x_wconf 86' lang='lat' dir='ltr'>Romanis</span> <span class='ocrx_word' id='word_1_232' title='bbox 1292 3863 1466 3911; x_wconf 89' lang='lat' dir='ltr'>omni-</span> 
     </span>
     <span class='ocr_line' id='line_1_41' title="bbox 419 3933 1465 3986; baseline 0.002 -2"><span class='ocrx_word' id='word_1_233' title='bbox 419 3934 522 3985; x_wconf 85' lang='lat' dir='ltr'>bus</span> <span class='ocrx_word' id='word_1_234' title='bbox 558 3947 678 3985; x_wconf 86' lang='lat' dir='ltr'>esse</span> <span class='ocrx_word' id='word_1_235' title='bbox 714 3933 965 3984; x_wconf 86' lang='lat' dir='ltr'>debebat.</span> <span class='ocrx_word' id='word_1_236' title='bbox 1026 3935 1149 3985; x_wconf 89' lang='lat' dir='ltr'>Eius</span> <span class='ocrx_word' id='word_1_237' title='bbox 1172 3936 1465 3986; x_wconf 78' lang='lat' dir='ltr'>Mercurius</span> 
     </span>
     <span class='ocr_line' id='line_1_42' title="bbox 410 4006 1460 4097; baseline -0.002 -39"><span class='ocrx_word' id='word_1_238' title='bbox 410 4007 758 4097; x_wconf 53' lang='lat' dir='ltr'>praedicatur</span> <span class='ocrx_word' id='word_1_239' title='bbox 779 4009 833 4058; x_wconf 91' lang='lat' dir='ltr'>in</span> <span class='ocrx_word' id='word_1_240' title='bbox 860 4008 1018 4058; x_wconf 82' lang='lat' dir='ltr'>Antii.</span> <span class='ocrx_word' id='word_1_241' title='bbox 1044 4006 1151 4058; x_wconf 90' lang='lat' dir='ltr'>Pal.</span> <span class='ocrx_word' id='word_1_242' title='bbox 1177 4010 1239 4057; x_wconf 90' lang='grc' dir='ltr'>ΙΙ.</span> <span class='ocrx_word' id='word_1_243' title='bbox 1266 4022 1318 4072; x_wconf 90' lang='lat' dir='ltr'>p.</span> <span class='ocrx_word' id='word_1_244' title='bbox 1346 4008 1460 4060; x_wconf 72' lang='lat'><strong>684:</strong></span> 
     </span>
     <span class='ocr_line' id='line_1_43' title="bbox 422 4078 1466 4148; baseline -0.001 -16"><span class='ocrx_word' id='word_1_245' title='bbox 422 4081 484 4132; x_wconf 76' lang='lat' dir='ltr'>st</span> <span class='ocrx_word' id='word_1_246' title='bbox 534 4078 743 4148; x_wconf 75' lang='grc' dir='ltr'>λῷστε,</span> <span class='ocrx_word' id='word_1_247' title='bbox 794 4078 881 4148; x_wconf 86' lang='grc' dir='ltr'>μὴ</span> <span class='ocrx_word' id='word_1_248' title='bbox 932 4078 1127 4147; x_wconf 78' lang='grc' dir='ltr'><strong><em>νόμιζε</em></strong></span> <span class='ocrx_word' id='word_1_249' title='bbox 1171 4079 1286 4132; x_wconf 74' lang='grc' dir='ltr'>τῶν</span> <span class='ocrx_word' id='word_1_250' title='bbox 1323 4080 1466 4132; x_wconf 80' lang='grc' dir='ltr'><strong><em>πολ-</em></strong></span> 
     </span>
     <span class='ocr_line' id='line_1_44' title="bbox 419 4152 1465 4229; baseline -0.001 -22"><span class='ocrx_word' id='word_1_251' title='bbox 419 4154 534 4207; x_wconf 78' lang='grc' dir='ltr'>λῶν</span> <span class='ocrx_word' id='word_1_252' title='bbox 557 4152 660 4207; x_wconf 72' lang='grc' dir='ltr'>ἕνα</span> <span class='ocrx_word' id='word_1_253' title='bbox 674 4152 891 4229; x_wconf 77' lang='grc' dir='ltr'><em>Ἑρμᾶν</em></span> <span class='ocrx_word' id='word_1_254' title='bbox 912 4157 1169 4229; x_wconf 79' lang='grc' dir='ltr'>θεωρεῖν·</span> <span class='ocrx_word' id='word_1_255' title='bbox 1206 4157 1323 4223; x_wconf 77' lang='grc' dir='ltr'><em>εἰμὶ</em></span> <span class='ocrx_word' id='word_1_256' title='bbox 1352 4152 1465 4226; x_wconf 79' lang='grc' dir='ltr'>γὰρ</span> 
     </span>
     <span class='ocr_line' id='line_1_45' title="bbox 419 4230 1466 4293; baseline 0 -11"><span class='ocrx_word' id='word_1_257' title='bbox 419 4233 632 4293; x_wconf 76' lang='grc' dir='ltr'><em>τέχνα</em></span> <span class='ocrx_word' id='word_1_258' title='bbox 654 4230 874 4284; x_wconf 80' lang='grc' dir='ltr'><em>Σκόπα.</em></span> <span class='ocrx_word' id='word_1_259' title='bbox 914 4235 1138 4285; x_wconf 78' lang='lat' dir='ltr'>Maxime</span> <span class='ocrx_word' id='word_1_260' title='bbox 1163 4232 1466 4285; x_wconf 88' lang='lat' dir='ltr'>celebratus</span> 
     </span>
     <span class='ocr_line' id='line_1_46' title="bbox 422 4308 1467 4373; baseline 0.001 -16"><span class='ocrx_word' id='word_1_261' title='bbox 422 4310 505 4357; x_wconf 84' lang='lat' dir='ltr'>est</span> <span class='ocrx_word' id='word_1_262' title='bbox 545 4312 762 4373; x_wconf 88' lang='lat' dir='ltr'>propter</span> <span class='ocrx_word' id='word_1_263' title='bbox 807 4310 1170 4360; x_wconf 82' lang='lat' dir='ltr'>inventionem</span> <span class='ocrx_word' id='word_1_264' title='bbox 1215 4322 1279 4358; x_wconf 92' lang='lat' dir='ltr'>ac</span> <span class='ocrx_word' id='word_1_265' title='bbox 1321 4308 1467 4372; x_wconf 90' lang='lat' dir='ltr'>peri-</span> 
     </span>
    </p>
   </div>
   <div class='ocr_carea' id='block_1_7' title="bbox 593 4400 1417 4449">
    <p class='ocr_par' dir='ltr' id='par_1_12' title="bbox 593 4400 1417 4449">
     <span class='ocr_line' id='line_1_47' title="bbox 593 4400 1417 4449; baseline -0.002 -3"><span class='ocrx_word' id='word_1_266' title='bbox 593 4402 774 4448; x_wconf 73' lang='lat' dir='ltr'>nom.</span> <span class='ocrx_word' id='word_1_267' title='bbox 810 4413 918 4448; x_wconf 77' lang='lat' dir='ltr'>vot..</span> <span class='ocrx_word' id='word_1_268' title='bbox 952 4402 984 4447; x_wconf 86' lang='lat'>1.</span> <span class='ocrx_word' id='word_1_269' title='bbox 1051 4414 1128 4448; x_wconf 70' lang='lat' dir='ltr'>aa.</span> <span class='ocrx_word' id='word_1_270' title='bbox 1164 4413 1321 4449; x_wconf 75' lang='lat' dir='ltr'>uuoa</span> <span class='ocrx_word' id='word_1_271' title='bbox 1348 4400 1417 4445; x_wconf 87' lang='grc' dir='ltr'>ΙΙΙ.</span> 
     </span>
    </p>
   </div>
   <div class='ocr_carea' id='block_1_8' title="bbox 1531 1932 2589 4441">
    <p class='ocr_par' dir='ltr' id='par_1_13' title="bbox 1531 1932 2588 3099">
     <span class='ocr_line' id='line_1_48' title="bbox 1531 1932 2579 1999; baseline 0.003 -16"><span class='ocrx_word' id='word_1_272' title='bbox 1531 1933 1660 1983; x_wconf 90' lang='lat' dir='ltr'>tiam</span> <span class='ocrx_word' id='word_1_273' title='bbox 1695 1933 1747 1982; x_wconf 91' lang='lat' dir='ltr'>in</span> <span class='ocrx_word' id='word_1_274' title='bbox 1780 1932 1946 1983; x_wconf 87' lang='lat' dir='ltr'>rebus</span> <span class='ocrx_word' id='word_1_275' title='bbox 1979 1934 2250 1985; x_wconf 84' lang='lat' dir='ltr'>Bacchicis</span> <span class='ocrx_word' id='word_1_276' title='bbox 2274 1938 2579 1999; x_wconf 80' lang='lat' dir='ltr'>exprimen-</span> 
     </span>
     <span class='ocr_line' id='line_1_49' title="bbox 1532 2006 2577 2073; baseline 0.004 -17"><span class='ocrx_word' id='word_1_277' title='bbox 1532 2006 1614 2057; x_wconf 89' lang='lat' dir='ltr'>dis</span> <span class='ocrx_word' id='word_1_278' title='bbox 1650 2007 2101 2069; x_wconf 83' lang='lat' dir='ltr'>demonstratam‚</span> <span class='ocrx_word' id='word_1_279' title='bbox 2153 2022 2259 2073; x_wconf 90' lang='lat' dir='ltr'>quo</span> <span class='ocrx_word' id='word_1_280' title='bbox 2293 2011 2346 2059; x_wconf 90' lang='lat' dir='ltr'>in</span> <span class='ocrx_word' id='word_1_281' title='bbox 2380 2021 2577 2073; x_wconf 83' lang='lat' dir='ltr'>genere</span> 
     </span>
     <span class='ocr_line' id='line_1_50' title="bbox 1533 2079 2580 2147; baseline 0.005 -17"><span class='ocrx_word' id='word_1_282' title='bbox 1533 2079 1883 2132; x_wconf 84' lang='lat' dir='ltr'>illustrissima</span> <span class='ocrx_word' id='word_1_283' title='bbox 1926 2086 2041 2132; x_wconf 87' lang='lat' dir='ltr'>erat</span> <span class='ocrx_word' id='word_1_284' title='bbox 2081 2084 2196 2135; x_wconf 91' lang='lat' dir='ltr'>eius</span> <span class='ocrx_word' id='word_1_285' title='bbox 2230 2080 2454 2147; x_wconf 79' lang='grc' dir='ltr'><em>Μαινάς</em></span> <span class='ocrx_word' id='word_1_286' title='bbox 2486 2100 2580 2144; x_wconf 84' lang='grc' dir='ltr'>χι-</span> 
     </span>
     <span class='ocr_line' id='line_1_51' title="bbox 1531 2151 2576 2226; baseline 0.004 -22"><span class='ocrx_word' id='word_1_287' title='bbox 1531 2151 1914 2226; x_wconf 75' lang='grc' dir='ltr'><em>μαιροφόρος.</em></span> <span class='ocrx_word' id='word_1_288' title='bbox 1968 2155 2154 2208; x_wconf 84' lang='lat' dir='ltr'>Miiller</span> <span class='ocrx_word' id='word_1_289' title='bbox 2189 2158 2399 2208; x_wconf 80' lang='lat' dir='ltr'>Denkm.</span> <span class='ocrx_word' id='word_1_290' title='bbox 2436 2160 2477 2207; x_wconf 90' lang='lat'>1.</span> <span class='ocrx_word' id='word_1_291' title='bbox 2515 2161 2576 2208; x_wconf 91' lang='lat' dir='ltr'>N.</span> 
     </span>
     <span class='ocr_line' id='line_1_52' title="bbox 1534 2229 2579 2293; baseline 0.004 -15"><span class='ocrx_word' id='word_1_292' title='bbox 1534 2229 1649 2279; x_wconf 76' lang='lat'>⁴40.</span> <span class='ocrx_word' id='word_1_293' title='bbox 1675 2255 1730 2265; x_wconf 86' lang='lat'>—-</span> <span class='ocrx_word' id='word_1_294' title='bbox 1771 2230 1973 2291; x_wconf 70' lang='lat' dir='ltr'>liquidis</span> <span class='ocrx_word' id='word_1_295' title='bbox 1993 2256 2023 2267; x_wconf 89' lang='lat'><strong>·</strong></span> <span class='ocrx_word' id='word_1_296' title='bbox 2045 2232 2306 2293; x_wconf 77' lang='lat' dir='ltr'>coloribus]</span> <span class='ocrx_word' id='word_1_297' title='bbox 2343 2234 2413 2282; x_wconf 85' lang='lat' dir='ltr'>im</span> <span class='ocrx_word' id='word_1_298' title='bbox 2445 2234 2579 2282; x_wconf 79' lang='lat' dir='ltr'>Far-</span> 
     </span>
     <span class='ocr_line' id='line_1_53' title="bbox 1533 2302 2583 2368; baseline 0.003 -16"><span class='ocrx_word' id='word_1_299' title='bbox 1533 2303 1757 2367; x_wconf 78' lang='lat' dir='ltr'>benfluss.</span> <span class='ocrx_word' id='word_1_300' title='bbox 1796 2302 2015 2354; x_wconf 87' lang='lat' dir='ltr'>Gehlen.</span> <span class='ocrx_word' id='word_1_301' title='bbox 2064 2306 2413 2368; x_wconf 84' lang='lat' dir='ltr'>opponuntur</span> <span class='ocrx_word' id='word_1_302' title='bbox 2435 2319 2583 2356; x_wconf 88' lang='lat' dir='ltr'>mar-</span> 
     </span>
     <span class='ocr_line' id='line_1_54' title="bbox 1532 2376 2585 2442; baseline 0.003 -16"><span class='ocrx_word' id='word_1_303' title='bbox 1532 2377 1670 2426; x_wconf 90' lang='lat' dir='ltr'>mori</span> <span class='ocrx_word' id='word_1_304' title='bbox 1701 2376 1882 2440; x_wconf 91' lang='lat' dir='ltr'>liquidi</span> <span class='ocrx_word' id='word_1_305' title='bbox 1921 2377 2151 2438; x_wconf 91' lang='lat' dir='ltr'>colores,</span> <span class='ocrx_word' id='word_1_306' title='bbox 2199 2379 2270 2427; x_wconf 91' lang='lat' dir='ltr'>ita</span> <span class='ocrx_word' id='word_1_307' title='bbox 2304 2381 2362 2427; x_wconf 89' lang='lat' dir='ltr'>ut</span> <span class='ocrx_word' id='word_1_308' title='bbox 2401 2377 2585 2442; x_wconf 89' lang='lat' dir='ltr'>splen-</span> 
     </span>
     <span class='ocr_line' id='line_1_55' title="bbox 1534 2451 2585 2516; baseline 0.002 -15"><span class='ocrx_word' id='word_1_309' title='bbox 1534 2451 1680 2502; x_wconf 84' lang='lat' dir='ltr'>doris</span> <span class='ocrx_word' id='word_1_310' title='bbox 1704 2464 1919 2516; x_wconf 86' lang='lat' dir='ltr'>quoque</span> <span class='ocrx_word' id='word_1_311' title='bbox 1953 2452 2074 2502; x_wconf 90' lang='lat' dir='ltr'>insit</span> <span class='ocrx_word' id='word_1_312' title='bbox 2106 2453 2265 2503; x_wconf 75' lang='lat' dir='ltr'>notio,</span> <span class='ocrx_word' id='word_1_313' title='bbox 2301 2477 2356 2488; x_wconf 97' lang='lat'><strong>—</strong></span> <span class='ocrx_word' id='word_1_314' title='bbox 2400 2453 2585 2503; x_wconf 77' lang='lat' dir='ltr'>Sollers</span> 
     </span>
     <span class='ocr_line' id='line_1_56' title="bbox 1532 2526 2586 2591; baseline 0.001 -15"><span class='ocrx_word' id='word_1_315' title='bbox 1532 2554 1562 2564; x_wconf 90' lang='lat'><em>-</em></span> <span class='ocrx_word' id='word_1_316' title='bbox 1577 2553 1607 2564; x_wconf 89' lang='lat'><strong>·</strong></span> <span class='ocrx_word' id='word_1_317' title='bbox 1623 2526 1827 2591; x_wconf 86' lang='lat' dir='ltr'>ponere]</span> <span class='ocrx_word' id='word_1_318' title='bbox 1855 2528 2086 2591; x_wconf 79' lang='lat' dir='ltr'>«peritus</span> <span class='ocrx_word' id='word_1_319' title='bbox 2108 2528 2293 2578; x_wconf 79' lang='lat' dir='ltr'>artifex</span> <span class='ocrx_word' id='word_1_320' title='bbox 2315 2528 2368 2577; x_wconf 92' lang='lat' dir='ltr'>in</span> <span class='ocrx_word' id='word_1_321' title='bbox 2385 2528 2586 2591; x_wconf 83' lang='lat' dir='ltr'>fingen-</span> 
     </span>
     <span class='ocr_line' id='line_1_57' title="bbox 1535 2600 2584 2663; baseline 0.003 -13"><span class='ocrx_word' id='word_1_322' title='bbox 1535 2600 1658 2650; x_wconf 79' lang='lat' dir='ltr'>do.»</span> <span class='ocrx_word' id='word_1_323' title='bbox 1693 2603 1810 2651; x_wconf 81' lang='lat' dir='ltr'>Ars.</span> <span class='ocrx_word' id='word_1_324' title='bbox 1851 2603 1905 2651; x_wconf 88' lang='lat' dir='ltr'>P.</span> <span class='ocrx_word' id='word_1_325' title='bbox 1944 2601 2034 2652; x_wconf 78' lang='lat'>34:</span> <span class='ocrx_word' id='word_1_326' title='bbox 2069 2615 2259 2663; x_wconf 83' lang='lat' dir='ltr'>ponere</span> <span class='ocrx_word' id='word_1_327' title='bbox 2291 2607 2448 2652; x_wconf 71' lang='lat' dir='ltr'>totum</span> <span class='ocrx_word' id='word_1_328' title='bbox 2479 2604 2584 2653; x_wconf 89' lang='lat' dir='ltr'>Ne—</span> 
     </span>
     <span class='ocr_line' id='line_1_58' title="bbox 1533 2675 2582 2737; baseline 0.001 -12"><span class='ocrx_word' id='word_1_329' title='bbox 1533 2678 1667 2725; x_wconf 80' lang='lat' dir='ltr'>sciet.</span> <span class='ocrx_word' id='word_1_330' title='bbox 1707 2675 1854 2725; x_wconf 87' lang='lat' dir='ltr'>Ovid.</span> <span class='ocrx_word' id='word_1_331' title='bbox 1891 2677 1952 2725; x_wconf 78' lang='lat' dir='ltr'>A.</span> <span class='ocrx_word' id='word_1_332' title='bbox 1989 2677 2050 2725; x_wconf 79' lang='lat' dir='ltr'>A.</span> <span class='ocrx_word' id='word_1_333' title='bbox 2089 2675 2144 2737; x_wconf 88' lang='lat'>3,</span> <span class='ocrx_word' id='word_1_334' title='bbox 2183 2675 2305 2726; x_wconf 75' lang='lat'>40⁴:</span> <span class='ocrx_word' id='word_1_335' title='bbox 2343 2677 2399 2726; x_wconf 88' lang='lat' dir='ltr'>Si</span> <span class='ocrx_word' id='word_1_336' title='bbox 2427 2677 2582 2726; x_wconf 86' lang='lat' dir='ltr'>Vene-</span> 
     </span>
     <span class='ocr_line' id='line_1_59' title="bbox 1534 2750 2576 2813; baseline -0.001 -13"><span class='ocrx_word' id='word_1_337' title='bbox 1534 2763 1643 2800; x_wconf 81' lang='lat' dir='ltr'>rem</span> <span class='ocrx_word' id='word_1_338' title='bbox 1665 2750 1792 2800; x_wconf 78' lang='lat' dir='ltr'>Cous</span> <span class='ocrx_word' id='word_1_339' title='bbox 1823 2762 2083 2810; x_wconf 80' lang='lat' dir='ltr'>nunquam</span> <span class='ocrx_word' id='word_1_340' title='bbox 2110 2750 2352 2811; x_wconf 75' lang='lat' dir='ltr'>posuisset</span> <span class='ocrx_word' id='word_1_341' title='bbox 2371 2751 2576 2813; x_wconf 79' lang='lat' dir='ltr'>Apelles.</span> 
     </span>
     <span class='ocr_line' id='line_1_60' title="bbox 1536 2822 2583 2874; baseline 0 0"><span class='ocrx_word' id='word_1_342' title='bbox 1536 2822 1785 2874; x_wconf 87' lang='lat' dir='ltr'>Similiter</span> <span class='ocrx_word' id='word_1_343' title='bbox 1806 2837 1904 2874; x_wconf 92' lang='lat' dir='ltr'>nos</span> <span class='ocrx_word' id='word_1_344' title='bbox 1927 2824 2207 2873; x_wconf 82' lang='lat' dir='ltr'>darstellen.</span> <span class='ocrx_word' id='word_1_345' title='bbox 2248 2825 2433 2873; x_wconf 89' lang='lat' dir='ltr'>Omnia</span> <span class='ocrx_word' id='word_1_346' title='bbox 2459 2838 2583 2874; x_wconf 89' lang='lat' dir='ltr'>con·</span> 
     </span>
     <span class='ocr_line' id='line_1_61' title="bbox 1537 2898 2585 2949; baseline -0.002 0"><span class='ocrx_word' id='word_1_347' title='bbox 1537 2899 1841 2949; x_wconf 91' lang='lat' dir='ltr'>structionis</span> <span class='ocrx_word' id='word_1_348' title='bbox 1886 2898 2129 2948; x_wconf 79' lang='lat' dir='ltr'>adiectivi</span> <span class='ocrx_word' id='word_1_349' title='bbox 2175 2912 2299 2948; x_wconf 92' lang='lat' dir='ltr'>cum</span> <span class='ocrx_word' id='word_1_350' title='bbox 2333 2899 2585 2948; x_wconf 87' lang='lat' dir='ltr'>infinitivo</span> 
     </span>
     <span class='ocr_line' id='line_1_62' title="bbox 1538 2971 2588 3036; baseline -0.002 -12"><span class='ocrx_word' id='word_1_351' title='bbox 1538 2971 1782 3036; x_wconf 87' lang='lat' dir='ltr'>exempla</span> <span class='ocrx_word' id='word_1_352' title='bbox 1816 2973 2095 3023; x_wconf 86' lang='lat' dir='ltr'>Horatiana</span> <span class='ocrx_word' id='word_1_353' title='bbox 2131 2972 2200 3024; x_wconf 86' lang='lat' dir='ltr'>ad</span> <span class='ocrx_word' id='word_1_354' title='bbox 2223 2972 2276 3022; x_wconf 90' lang='lat' dir='ltr'>h.</span> <span class='ocrx_word' id='word_1_355' title='bbox 2315 2971 2348 3022; x_wconf 89' lang='lat' dir='ltr'>l.</span> <span class='ocrx_word' id='word_1_356' title='bbox 2376 2971 2588 3036; x_wconf 85' lang='lat' dir='ltr'>collegit</span> 
     </span>
     <span class='ocr_line' id='line_1_63' title="bbox 1538 3046 1847 3099; baseline -0.013 0"><span class='ocrx_word' id='word_1_357' title='bbox 1538 3046 1847 3099; x_wconf 81' lang='lat' dir='ltr'>Lambinus.</span> 
     </span>
    </p>

    <p class='ocr_par' dir='ltr' id='par_1_14' title="bbox 1536 3121 2589 4366">
     <span class='ocr_line' id='line_1_64' title="bbox 1603 3121 2583 3186; baseline -0.003 -15"><span class='ocrx_word' id='word_1_358' title='bbox 1603 3122 1652 3172; x_wconf 84' lang='lat'>9.</span> <span class='ocrx_word' id='word_1_359' title='bbox 1703 3122 1783 3172; x_wconf 78' lang='lat' dir='ltr'>io.</span> <span class='ocrx_word' id='word_1_360' title='bbox 1836 3123 1928 3183; x_wconf 86' lang='lat' dir='ltr'>vis]</span> <span class='ocrx_word' id='word_1_361' title='bbox 1984 3121 2234 3173; x_wconf 73' lang='lat' dir='ltr'>«facultas</span> <span class='ocrx_word' id='word_1_362' title='bbox 2280 3123 2335 3172; x_wconf 90' lang='lat' dir='ltr'>et</span> <span class='ocrx_word' id='word_1_363' title='bbox 2375 3123 2583 3186; x_wconf 80' lang='lat' dir='ltr'>copia.»</span> 
     </span>
     <span class='ocr_line' id='line_1_65' title="bbox 1542 3196 2587 3261; baseline 0 -14"><span class='ocrx_word' id='word_1_364' title='bbox 1542 3222 1597 3232; x_wconf 98' lang='lat'><strong>—</strong></span> <span class='ocrx_word' id='word_1_365' title='bbox 1631 3211 1733 3247; x_wconf 84' lang='lat' dir='ltr'>non</span> <span class='ocrx_word' id='word_1_366' title='bbox 1781 3197 1885 3258; x_wconf 72' lang='lat' dir='ltr'>tibi]</span> <span class='ocrx_word' id='word_1_367' title='bbox 1935 3211 2037 3247; x_wconf 86' lang='lat' dir='ltr'>non</span> <span class='ocrx_word' id='word_1_368' title='bbox 2081 3198 2203 3261; x_wconf 88' lang='lat' dir='ltr'>apte</span> <span class='ocrx_word' id='word_1_369' title='bbox 2247 3196 2316 3246; x_wconf 90' lang='lat' dir='ltr'>ad</span> <span class='ocrx_word' id='word_1_370' title='bbox 2367 3200 2587 3247; x_wconf 89' lang='lat' dir='ltr'>senten-</span> 
     </span>
     <span class='ocr_line' id='line_1_66' title="bbox 1538 3270 2586 3322; baseline 0 -1"><span class='ocrx_word' id='word_1_371' title='bbox 1538 3273 1668 3321; x_wconf 82' lang='lat' dir='ltr'>tiam</span> <span class='ocrx_word' id='word_1_372' title='bbox 1687 3272 2084 3322; x_wconf 73' lang='lat' dir='ltr'>concitatiorem</span> <span class='ocrx_word' id='word_1_373' title='bbox 2102 3270 2277 3321; x_wconf 84' lang='lat' dir='ltr'>reddit</span> <span class='ocrx_word' id='word_1_374' title='bbox 2292 3273 2586 3321; x_wconf 89' lang='lat' dir='ltr'>orationem</span> 
     </span>
     <span class='ocr_line' id='line_1_67' title="bbox 1539 3345 2584 3408; baseline 0.001 -15"><span class='ocrx_word' id='word_1_375' title='bbox 1539 3358 1703 3408; x_wconf 86' lang='lat' dir='ltr'>quam</span> <span class='ocrx_word' id='word_1_376' title='bbox 1736 3358 1849 3405; x_wconf 85' lang='lat' dir='ltr'>nec,</span> <span class='ocrx_word' id='word_1_377' title='bbox 1905 3347 1957 3394; x_wconf 92' lang='lat' dir='ltr'>in</span> <span class='ocrx_word' id='word_1_378' title='bbox 1992 3345 2139 3408; x_wconf 91' lang='lat' dir='ltr'>quod</span> <span class='ocrx_word' id='word_1_379' title='bbox 2175 3345 2303 3395; x_wconf 89' lang='lat' dir='ltr'>illud</span> <span class='ocrx_word' id='word_1_380' title='bbox 2339 3345 2584 3396; x_wconf 83' lang='lat' dir='ltr'>facillime</span> 
     </span>
     <span class='ocr_line' id='line_1_68' title="bbox 1538 3419 2580 3482; baseline 0.001 -15"><span class='ocrx_word' id='word_1_381' title='bbox 1538 3419 1732 3468; x_wconf 89' lang='lat' dir='ltr'>mutari</span> <span class='ocrx_word' id='word_1_382' title='bbox 1781 3419 1974 3482; x_wconf 85' lang='lat' dir='ltr'>potuit,</span> <span class='ocrx_word' id='word_1_383' title='bbox 2041 3432 2147 3468; x_wconf 92' lang='lat' dir='ltr'>non</span> <span class='ocrx_word' id='word_1_384' title='bbox 2204 3421 2403 3469; x_wconf 89' lang='lat' dir='ltr'>contra.</span> <span class='ocrx_word' id='word_1_385' title='bbox 2475 3419 2580 3469; x_wconf 75' lang='lat' dir='ltr'>Cir.</span> 
     </span>
     <span class='ocr_line' id='line_1_69' title="bbox 1539 3491 2578 3552; baseline 0 -10"><span class='ocrx_word' id='word_1_386' title='bbox 1539 3493 1634 3542; x_wconf 91' lang='lat' dir='ltr'>Od.</span> <span class='ocrx_word' id='word_1_387' title='bbox 1656 3491 1706 3552; x_wconf 74' lang='lat'>4,</span> <span class='ocrx_word' id='word_1_388' title='bbox 1729 3492 1778 3552; x_wconf 85' lang='grc'>9,</span> <span class='ocrx_word' id='word_1_389' title='bbox 1797 3492 1898 3552; x_wconf 71' lang='grc'>49.,</span> <span class='ocrx_word' id='word_1_390' title='bbox 1925 3491 2015 3540; x_wconf 92' lang='lat' dir='ltr'>ubi</span> <span class='ocrx_word' id='word_1_391' title='bbox 2035 3492 2228 3542; x_wconf 88' lang='lat' dir='ltr'>eadem</span> <span class='ocrx_word' id='word_1_392' title='bbox 2246 3494 2492 3542; x_wconf 86' lang='lat' dir='ltr'>varietas.</span> <span class='ocrx_word' id='word_1_393' title='bbox 2524 3518 2578 3528; x_wconf 95' lang='lat'><strong>—</strong></span> 
     </span>
     <span class='ocr_line' id='line_1_70' title="bbox 1536 3565 2585 3628; baseline 0 -11"><span class='ocrx_word' id='word_1_394' title='bbox 1536 3568 1656 3628; x_wconf 82' lang='lat' dir='ltr'>Res]</span> <span class='ocrx_word' id='word_1_395' title='bbox 1709 3565 1993 3616; x_wconf 84' lang='lat' dir='ltr'>familiaris.</span> <span class='ocrx_word' id='word_1_396' title='bbox 2068 3566 2244 3615; x_wconf 71' lang='lat' dir='ltr'>«Cum</span> <span class='ocrx_word' id='word_1_397' title='bbox 2294 3568 2406 3615; x_wconf 90' lang='lat' dir='ltr'>tute</span> <span class='ocrx_word' id='word_1_398' title='bbox 2456 3568 2585 3619; x_wconf 88' lang='lat' dir='ltr'>satis</span> 
     </span>
     <span class='ocr_line' id='line_1_71' title="bbox 1536 3638 2587 3704; baseline 0 -14"><span class='ocrx_word' id='word_1_399' title='bbox 1536 3638 1775 3704; x_wconf 84' lang='lat' dir='ltr'>locuples</span> <span class='ocrx_word' id='word_1_400' title='bbox 1810 3642 1907 3700; x_wconf 91' lang='lat' dir='ltr'>sis,</span> <span class='ocrx_word' id='word_1_401' title='bbox 1963 3651 2097 3704; x_wconf 90' lang='lat' dir='ltr'>opus</span> <span class='ocrx_word' id='word_1_402' title='bbox 2133 3653 2237 3689; x_wconf 91' lang='lat' dir='ltr'>non</span> <span class='ocrx_word' id='word_1_403' title='bbox 2277 3639 2474 3702; x_wconf 77' lang='lat' dir='ltr'>habeS,</span> <span class='ocrx_word' id='word_1_404' title='bbox 2527 3644 2587 3690; x_wconf 90' lang='lat' dir='ltr'>ut</span> 
     </span>
     <span class='ocr_line' id='line_1_72' title="bbox 1538 3714 2585 3778; baseline -0.001 -13"><span class='ocrx_word' id='word_1_405' title='bbox 1538 3716 1657 3778; x_wconf 87' lang='lat' dir='ltr'>quis</span> <span class='ocrx_word' id='word_1_406' title='bbox 1708 3714 1830 3764; x_wconf 86' lang='lat' dir='ltr'>talia</span> <span class='ocrx_word' id='word_1_407' title='bbox 1862 3714 1958 3764; x_wconf 88' lang='lat' dir='ltr'>tibi</span> <span class='ocrx_word' id='word_1_408' title='bbox 1991 3714 2187 3775; x_wconf 87' lang='lat' dir='ltr'>donet,</span> <span class='ocrx_word' id='word_1_409' title='bbox 2235 3727 2412 3777; x_wconf 86' lang='lat' dir='ltr'>neque</span> <span class='ocrx_word' id='word_1_410' title='bbox 2456 3728 2585 3764; x_wconf 88' lang='lat' dir='ltr'>vero</span> 
     </span>
     <span class='ocr_line' id='line_1_73' title="bbox 1538 3788 2587 3852; baseline 0.001 -15"><span class='ocrx_word' id='word_1_411' title='bbox 1538 3789 1691 3838; x_wconf 87' lang='lat' dir='ltr'>nimis</span> <span class='ocrx_word' id='word_1_412' title='bbox 1725 3789 1950 3852; x_wconf 88' lang='lat' dir='ltr'>cupidus</span> <span class='ocrx_word' id='word_1_413' title='bbox 1984 3802 2044 3839; x_wconf 90' lang='lat' dir='ltr'>es</span> <span class='ocrx_word' id='word_1_414' title='bbox 2079 3788 2341 3839; x_wconf 89' lang='lat' dir='ltr'>eiusmodi</span> <span class='ocrx_word' id='word_1_415' title='bbox 2380 3788 2587 3838; x_wconf 80' lang='lat' dir='ltr'>delicia-</span> 
     </span>
     <span class='ocr_line' id='line_1_74' title="bbox 1536 3863 2586 3926; baseline 0.002 -15"><span class='ocrx_word' id='word_1_416' title='bbox 1536 3876 1704 3922; x_wconf 75' lang='lat' dir='ltr'>rum»,</span> <span class='ocrx_word' id='word_1_417' title='bbox 1751 3863 2209 3926; x_wconf 86' lang='lat' dir='ltr'>quemadmodum</span> <span class='ocrx_word' id='word_1_418' title='bbox 2244 3863 2462 3912; x_wconf 87' lang='lat' dir='ltr'>Romani</span> <span class='ocrx_word' id='word_1_419' title='bbox 2495 3876 2586 3913; x_wconf 89' lang='lat' dir='ltr'>se-</span> 
     </span>
     <span class='ocr_line' id='line_1_75' title="bbox 1537 3937 2588 4001; baseline 0 -16"><span class='ocrx_word' id='word_1_420' title='bbox 1537 3937 1777 3986; x_wconf 87' lang='lat' dir='ltr'>veriores</span> <span class='ocrx_word' id='word_1_421' title='bbox 1801 3939 2063 3988; x_wconf 83' lang='lat' dir='ltr'>artiflcum</span> <span class='ocrx_word' id='word_1_422' title='bbox 2082 3941 2410 3988; x_wconf 91' lang='lat' dir='ltr'>Graecorum</span> <span class='ocrx_word' id='word_1_423' title='bbox 2433 3949 2588 4001; x_wconf 90' lang='lat' dir='ltr'>prae-</span> 
     </span>
     <span class='ocr_line' id='line_1_76' title="bbox 1541 4008 2581 4073; baseline 0 -14"><span class='ocrx_word' id='word_1_424' title='bbox 1541 4008 1684 4060; x_wconf 85' lang='lat' dir='ltr'>clara</span> <span class='ocrx_word' id='word_1_425' title='bbox 1707 4023 1868 4073; x_wconf 89' lang='lat' dir='ltr'>opera</span> <span class='ocrx_word' id='word_1_426' title='bbox 1892 4011 2252 4062; x_wconf 87' lang='lat' dir='ltr'>nominabant.</span> <span class='ocrx_word' id='word_1_427' title='bbox 2292 4012 2401 4060; x_wconf 89' lang='lat' dir='ltr'>Cic.</span> <span class='ocrx_word' id='word_1_428' title='bbox 2429 4011 2581 4060; x_wconf 87' lang='lat' dir='ltr'>Verr.</span> 
     </span>
     <span class='ocr_line' id='line_1_77' title="bbox 1539 4083 2587 4144; baseline -0.001 -11"><span class='ocrx_word' id='word_1_429' title='bbox 1539 4085 1730 4134; x_wconf 81' lang='lat' dir='ltr'>Aecus.</span> <span class='ocrx_word' id='word_1_430' title='bbox 1758 4083 1815 4144; x_wconf 74' lang='lat'>4,</span> <span class='ocrx_word' id='word_1_431' title='bbox 1853 4084 1942 4134; x_wconf 80' lang='lat'>23:</span> <span class='ocrx_word' id='word_1_432' title='bbox 1980 4085 2065 4133; x_wconf 84' lang='lat' dir='ltr'>Sic</span> <span class='ocrx_word' id='word_1_433' title='bbox 2083 4085 2345 4134; x_wconf 77' lang='lat' dir='ltr'>Haluntini</span> <span class='ocrx_word' id='word_1_434' title='bbox 2367 4085 2587 4133; x_wconf 68' lang='lat' dir='ltr'>amussis</span> 
     </span>
     <span class='ocr_line' id='line_1_78' title="bbox 1539 4157 2588 4220; baseline 0 -14"><span class='ocrx_word' id='word_1_435' title='bbox 1539 4158 1726 4206; x_wconf 57' lang='lat' dir='ltr'>deliciis</span> <span class='ocrx_word' id='word_1_436' title='bbox 1776 4157 2043 4218; x_wconf 84' lang='lat' dir='ltr'>(vasorum</span> <span class='ocrx_word' id='word_1_437' title='bbox 2088 4157 2428 4220; x_wconf 87' lang='lat' dir='ltr'>ornamentis)</span> <span class='ocrx_word' id='word_1_438' title='bbox 2474 4171 2588 4206; x_wconf 80' lang='lat' dir='ltr'>cum</span> 
     </span>
     <span class='ocr_line' id='line_1_79' title="bbox 1539 4231 2589 4294; baseline -0.001 -15"><span class='ocrx_word' id='word_1_439' title='bbox 1539 4235 1749 4294; x_wconf 65' lang='lat' dir='ltr'>argento</span> <span class='ocrx_word' id='word_1_440' title='bbox 1758 4243 1893 4291; x_wconf 82' lang='lat' dir='ltr'>puro</span> <span class='ocrx_word' id='word_1_441' title='bbox 1911 4232 2110 4281; x_wconf 78' lang='lat' dir='ltr'>domum</span> <span class='ocrx_word' id='word_1_442' title='bbox 2125 4235 2453 4283; x_wconf 75' lang='lat' dir='ltr'>reverterunt.</span> <span class='ocrx_word' id='word_1_443' title='bbox 2473 4231 2589 4294; x_wconf 77' lang='lat' dir='ltr'>(sol-</span> 
     </span>
     <span class='ocr_line' id='line_1_80' title="bbox 1538 4304 2262 4366; baseline 0 -11"><span class='ocrx_word' id='word_1_444' title='bbox 1538 4305 1716 4355; x_wconf 76' lang='lat' dir='ltr'>cherlei</span> <span class='ocrx_word' id='word_1_445' title='bbox 1747 4304 2059 4356; x_wconf 66' lang='lat' dir='ltr'>detlichkeie</span> <span class='ocrx_word' id='word_1_446' title='bbox 2091 4306 2262 4366; x_wconf 73' lang='lat' dir='ltr'>vose.)</span> 
     </span>
    </p>

    <p class='ocr_par' dir='ltr' id='par_1_15' title="bbox 2190 4398 2245 4441">
     <span class='ocr_line' id='line_1_81' title="bbox 2190 4398 2245 4441; baseline 0 0"><span class='ocrx_word' id='word_1_447' title='bbox 2190 4398 2245 4441; x_wconf 78' lang='lat'>37</span> 
     </span>
    </p>
   </div>
  </div>
 </body>
</html>
