3234 4975
612 380 737 445 374

1387 378 1641 429 HORATll
1678 378 2014 430 CARMlNUM

1388 940 2023 1005 cmv-

945 1139 1139 1207 Caelo
1177 1149 1503 1205 tonantem
1544 1136 1940 1205 credidimus
1986 1139 2204 1204 lovem

948 1264 1271 1348 Regnare:
1319 1280 1633 1348 praesens
1677 1259 1866 1326 divus
1913 1257 2256 1325 habebitur

742 1495 805 1544 V.
842 1495 1006 1545 Inscr.
1043 1493 1179 1559 volg.
1248 1496 1307 1544 In
1337 1495 1537 1545 laudem
1570 1495 1801 1545 Caesaris
1830 1493 2057 1558 Auyusti.
2117 1521 2170 1529 —-
2227 1494 2304 1543 Ad
2337 1493 2506 1543 divum
2537 1494 2713 1559 Aaou·

676 1572 809 1618 suun
838 1568 968 1619 Bbc.
1009 1596 1063 1604 —
1100 1569 1159 1617 In
1190 1568 1427 1619 honorem
1455 1568 1667 1633 Aufusti
1700 1568 1791 1617 ST.

675 1782 736 1832 V.
776 1781 1090 1839 «Phraates,
1130 1792 1256 1830 cum
1289 1792 1338 1829 a.
1373 1792 1425 1828 u.
1464 1792 1511 1829 c.
1539 1779 1653 1829 73⁴.

608 1855 777 1906 fllium
810 1856 1009 1905 Romae
1044 1853 1320 1903 detentum
1353 1865 1417 1901 ea
1447 1852 1562 1916 lege
1587 1852 1657 1902 ab

609 1929 845 1993 Augusto
879 1929 1200 1992 recepisset,
1242 1929 1303 1977 ut
1336 1928 1573 1990 captivos
1604 1928 1659 1976 et

611 2004 761 2067 signa
817 2001 1059 2052 militaria
1110 2002 1286 2051 Crassi
1346 2003 1400 2051 et
1447 2002 1659 2051 Antonii

612 2076 853 2128 cladibus
899 2077 1094 2125 amissa
1146 2076 1478 2134 restitueret,
1531 2075 1657 2125 huic

610 2154 793 2201 tamen
826 2150 887 2198 ut
918 2149 1278 2210 satisfaceret,
1331 2148 1476 2198 haud
1507 2151 1659 2214 prius

616 2222 814 2288 impelli
867 2224 1062 2287 potuit,
1117 2236 1279 2286 quam
1325 2236 1388 2273 ea
1436 2223 1505 2273 ab
1547 2226 1660 2273 Au-

612 2299 796 2362 gusto,
850 2311 1014 2361 quem
1063 2299 1114 2347 in
1159 2299 1340 2349 Asiam
1385 2300 1658 2350 traiecisse

614 2374 670 2422 et
704 2370 773 2421 ad
797 2373 1003 2435 Syriam
1034 2384 1207 2436 usque
1230 2375 1544 2437 pervenisse
1569 2386 1660 2423 sa-

612 2447 680 2497 tis
727 2445 1031 2510 constabat,
1086 2445 1227 2497 bello
1271 2449 1560 2512 repetitum
1595 2449 1659 2498 iri

612 2520 753 2572 fama
789 2521 1204 2585 percrebuisset.
1253 2522 1379 2572 Erat
1410 2524 1455 2573 is
1489 2535 1660 2573 annus

611 2608 666 2645 u.
704 2609 751 2646 c.
790 2595 903 2647 734.
952 2597 1098 2656 Quae
1132 2610 1223 2646 res
1258 2598 1356 2647 etsi
1392 2611 1456 2647 ex
1491 2598 1660 2661 pactis

613 2682 739 2720 cum
787 2670 996 2720 Parthis
1048 2671 1118 2719 ita
1169 2673 1316 2721 esset
1363 2673 1657 2732 transacta,

610 2745 909 2806 Augustum
943 2747 1148 2805 tamen,
1186 2745 1331 2808 quod
1354 2745 1467 2795 solo
1493 2747 1662 2796 nomi-

613 2818 695 2868 nis
751 2818 833 2868 sui
882 2820 1088 2869 terrore
1140 2819 1428 2880 Phraaten,
1486 2822 1546 2870 ut
1596 2833 1660 2869 ea

613 2894 803 2952 staret,
842 2892 1127 2955 adegisset,
1164 2894 1235 2942 ita
1262 2906 1383 2943 sese
1408 2890 1658 2944 extulisse

615 2967 848 3025 constat,
902 2968 961 3015 ut
995 2967 1257 3016 maximae
1292 2967 1457 3016 instar
1487 2968 1661 3017 victo-

616 3039 728 3088 riae
764 3040 1152 3089 restitutionem
1195 3040 1351 3090 istam
1383 3040 1657 3100 babuerit,

616 3113 963 3175 orationeque
988 3114 1042 3162 et
1062 3125 1190 3162 arcu
1214 3113 1542 3177 triumphali,
1570 3114 1663 3164 de-

618 3186 780 3249 nique
815 3187 1048 3236 nummis
1082 3200 1220 3250 quae
1266 3185 1659 3250 celebraretur,

617 3259 833 3322 dignam
866 3258 1090 3309 duxerit.
1162 3261 1268 3310 Cir.
1312 3262 1535 3312 Dionem
1568 3263 1658 3324 54,

615 3333 699 3384 8.»
736 3333 1123 3384 Mirscaauica.
1163 3336 1527 3396 (Nummorum
1546 3335 1664 3386 illo-

617 3422 738 3460 rum
794 3410 922 3460 satis
977 3410 1333 3474 frequentium
1388 3412 1662 3476 inscriptio

617 3481 703 3533 vel
738 3483 1049 3547 simpliciter
1071 3487 1263 3537 Stems.
1299 3488 1553 3538 lii-:carus
1576 3485 1660 3537 vel

617 3558 811 3609 smnus,
890 3559 1172 3609 Pfflrmcts.
1260 3562 1508 3612 Racnrrls
1575 3559 1660 3610 vel

616 3633 774 3683 Ctrm.
826 3634 918 3683 Er.
969 3634 1111 3684 Smiv.
1169 3636 1344 3685 Mlur.
1399 3636 1458 3686 A.
1512 3639 1657 3686 ΡΜ.

613 3710 798 3759 Rsscvr.
836 3706 1023 3759 Mffller
1068 3708 1277 3758 Denkm.
1330 3710 1393 3760 V.
1444 3714 1505 3760 N.
1541 3711 1655 3759 35⁴.

616 3781 815 3833 Eckhel
848 3783 910 3832 D.
937 3783 997 3832 N.
1037 3782 1118 3832 vl.
1151 3796 1206 3846 p.
1236 3784 1347 3834 404.
1377 3784 1481 3834 Cfr.
1510 3784 1659 3833 Wei-

616 3856 770 3906 chert
802 3855 869 3905 de
903 3856 1062 3904 Vario
1095 3869 1216 3920 pag.
1254 3856 1386 3918 373.)
1435 3884 1487 3892 -
1531 3855 1660 3906 Vol-

616 3930 755 3992 garis
806 3932 922 3979 erat
973 3930 1107 3979 haec
1157 3929 1284 3980 olim
1333 3932 1524 3994 opinio.
1596 3932 1663 3982 At

615 4005 833 4068 propter
898 4005 1239 4066 gravissimas
1311 4006 1540 4055 rationes
1608 4009 1664 4056 et

616 4077 817 4128 Franke
853 4078 907 4127 F.
946 4080 1071 4129 Hor.
1110 4092 1163 4142 p.
1202 4079 1314 4129 489.
1353 4082 1407 4129 et
1452 4080 1663 4130 Liibker

616 4152 719 4202 hoc
770 4163 987 4202 carmen
1041 4154 1218 4216 potius
1267 4155 1389 4205 ante
1439 4156 1569 4206 cives
1617 4161 1665 4206 at

613 4228 759 4291 siqua
790 4227 1037 4277 militaria
1057 4240 1091 4276 a
1111 4228 1308 4279 Parthis
1338 4236 1659 4293 recuperata,

1732 1793 1797 1829 ac
1829 1777 2179 1845 probabiliter
2211 1779 2280 1830 ad
2314 1793 2363 1829 a.
2401 1780 2515 1831 728.
2553 1779 2638 1831 vel
2662 1780 2776 1831 729.

1731 1853 2077 1904 referendum
2112 1866 2233 1906 esse
2266 1856 2581 1905 statuerunt.

1797 1927 1846 1976 t.
1906 1928 2071 1992 Caelo]
2125 1929 2288 1991 lungo
2344 1929 2482 1977 caelo
2530 1942 2778 1993 roy-nare,

1732 2002 1792 2050 ut
1823 2002 2020 2051 Lucan.
2047 2001 2104 2061 3,
2142 2001 2263 2052 3⁴8:
2299 2003 2542 2064 sortisque
2573 2004 2783 2053 deorum

1730 2075 1975 2138 [quamn
2005 2076 2218 2124 mortale
2249 2089 2404 2139 genus
2428 2089 2526 2138 per
2564 2077 2783 2139 Μηιᾶηα

1731 2153 1928 2198 tantum
1984 2150 2146 2199 Sciret
2198 2149 2361 2199 adhuc
2419 2150 2556 2200 caelo
2622 2151 2782 2201 solum

1729 2237 1947 2287 regnare
1972 2224 2254 2274 Tonantem.
2292 2222 2388 2274 Alii
2413 2225 2588 2275 minus
2613 2228 2778 2275 recte:

1735 2298 1798 2361 (e)
1844 2299 1981 2348 caelo
2030 2304 2298 2349 mantem.
2355 2325 2411 2335 —
2464 2300 2780 2364 credidimus]

1735 2385 2009 2436 «semper,
2058 2375 2219 2435 atque
2256 2373 2563 2422 etiamnunc
2603 2373 2783 2423 credi-

1735 2457 1907 2497 mus.»
1946 2445 2094 2509 (apro
2120 2447 2267 2497 certo
2302 2445 2565 2498 habemus
2599 2448 2780 2497 Iovem

1734 2519 1866 2570 caeli
1923 2533 2045 2571 esse
2100 2533 2314 2584 regem,
2387 2522 2510 2584 quia
2566 2523 2778 2572 tonat.»

1735 2596 1910 2643 Gross.
1948 2595 2083 2657 aar.)

1799 2667 1909 2718 2-4.
1952 2669 2208 2733 praesens]
2243 2665 2548 2733 ἐπιφανής.
2608 2671 2694 2720 Sic
2728 2671 2779 2720 in

1735 2742 1969 2792 nummis
2019 2744 2071 2792 di
2111 2750 2394 2805 praesentes
2443 2747 2498 2794 et
2531 2757 2780 2806 praesen-

1732 2815 1922 2865 tissimi.
1994 2818 2345 2880 Spanhemius
2395 2820 2435 2868 1.
2487 2832 2607 2883 pag.
2661 2817 2775 2868 426.

1734 2892 1930 2940 Auson.
1969 2892 2122 2942 Caes.
2159 2893 2217 2942 2:
2271 2893 2565 2954 Augustum
2612 2893 2778 2942 Roma

1730 2965 1789 3012 In
1823 2965 1972 3014 terris
1996 2966 2216 3027 positum
2238 2967 2448 3015 credidit
2480 2979 2581 3016 esse
2613 2967 2774 3015 damn.

1735 3036 1841 3086 Ct'r.
1879 3038 1973 3088 Od.
2015 3039 2070 3101 ⁴,
2110 3040 2193 3100 ⁴2,
2231 3040 2313 3088 5⁴.
2372 3038 2428 3096 4,
2469 3038 2557 3099 ⁴4,
2597 3040 2678 3090 43.
2721 3067 2774 3075 —-

1734 3111 2008 3178 Britannis]
2050 3112 2240 3163 Strabo
2282 3112 2331 3164 4.
2368 3127 2423 3178 p.
2460 3115 2586 3164 200:
2637 3114 2780 3164 Νυνὶ

1733 3187 1933 3249 μέντοι
1981 3185 2095 3237 τῶν
2146 3185 2443 3239 δυναστῶν
2479 3202 2627 3250 τινες
2663 3184 2780 3238 τῶν

1734 3254 1946 3311 αὐτόθι
1979 3260 2364 3332 πρεσβεύσεσι
2397 3264 2496 3313 καὶ
2519 3264 2781 3334 θεραπεί-

1735 3350 1828 3397 αις
1869 3334 2444 3402 κατασκευασάμενοι
2484 3334 2592 3402 τὴν
2636 3334 2780 3408 πρὸς

1736 3409 2005 3480 Καίσαρα
2058 3406 2162 3460 τὸν
2209 3407 2509 3471 Σεβαστὸν
2560 3410 2776 3473 φιλίαν,

1735 3478 2087 3549 ἀναθήματά
2104 3500 2164 3535 τε
2181 3480 2477 3552 ἀνέθηκαν
2493 3485 2554 3536 ἐν
2571 3481 2647 3552 τῷ
2669 3486 2780 3535 Κα-

1724 3556 1981 3624 ’πιτωλιῳ
2004 3561 2102 3609 καὶ
2126 3562 2345 3611 οἰκείαν
2367 3556 2579 3620 σχεδόν
2601 3575 2655 3611 τι
2677 3574 2779 3616 κα-

1735 3630 2094 3703 ρεσκεύασαν
2138 3640 2260 3697 τοῖς
2292 3628 2598 3701 Ῥωμαίοις
2636 3626 2779 3701 ὃλην

1734 3704 1841 3772 τὴν
1873 3707 2073 3773 νῆσον.
2112 3711 2245 3761 Satis
2277 3709 2628 3774 hyperbolice
2652 3724 2779 3774 pro-
2881 3707 2886 3712 ’

1733 3785 1855 3848 pter
1888 3785 2021 3834 haec
2053 3786 2424 3835 Britannorum
2458 3785 2630 3835 officia
2654 3798 2778 3847 erga

1735 3861 2029 3921 Augustum
2064 3862 2119 3909 et
2151 3859 2545 3923 expeditionem
2579 3859 2630 3908 in
2660 3861 2782 3908 Par-

1737 3933 1857 3984 thos
1891 3935 2261 3998 praeparatam
2295 3936 2580 3995 utramque
2610 3933 2781 3982 natio-

1737 4020 1860 4057 nem
1896 4008 1947 4057 in
1982 4008 2247 4057 dicionem
2289 4007 2581 4056 Romanam
2621 4005 2781 4056 reda-

1737 4083 1878 4131 ctam
1913 4095 2035 4133 esse
2072 4081 2200 4132 dicit
2220 4079 2305 4130 vel
2330 4082 2504 4145 potius
2525 4081 2780 4130 vaticina-

1737 4159 1850 4216 tur,
1906 4169 2026 4206 mox
2066 4156 2207 4217 fore,
2261 4157 2320 4208 ut
2352 4157 2408 4205 et
2439 4154 2525 4205 illa
2558 4157 2613 4204 et
2644 4153 2779 4203 haec

1737 4231 2062 4281 domaretur.
2086 4258 2136 4267 -·
2157 4232 2348 4282 Graves
2364 4231 2546 4281 autem
2564 4231 2776 4288 Persae,
