3234 4975
624 382 750 446 540

1387 382 1640 432 HORATll
1679 383 2015 435 CARMINUM

966 541 1040 605 Et
1084 541 1209 605 iam
1255 539 1448 605 dente
1492 537 1706 604 minus
1751 537 2058 605 mordeor
2104 538 2337 605 invido.

876 700 933 765 Ο
959 750 973 776 ,
1019 697 1356 765 testudinis
1400 719 1640 765 aureae

959 818 1230 888 Dulcem
1274 839 1445 908 quae
1489 818 1826 907 strepitum
1854 871 1868 897 ,
1917 819 2124 894 Pieri,
2168 798 2532 906 temperaS,

875 944 933 1009 Ο
977 942 1169 1008 mutis
1212 961 1476 1029 quoque
1519 939 1807 1028 piscibus

955 1064 1284 1130 Donatum
1327 1062 1545 1151 cycni,
1594 1061 1648 1126 si
1693 1059 1918 1138 libeat,
1966 1081 2234 1137 sonum,

752 1251 835 1302 20.
872 1251 1008 1315 ciqni
1040 1249 1167 1300 bed.

627 1411 808 1459 autem
825 1448 837 1472 ,
890 1410 1153 1472 quatenus
1195 1409 1386 1473 poetae
1421 1407 1671 1460 omnibus

622 1484 733 1534 cari
772 1484 1085 1548 acceptique
1124 1484 1266 1534 sunt.
1308 1510 1363 1521 -
1410 1482 1667 1548 mordeor]

625 1558 873 1619 «rodor»,
909 1561 970 1608 ut
993 1560 1076 1609 est
1097 1557 1240 1622 apud
1263 1557 1411 1609 ovid.
1438 1558 1590 1609 Trist.
1614 1556 1666 1618 4,

625 1632 713 1694 40,
753 1632 878 1683 423;
931 1633 1069 1693 Nec,
1123 1633 1208 1694 qui
1240 1633 1479 1681 detrectat
1509 1644 1673 1694 prae—

624 1708 803 1769 sentia,
838 1708 991 1757 Livor
1021 1707 1194 1769 iniquo
1220 1707 1382 1757 Ullum
1403 1707 1462 1755 de
1489 1706 1674 1756 nostris

624 1784 765 1833 dente
811 1782 1080 1832 momordit
1127 1796 1265 1845 opus.
1335 1780 1554 1834 Martial.
1600 1784 1669 1843 ὅ,

624 1858 725 1908 28;
801 1855 1049 1920 (Invidus)
1117 1855 1431 1920 Rubiqinosts
1491 1861 1674 1906 cuncta

622 1931 847 1981 dentibus
873 1931 1025 1981 rodit.
1085 1929 1234 1981 Pind.
1279 1930 1431 1994 Pyth.
1468 1932 1534 1992 2,
1571 1930 1666 1981 53:

586 2002 803 2068 ’δάκος
852 2001 1052 2055 ἀδινὸν
1099 2001 1475 2076 κακαγοριᾶν.
1546 2006 1672 2055 Tor-

624 2092 782 2140 queor
837 2078 1204 2141 Cuninghamii
1274 2076 1428 2141 longe
1492 2080 1670 2129 minus

624 2153 929 2217 appositum
973 2153 1055 2202 est
1096 2165 1161 2202 ae
1192 2166 1322 2203 vera
1356 2153 1669 2203 auctoritate

628 2228 792 2277 caret.
834 2224 1096 2288 «Glorian,
1134 2226 1331 2290 inquit,
1386 2226 1671 2278 «invidiam

627 2301 780 2353 vici.»
839 2299 935 2351 Od.
988 2302 1047 2361 2,
1101 2301 1194 2363 20,
1245 2300 1311 2352 4:
1380 2302 1672 2362 inviamque

624 2376 795 2426 maior
831 2375 980 2425 Urbes
1008 2375 1311 2437 relinquam.

689 2449 770 2500 47.
827 2449 907 2501 48.
961 2450 1216 2500 testudinis
1254 2450 1465 2512 numae]
1517 2448 1667 2500 Pind.

623 2527 776 2590 Pyth.
816 2524 876 2587 4,
915 2526 935 2574 4
967 2539 979 2573 :
1020 2524 1261 2596 Χρυσέα
1293 2520 1665 2594 φόρμιγξ.-

626 2599 914 2664 strepimm]
970 2600 1055 2650 Sic
1102 2601 1261 2650 voeat
1291 2598 1441 2663 lyrae
1475 2613 1670 2651 sonum

623 2676 785 2727 etiam
819 2676 950 2739 Epp.
994 2674 1055 2736 4,
1097 2676 1155 2735 2,
1197 2675 1279 2726 34.
1315 2675 1447 2740 Epp.
1476 2674 1537 2737 4,
1576 2674 1667 2736 44,

620 2751 743 2809 26.,
796 2751 857 2799 ut
904 2748 1054 2799 Pind.
1106 2749 1290 2800 Isthm.
1339 2748 1399 2811 4,
1448 2749 1530 2799 27.
1567 2750 1667 2800 Β.;

620 2821 886 2875 κλέονται
931 2821 979 2872 δ’
1029 2816 1094 2873 ἔν
1141 2837 1205 2874 τε
1246 2825 1671 2911 φορμίγγεσσιν

621 2897 684 2949 ἐν
732 2891 924 2948 αύλῶν
975 2911 1036 2947 τε
1102 2893 1450 2962 παμφώνοις
1517 2893 1671 2963 ὁμο-

621 2970 804 3035 κλαῖς.
863 2999 919 3008 -
970 2972 1131 3033 Piem']
1182 2973 1367 3023 Rarior
1408 2973 1496 3023 hie
1537 2985 1669 3024 usus

623 3059 769 3097 num.
796 3046 927 3108 sing.
954 3044 1102 3095 Ovid.
1130 3047 1269 3096 Fast.
1300 3045 1359 3108 4,
1387 3047 1521 3097 222·
1509 3083 1521 3096 .
1556 3048 1671 3098 Pio-

620 3123 697 3169 rt's
727 3131 847 3169 orsa
879 3119 1032 3180 loqui.
1089 3146 1146 3156 —
1200 3122 1465 3183 temperas]
1503 3122 1671 3171 «stim-

623 3198 798 3245 mest.»
834 3195 1073 3257 Propert.
1099 3193 1131 3243 2
1150 3230 1163 3255 ,
1188 3192 1280 3257 34,
1307 3195 1404 3244 79;
1446 3195 1564 3246 Tale
1580 3196 1670 3259 fa-

620 3270 693 3320 cis
739 3280 977 3329 camon,
1040 3268 1188 3317 docta
1234 3269 1472 3320 oesuodino
1521 3269 1670 3331 qualo

622 3342 858 3404 cynthius
888 3341 1131 3404 impositis
1151 3346 1393 3405 temporat
1413 3343 1663 3393 articulis.

688 3415 769 3465 49.
805 3414 889 3465 20.
925 3416 1354 3479 mutis-piscibus]
1390 3417 1475 3467 Sic
1504 3418 1668 3467 etiam

621 3490 823 3541 Graeci.
862 3490 1076 3542 Hesiod.
1119 3492 1261 3542 Scut.
1306 3491 1367 3542 H.
1408 3491 1535 3542 242;
1572 3485 1669 3542 ἔλ-

620 3563 803 3628 λοπας
828 3562 1026 3628 ἰχθῦς,
1049 3571 1214 3616 mos
1225 3566 1414 3627 pisces,
1439 3568 1499 3614 ut
1521 3569 1667 3617 certe

621 3640 1100 3690 Grammaticorum
1149 3652 1277 3703 pars
1335 3637 1665 3703 explicabat,

621 3713 707 3764 alii
739 3714 930 3764 colores.
1002 3711 1246 3777 Sophoel.
1284 3714 1337 3762 in
1369 3712 1669 3776 Phrygibus

623 3789 832 3851 Fragm.
859 3789 974 3839 700.
1002 3789 1095 3839 D..
1083 3802 1095 3814 ·
1131 3782 1331 3875 Χορὸς
1353 3784 1417 3837 δὲ
1436 3784 1670 3853 μύνδων

624 3863 705 3926 (ex
740 3861 897 3925 gloss.
936 3861 1021 3913 alii
1052 3860 1100 3911 δ’
1125 3856 1413 3927 ἀναύδων)
1448 3858 1669 3922 ἰχθύων

620 3930 937 4024 ἐπερῤόθει.
1008 3939 1228 4002 Oppian.
1279 3935 1392 3988 Hal.
1445 3937 1502 3999 4,
1542 3936 1663 3990 434·

620 4011 734 4063 Καὶ
784 4007 1040 4094 σκάρον,
1093 4005 1161 4073 ὃς
1210 4008 1283 4077 δὴ
1333 4005 1558 4077 μοῦνος
1605 4011 1669 4064 ἐν

623 4083 856 4146 ἰχθύσιν
905 4080 1082 4136 πᾶσιν
1113 4079 1388 4150 ἀναύδοις
1422 4086 1669 4154 Φθέγγε-

620 4176 715 4211 ται
749 4156 1027 4225 ἰκμαλέαν
1060 4155 1334 4227 λαλαγήν.
1394 4188 1450 4198 -
1504 4164 1665 4225 eueni]

618 4236 792 4299 prima
826 4232 1030 4299 syllaba
1067 4235 1121 4283 h.
1160 4233 1193 4285 l.
1234 4237 1499 4301 correpta.

2707 1061 2791 1125 20

1808 1408 1891 1459 24.
1926 1409 2165 1475 moris]
2202 1408 2443 1462 «Nullum
2460 1423 2645 1461 meum
2670 1424 2795 1474 pro-

1744 1483 1921 1547 prium
1953 1483 2241 1546 meritum,
2299 1487 2470 1536 totum
2505 1487 2656 1535 tuum
2691 1484 2793 1535 do-

1744 1570 1874 1608 num
1907 1571 1971 1608 ac
1993 1557 2318 1610 beneficium
2341 1561 2475 1611 est.»
2526 1559 2608 1610 Ad
2630 1573 2792 1611 usum

1745 1631 1930 1683 confer
1951 1632 2065 1683 Tib.
2109 1632 2166 1694 4,
2200 1633 2257 1694 9,
2293 1632 2392 1684 43ε
2430 1634 2593 1697 Saepe
2624 1636 2793 1697 inspo-

1741 1706 1885 1756 rantt'
1914 1709 2050 1756 venit
2069 1707 2157 1756 tibi
2175 1719 2382 1757 munero
2401 1712 2589 1758 nostro.
2626 1709 2794 1758 Ama-

1744 1779 1836 1830 bili
1871 1782 2052 1831 autem
2086 1780 2349 1832 modestia
2383 1784 2650 1846 temperat
2681 1781 2795 1833 lau-

1745 1853 1870 1915 des,
1907 1867 2042 1917 quas
2075 1867 2173 1905 suo
2207 1855 2320 1905 iure
2357 1855 2459 1906 sibi
2494 1855 2691 1907 tribuit.
2731 1883 2788 1893 —

1743 1931 1967 1993 Propter
2014 1930 2189 1993 ipsam
2237 1931 2348 1980 vim
2395 1929 2644 1981 vocabuli
2675 1945 2795 1981 mu-

1742 2004 1878 2054 neris
1909 2004 2086 2067 priore
2120 2003 2239 2054 loeo
2273 2005 2484 2068 posuit,
2537 2019 2674 2066 non,
2732 2007 2794 2055 ut

1744 2079 2052 2129 nonnemini
2073 2077 2245 2130 lenius
2269 2080 2442 2130 visum
2463 2082 2577 2131 est:
2621 2080 2794 2130 Totum

1742 2152 1833 2202 hoc
1878 2153 2101 2203 numeris
2145 2158 2216 2203 est
2264 2155 2354 2203 tui.
2447 2155 2563 2204 Non
2617 2153 2792 2204 lenius

1744 2228 1878 2287 hoc,
1914 2227 2014 2277 sed
2045 2227 2360 2290 languidius.

1808 2302 1873 2352 22
1896 2328 1926 2338 -
1945 2300 2029 2352 24.
2087 2307 2341 2352 monstror
2388 2304 2561 2367 digito]
2603 2305 2660 2353 in
2695 2303 2795 2353 bo-

1743 2388 1871 2425 nam
1902 2378 2111 2439 partem
2134 2377 2318 2427 eontra
2340 2380 2552 2428 nostrae
2582 2377 2791 2441 linguae

1743 2450 2022 2502 rationem.
2093 2451 2306 2501 Lucian
2366 2451 2562 2502 Herod.
2620 2452 2678 2503 2:
2739 2448 2800 2502 εἴ

1745 2522 1857 2575 πού
1892 2539 1958 2591 γε
1990 2526 2203 2591 φανείη
2235 2521 2453 2588 μόνον,
2501 2523 2791 2577 ἐδείκνυτο

1742 2596 1822 2667 τῷ
1856 2596 2134 2668 δακτύλῳ·
2172 2589 2346 2663 οὗτος
2378 2599 2599 2663 ἐκεῖνος
2622 2594 2792 2671 Ἡρό-

1743 2671 1915 2738 δοτός
1945 2673 2104 2727 ἐστιν
2126 2670 2161 2725 ὅ
2182 2670 2289 2738 τὰς
2307 2671 2507 2740 μάχας
2525 2670 2631 2738 τὰς
2648 2675 2793 2745 Περ-

1744 2746 1917 2813 σικὰς
1970 2745 2401 2820 συγγεγραφώς.
2488 2751 2574 2800 Sic
2629 2752 2790 2801 etiam

1743 2822 1877 2875 Dial.
1913 2836 2049 2873 mer.
2088 2825 2144 2884 6,
2190 2823 2240 2875 4.
2295 2825 2442 2875 Pers.
2484 2825 2540 2884 4,
2576 2824 2669 2875 28:
2729 2826 2793 2875 At

1736 2898 2005 2961 pulchrum
2036 2903 2108 2947 est
2139 2898 2297 2961 dioilo
2326 2899 2602 2949 monstrari
2634 2902 2681 2949 et
2710 2899 2793 2948 di-

1742 2972 1846 3022 σία·
1874 2971 1969 3021 Hic
2000 2976 2088 3022 est.
2134 2972 2256 3021 Tae.
2282 2971 2414 3023 Dial.
2442 2971 2511 3022 de
2535 2973 2699 3023 Oratt.
2727 2973 2784 3022 7:

1744 3048 1879 3109 om
1909 3046 2108 3108 saeptus
2143 3047 2319 3110 νοὶσω
2355 3060 2549 3109 quoquo
2581 3048 2792 3109 mers-

1742 3125 1849 3170 tum
1880 3125 1928 3170 et
1958 3120 2212 3170 tunicatus
2243 3121 2322 3170 hic
2347 3122 2566 3183 popum
2592 3126 2792 3170 trans&

1739 3198 1883 3245 unus
1910 3195 2110 3244 ποηιᾶιισ
2140 3200 2290 3245 vocat
2318 3200 2365 3246 et
2405 3196 2561 3259 diqlto
2593 3196 2793 3245 donnon-

1739 3267 1910 3319 strat?
1942 3268 2049 3319 Sed
2084 3269 2213 3318 etin
2237 3268 2557 3319 deteriorem
2579 3270 2790 3332 partem

1741 3341 1886 3406 apud
1920 3342 2165 3393 Ovidium
2197 3344 2377 3393 Amor.
2411 3342 2468 3403 3,
2506 3343 2563 3401 6,
2600 3343 2693 3392 77ε
2730 3356 2791 3392 οη

1741 3418 1911 3482 diuitis
1946 3418 2179 3481 Μάρκον
2208 3417 2442 3467 adultera
2471 3416 2621 3479 volyi.
2675 3416 2792 3479 (Lu-

1743 3493 1878 3542 cian.
1916 3490 2067 3541 Rhet.
2103 3492 2287 3541 Praee.
2322 3492 2416 3541 25:
2466 3484 2535 3539 τὸ
2576 3487 2792 3541 δείκνυ-

1742 3565 1884 3617 σθαι
1929 3558 2009 3632 τῷ
2043 3562 2302 3631 δακτύλῳ
2332 3560 2543 3614 τοῦτον
2565 3563 2790 3615 ἐκεῖνον

1740 3634 1845 3689 τὸν
1876 3632 2201 3710 ἀκρότατον
2233 3637 2296 3689 ἐν
2323 3634 2483 3709 πάσῃ
2506 3639 2685 3705 κακίᾳ
2707 3636 2791 3688 λε-

1741 3710 2034 3781 γόμενον.)
2061 3740 2116 3750 -
2145 3714 2592 3776 praetereuntium]
2617 3714 2789 3765 Minus

1743 3791 1865 3853 apte
1883 3801 2055 3852 nuper
2071 3788 2290 3853 quidam
2305 3789 2429 3852 post
2444 3788 2548 3837 hoe
2563 3801 2615 3836 v.
2636 3787 2789 3838 colon

1740 3862 2052 3927 ponendum
2076 3875 2197 3913 esse
2229 3865 2285 3913 et
2305 3862 2630 3925 iungendum
2650 3863 2793 3924 Quod

1742 3939 1997 3989 Romanae
2014 3938 2192 4001 βάἱσαι
2222 3937 2367 3998 lyrae
2389 3940 2528 3999 spiro
2544 3937 2790 4000 opinatus

1744 4013 1843 4062 est.
1864 4013 2190 4062 -Rmnanao
2207 4012 2388 4076 βάίσαι
2408 4011 2570 4072 lyrae]
2590 4010 2667 4061 Cr.
2689 4009 2788 4060 Od.

1743 4086 1802 4146 3,
1826 4086 1910 4147 30,
1937 4085 2016 4135 43.
2043 4086 2174 4150 Epp
2204 4086 2258 4145 4
2289 4086 2377 4146 49,
2402 4084 2467 4136 24
2491 4084 2671 4144 0432,
2695 4084 2791 4134 ubi

1743 4161 1980 4211 latinum
2000 4173 2060 4211 se
2079 4160 2329 4224 fidicinem
2350 4159 2602 4209 nominat.
2636 4157 2786 4207 ovid.

1743 4235 1895 4286 Trist.
1933 4233 1992 4295 4,
2031 4234 2123 4297 40,
2160 4233 2251 4285 49;
2305 4234 2371 4285 Et
2406 4233 2561 4284 tonuit
2591 4236 2792 4282 nostras
