3234 4975
1241 405 1443 456 LIBER.
1516 407 1711 458 CARM.
1754 406 1905 457 xvn.

2522 409 2645 473 743

728 559 974 625 Cruore
1019 558 1252 625 rubros
1301 558 1611 627 obstetrix
1658 581 1909 647 pannos
1951 561 2130 638 lavit,

723 678 1060 765 Utcunque
1105 679 1282 745 fortis
1329 678 1547 745 exsilis
1591 700 1935 767 puerpera.

809 798 979 877 Quid
1023 797 1340 865 obseratis
1387 799 1675 865 auribus·
1698 800 1914 867 fundis
1966 822 2198 888 preces
2224 803 2256 866 ‘?

723 919 862 983 Non
910 938 1065 984 saxa
1106 917 1296 985 nudis
1346 920 1647 986 surdiora
1691 921 1920 987 navitis

727 1038 1061 1123 Neptunus
1104 1037 1232 1104 alto
1279 1038 1488 1104 tundit
1530 1038 1841 1106 hibernus
1896 1040 2052 1106 salo.

2564 1045 2601 1106 OB

2605 1045 2644 1106 <53

728 1156 973 1224 lnultus
1014 1169 1086 1224 ut
1134 1167 1203 1224 tu
1250 1158 1473 1224 riseris
1523 1159 1801 1247 Cotyttia

726 1278 985 1364 volgata
1003 1329 1017 1354 ,
1064 1298 1321 1345 sacrum
1359 1277 1546 1345 liberi
1591 1278 1955 1365 Cupidinis,

601 1513 682 1563 56.
735 1512 923 1561 inultus
954 1516 1000 1561 et
1032 1516 1088 1560 tu
1108 1512 1147 1560 T
1184 1511 1307 1573 (non
1329 1509 1476 1574 Bbc).
1507 1538 1561 1547 —-
1598 1512 1794 1573 cocytia
1813 1510 1933 1561 Bb'l'
1970 1513 2092 1575 (non
2118 1514 2183 1577 c).
2216 1542 2270 1550 --
2308 1516 2387 1565 57.
2426 1528 2577 1566 sacra

537 1587 768 1637 Pottierii
803 1585 949 1646 libri,
988 1587 1238 1648 quattuor
1274 1586 1347 1648 (3,
1384 1586 1443 1645 7,
1481 1585 1537 1647 9,
1579 1586 1679 1648 45.)
1717 1587 1972 1651 exeeptis,
2012 1585 2231 1650 (socrum
2263 1590 2339 1651 T.)

471 1800 674 1850 Becker
727 1799 902 1849 Gattus
953 1799 1053 1862 (ed.
1109 1798 1217 1862 alt.)
1275 1801 1359 1850 111.
1397 1812 1516 1864 pag.

474 1874 571 1924 295
605 1886 687 1936 sq.

535 1946 754 1997 49-52.
817 1946 1081 2010 hospitale]
1134 1944 1402 1999 «clemens
1456 1961 1521 1998 ac

472 2021 655 2071 mite.»
685 2047 740 2056 -
758 2033 927 2082 purae
944 2020 1143 2085 manus]
1183 2035 1215 2071 a
1241 2023 1515 2084 sanguine.

478 2122 532 2129 —
573 2094 797 2155 Tuumne
824 2093 1028 2158 venter]
1066 2098 1217 2146 «tuus
1249 2099 1432 2160 partus
1467 2098 1521 2147 et

471 2164 662 2216 filius.»
723 2167 885 2216 «Nam
932 2167 1036 2216 hoe
1080 2180 1278 2219 nomen
1329 2171 1520 2220 Pactu-

471 2240 645 2290 meius
664 2242 746 2289 est
767 2252 964 2290 nomen
983 2242 1327 2305 suppositicii,
1354 2256 1517 2306 quem

472 2313 576 2364 sibi
635 2312 803 2363 filium
860 2326 982 2364 esse
1038 2313 1285 2375 dicebat;
1357 2330 1518 2381 supra

472 2388 615 2437 enim
642 2386 825 2450 (Epod.
852 2389 908 2447 5,
936 2388 1005 2450 5.)
1042 2390 1364 2452 suppositieii
1400 2403 1521 2453 par-

473 2464 558 2513 tus
581 2463 754 2525 ipsam
777 2473 927 2511 ream
951 2461 1089 2513 fecit.
1143 2464 1316 2514 Venter
1336 2467 1516 2516 autem

471 2535 560 2584 hic
629 2548 728 2599 pro
795 2537 952 2598 partu
1004 2537 1270 2599 ponitur.»
1344 2539 1512 2588 Coun.

471 2609 628 2665 Cano.
656 2609 990 2671 Quamquam
1008 2610 1415 2662 concedendum
1434 2614 1518 2661 est

468 2680 733 2742 Bentleio,
792 2695 842 2731 v.
889 2687 1062 2732 uter-us
1105 2684 1207 2734 hac
1250 2685 1516 2748 signifiea-

471 2756 612 2805 tione
647 2755 885 2805 usitatius
920 2769 1057 2807 esse.
1113 2758 1260 2809 Ovid.
1302 2760 1423 2811 Met.
1463 2761 1512 2823 6,

473 2828 609 2878 ⁴92:
680 2829 811 2878 utet-i
848 2842 979 2891 pars
1025 2835 1094 2880 est
1141 2832 1264 2882 haec
1305 2834 1516 2895 septima

467 2902 644 2952 nostri.
714 2903 886 2965 Atque
927 2905 1242 2956 Pactumeius
1284 2920 1343 2957 re
1385 2920 1513 2957 vera

467 2987 666 3025 nomen
701 2977 784 3026 est
806 2977 1119 3029 Romanum.
1157 2980 1242 3030 Sic
1262 2981 1315 3029 Ρ.
1340 2982 1518 3030 Pactu-

465 3049 624 3098 meius
657 3050 741 3099 est
773 3051 826 3099 in
850 3050 1195 3115 Inscriptione
1219 3053 1361 3116 apud
1386 3055 1517 3103 i-'ur-

467 3120 724 3172 lanettum
769 3123 940 3174 Iscfiz.
980 3126 1029 3173 α’
1067 3125 1184 3175 Este
1216 3139 1270 3190 p.
1313 3127 1390 3177 46.
1454 3129 1518 3178 Et

467 3208 597 3259 gens
632 3198 934 3246 Pactumeiu
968 3198 1070 3247 sub
1105 3199 1517 3262 imperatoribus

469 3269 696 3319 fecunda
719 3269 815 3319 suit
836 3270 1119 3321 consulum
1142 3272 1512 3324 suffectorum:

469 3345 528 3404 Q.
557 3344 866 3393 Pactumeius
909 3345 1095 3395 Fronto
1140 3358 1189 3396 a.
1225 3349 1348 3410 post
1387 3348 1513 3398 Chr.

466 3416 548 3466 80.
624 3417 933 3466 Pactumeius
997 3419 1215 3469 Clemens
1279 3433 1327 3470 a.
1400 3421 1512 3472 438.

470 3488 520 3537 T.
556 3489 868 3539 Pactumeius
901 3491 1120 3553 Maynus
1150 3504 1198 3541 a.
1244 3494 1356 3545 483.
1407 3494 1514 3544 Cir.

467 3563 603 3613 Fasti
654 3562 926 3614 Consular.
969 3566 1102 3615 Bait.
1143 3579 1191 3616 a.
1235 3567 1349 3617 832.
1398 3567 1513 3618 935.

469 3638 614 3685 Grut.
637 3636 752 3696 846,
778 3638 826 3686 8.
863 3637 1127 3689 cardinali
1148 3641 1372 3703 Diptomi
1392 3654 1513 3706 pag.

470 3710 582 3759 490.
641 3737 696 3745 -
751 3711 1102 3773 cogitandum
1154 3718 1333 3765 autem
1375 3716 1428 3766 h.
1480 3715 1512 3766 l.

469 3781 537 3832 de
572 3783 788 3833 homine
823 3784 1043 3836 ridiculo
1076 3786 1161 3837 vel
1196 3788 1429 3839 sordido.
1456 3817 1511 3826 —

467 3855 633 3906 Nimis
675 3859 858 3907 contra
901 3857 1123 3921 insulsa,
1184 3864 1330 3912 certe
1376 3858 1516 3926 apud

466 3928 765 3987 Horatium,
815 3929 979 3981 altera
1019 3935 1103 3982 est
1146 3931 1302 3983 lectio
1330 3940 1517 3995 partu-

463 4001 643 4063 meius‚
691 4005 936 4065 «uterus,
975 4007 1066 4068 qui
1117 4008 1331 4069 partum
1364 4008 1516 4069 quasi

465 4075 644 4135 meiit,
681 4076 736 4125 id
760 4080 867 4137 est,
923 4080 1016 4141 qui
1049 4077 1291 4128 facillime
1326 4081 1513 4143 parit.»

473 4177 527 4188 —
558 4150 811 4213 Utcunque
831 4151 954 4215 cet]
996 4153 1456 4216 «Quotiescunque
1483 4166 1512 4203 e

467 4223 604 4275 lecto
647 4226 820 4289 surgis
863 4224 1084 4277 robusta
1117 4223 1318 4276 scilieet
1348 4238 1513 4289 puer-

1593 1810 1755 1861 pera,
1805 1811 1998 1862 reapse
2033 1800 2283 1863 peperisti
2319 1814 2421 1852 nec
2455 1801 2640 1853 obste—

1592 1872 1693 1921 trix
1728 1872 1857 1921 iuvit
1887 1875 1939 1922 te
1975 1872 2044 1922 ad
2077 1873 2422 1938 decipiendos
2466 1876 2641 1927 homi-

1592 1958 1691 1996 nes
1734 1943 1917 1997 lavans
1961 1960 2167 2010 pannos
2215 1947 2316 1998 alio
2350 1962 2514 2013 quam
2548 1954 2639 2001 tuo

1592 2032 1783 2070 eruore
1818 2021 2091 2071 iniectos.»
2128 2022 2240 2071 Hoc
2274 2035 2460 2074 rursus
2483 2025 2642 2087 signi-

1589 2093 1718 2143 ficat
1748 2091 2024 2144 simulatos
2059 2094 2173 2145 eius
2209 2108 2329 2147 esse
2362 2099 2547 2160 partus
2570 2097 2640 2148 ad
2700 2125 2709 2134 ·

1591 2166 1732 2216 dona
1777 2169 1938 2230 atque
1981 2168 2283 2220 herediates
2325 2184 2355 2220 a
2398 2172 2639 2222 moechis

1590 2240 1899 2304 captandas»,
1926 2239 2121 2304 quibus
2137 2244 2496 2305 persuasisset
2511 2244 2640 2295 sub-

1589 2312 1781 2364 ditivos
1825 2313 1924 2364 hos
1969 2312 2167 2364 liberos
2213 2314 2282 2364 ab
2317 2316 2446 2379 ipsis
2486 2320 2638 2381 geni·
2736 2393 2741 2398 q

1587 2390 1673 2438 tos
1709 2399 1848 2436 esse.

1655 2459 1862 2512 54-57.
1898 2461 2013 2510 Non
2033 2460 2187 2525 saxa]
2223 2461 2635 2527 «Naufragorum

1588 2538 1645 2586 et
1665 2534 1857 2600 opibus
1890 2533 2237 2598 spoliatorum
2269 2534 2498 2587 lamenta
2532 2551 2637 2590 non

1588 2611 1780 2659 curant
1828 2608 1990 2660 surda
2024 2622 2203 2659 saxa.»
2254 2637 2309 2646 -
2362 2611 2637 2677 Neptunus]

1592 2685 1766 2735 «Mare
1799 2681 2155 2747 procellosum
2187 2682 2441 2734 verberat
2470 2686 2641 2736 flucti-

1588 2757 1692 2808 bus
1739 2760 1974 2807 cautes.»
2031 2754 2215 2806 Tibull.
2265 2758 2325 2817 2,
2364 2757 2423 2818 4,
2471 2759 2520 2808 9.
2579 2787 2634 2797 -

1586 2831 1781 2880 Ῑηιιὶιαε
1818 2835 1875 2879 ut
1919 2830 2002 2894 tu]
2047 2829 2308 2893 Supplicis
2343 2845 2506 2894 prece
2542 2846 2639 2883 su-

1586 2903 1757 2967 perbe
1793 2905 2015 2965 reiecta,
2064 2916 2190 2966 saga
2225 2903 2361 2954 illico
2394 2905 2447 2955 in
2482 2919 2638 2955 acer-

1587 2975 1866 3027 bissimam
1911 2977 2327 3040 indignationem
2376 2979 2634 3042 erumpit,

1590 3051 1743 3101 cuius
1785 3050 2008 3101 formula
2054 3052 2218 3101 utitur
2250 3050 2393 3101 haud
2427 3065 2547 3102 rara
2580 3057 2639 3103 ut

1590 3136 1717 3173 eum
1763 3125 2041 3188 interrog„
2094 3126 2154 3175 ut
2188 3126 2294 3175 Sat.
2330 3127 2391 3187 2,
2431 3127 2496 3187 ὅ,
2535 3127 2633 3177 ⁴8:

1593 3199 1715 3245 Uene
1762 3203 1929 3261 togam
1976 3212 2157 3259 spurco
2203 3200 2405 3249 Damae
2458 3200 2592 3250 latus
2608 3199 2638 3250 ¹?

1590 3271 1700 3320 Liv.
1737 3269 1796 3331 4,
1833 3272 1893 3331 2,
1928 3272 2015 3322 ⁴2:
2073 3262 2215 3322 Mne
2244 3279 2303 3323 ut
2333 3275 2635 3336 impune--

1588 3345 1831 3394 concitent
1843 3347 2063 3409 finitum
2079 3346 2205 3396 botta
2221 3346 2266 3407 P,
2292 3346 2384 3396 ubi
2403 3349 2631 3398 Gronov.

1590 3422 1647 3468 et
1678 3419 1837 3468 Drak.
1876 3418 1973 3468 alia
2011 3418 2256 3483 exempla
2290 3418 2630 3482 collegerunt.

1588 3492 1832 3543 Refertur
1865 3494 2045 3542 autem
2079 3492 2148 3541 ad
2180 3505 2299 3542 rem
2329 3506 2492 3556 quam
2514 3506 2637 3557 pro-

1589 3568 1711 3629 pter
1751 3564 2115 3627 indignitatem
2166 3565 2279 3614 fleri
2327 3578 2431 3615 non
2474 3578 2636 3629 posse

1588 3638 1675 3688 vel
1708 3638 1972 3702 potuisse,
2021 3637 2138 3686 fleri
2172 3651 2277 3688 non
2313 3637 2515 3687 debere
2551 3638 2636 3689 vel

1589 3711 1871 3771 debuisse,
1908 3713 1968 3759 ut
1998 3710 2055 3760 b.
2081 3708 2115 3760 l.
2143 3749 2154 3773 ,
2193 3709 2636 3761 stomachabundi

1588 3785 2012 3850 pronuntiamus.
2072 3812 2126 3820 —
2186 3784 2431 3848 Cotyttia]
2488 3785 2631 3847 virg.

1589 3857 1755 3910 Catal.
1794 3860 1853 3919 5,
1894 3858 1981 3908 ⁴9:
2032 3858 2147 3908 Non
2176 3871 2257 3908 me
2286 3857 2488 3908 vocabis
2511 3859 2636 3920 pul—

1587 3934 1712 3982 chra
1745 3945 1842 3994 per
1874 3932 2095 3992 Cotvttia
2125 3933 2202 3982 Aa
2229 3932 2439 3995 [matos
2473 3932 2634 3995 fasci-

1586 4019 1692 4056 nos.
1762 4004 1951 4055 Strabo
1986 4006 2067 4057 40.
2105 4019 2160 4070 p.
2198 4007 2312 4055 724.
2350 4006 2408 4055 Β.
2447 4006 2627 4054 luven.

1586 4081 1645 4139 2,
1673 4078 1729 4128 94
1759 4091 1842 4143 sq.
1897 4080 2148 4142 «Impune
2185 4081 2241 4129 tu
2276 4081 2337 4129 ut
2374 4077 2632 4140 evolgaris

1585 4154 1745 4214 atque
1780 4152 2006 4202 irriseris
2040 4153 2185 4215 orgia
2218 4150 2302 4202 illa
2324 4191 2336 4212 ‚
2373 4165 2512 4216 quae
2547 4164 2634 4202 ce-

1585 4224 1858 4276 lebrantur
1890 4239 1921 4275 a
1955 4225 2165 4277 reminis
2199 4225 2351 4287 solis,
2392 4238 2497 4275 uno
2522 4226 2634 4275 tan-
