3234 4975
669 397 694 462 Ἰ
710 399 789 463 58

1435 401 1693 451 HORATII
1730 401 2015 452 CARMINU
2020 401 2067 451 M

657 562 666 571 ‘
753 560 828 619 At
870 567 967 631 tu,
1018 566 1233 632 nauta,
1279 575 1481 642 vagae
1527 576 1608 620 ne
1653 564 1849 641 parce
1898 554 2213 641 malignus
2259 574 2494 620 arenae

1091 675 1366 743 Ossibus
1411 686 1476 741 et
1519 675 1710 762 capiti
1756 673 2083 741 inhumato

754 832 1134 900 Particulam
1177 832 1363 899 dare:
1413 832 1536 908 sic,
1585 832 2026 919 quodcunque
2072 832 2416 900 minabitur
2463 834 2668 898 Eurus
2758 835 2840 897 25

831 950 836 959 ’
1090 952 1416 1020 Fluctibus
1460 953 1822 1040 HesperiiS‚
1871 953 2234 1020 Venusinae

749 1077 1116 1144 Plectantur
1158 1073 1359 1139 silvae
1406 1083 1468 1138 te
1514 1074 1788 1160 sospite,
1838 1072 2169 1162 multaque
2213 1096 2497 1152 merceS,

1093 1194 1274 1262 Unde
1319 1203 1547 1280 potest,
1595 1192 1707 1260 tibi
1753 1192 1996 1260 defluat
2040 1215 2253 1282 aequo

805 1366 886 1417 24.
947 1365 1246 1415 immutato
1299 1364 1358 1414 H.
1413 1363 1742 1427 Peerlkamp.

733 1443 815 1492 27.
852 1441 1128 1492 nectentur
1161 1439 1217 1488 Β.

1800 1367 1853 1413 et
1904 1367 2019 1414 Axt.
2080 1393 2132 1400 —
2187 1367 2267 1416 225.
2321 1369 2363 1416 si
2413 1380 2549 1417 corr.
2606 1370 2660 1418 T.
2720 1399 2772 1406 —-

735 1581 816 1632 23.
866 1579 947 1631 Ad
981 1580 1146 1629 totam
1180 1579 1463 1641 imaginem
1499 1578 1592 1629 cfr.
1632 1581 1719 1628 lu·
1752 1575 1761 1677 ι
1793 1580 1966 1643 primo
2012 1580 2298 1632 formatum
2347 1581 2558 1631 Heroid.
2598 1583 2659 1643 2,
2716 1582 2838 1633 ⁴36:

669 1656 868 1706 lianum
914 1656 964 1704 in
1010 1652 1219 1704 Anthol.
1269 1652 1375 1703 Pal.
1421 1654 1456 1702 l.
1494 1666 1548 1716 p.
1588 1652 1715 1703 484:

668 1727 891 1792 Πλώεις
939 1723 1194 1793 ναυηγόν
1241 1741 1318 1790 με
1366 1724 1561 1787 λαβὼν
1619 1726 1719 1775 καὶ

672 1802 896 1871 σήματι
931 1799 1161 1864 χώσας,·
1193 1797 1377 1861 Πλῶε,
1415 1797 1719 1850 Μαλειάων

671 1875 825 1950 ἄκρα
868 1871 1336 1941 φυλασσόμενος.
1390 1874 1512 1926 Atel
1544 1873 1589 1924 δ’
1622 1869 1720 1925 εὗ-

673 1953 879 2019 πλοΐην
919 1951 1198 2016 μεθέποις
1236 1948 1426 2014 φίλος·
1463 1944 1537 2017 ἦν
1569 1947 1633 2000 δέ
1666 1963 1721 1999 τι

671 2023 805 2099 ῥέξῃ
848 2021 1014 2077 ’Άλλο
1069 2021 1265 2091 Τύχη,
1343 2022 1560 2076 τούτων
1614 2019 1720 2073 ἀν-

671 2099 900 2164 τιάσαις
944 2101 1211 2171 χαρίτων.
1261 2103 1315 2150 et
1355 2102 1552 2150 zonam
1587 2098 1716 2149 ibid.

672 2191 724 2242 p.
782 2175 913 2227 425:
991 2169 1227 2245 Ψυχράν
1292 2189 1395 2224 σευ
1462 2171 1722 2236 κεφαλᾶς

672 2246 1054 2317 ἐπαμήσομαι
1095 2247 1399 2317 αἰγιαλῖτιν
1433 2249 1580 2300 &tva
1612 2263 1719 2298 κα-

674 2322 746 2375 τὰ
806 2322 1049 2415 κρυεροῦ
1114 2320 1437 2389 χευάμενος
1495 2324 1717 2386 νέκυος·

673 2394 754 2451 Οὐ
788 2416 898 2471 γαρ
931 2414 1034 2450 σευ
1068 2396 1262 2468 μήτηρ
1284 2396 1594 2463 ἐπιτύμβια
1615 2414 1725 2447 κω-

673 2473 903 2528 κύουσα
934 2472 1101 2526 Εὶδεν
1135 2469 1443 2539 &legantur
1476 2469 1587 2524 σὸν
1607 2470 1722 2540 μό-

673 2568 778 2624 ρον
824 2551 1093 2602 εἰνάλιον·
1140 2545 1302 2600 Ἀλλά
1352 2549 1402 2599 σ’
1451 2548 1725 2620 ἐρημαῖοι

675 2641 735 2677 τε
757 2627 856 2677 καὶ
872 2619 1089 2690 ἄξεινοι
1106 2621 1479 2690 πλαταμῶνι-ς
1495 2620 1723 2687 Aegeum*

673 2699 910 2768 Αἰγαίης
932 2703 1182 2768 γείτονες
1205 2694 1423 2766 ἠϊόνος·
1439 2690 1599 2749 ‘slot'
1623 2692 1725 2758 ἔχε

672 2776 781 2841 μὲν
845 2771 1141 2840 ψαμάθου
1214 2769 1425 2844 μόριον
1491 2771 1684 2843 βραχύ
1706 2810 1720 2834 ,

675 2845 858 2901 πουλὺ
900 2848 963 2900 δὲ
1001 2844 1209 2919 δάκρυ,
1261 2847 1430 2908 Ξεῖν’,
1478 2847 1602 2898 ἐπεὶ
1642 2850 1725 2911 εἰς

676 2919 856 2991 ὀλοὴν
878 2918 1121 2994 ἔδραμες
1142 2923 1446 2993 ἐμπορίην.
1468 2949 1523 2958 --
1541 2924 1722 2988 vaqae]

678 3013 747 3048 «a
782 2999 953 3049 ventis
999 2998 1104 3047 huc
1155 2995 1276 3047 illuc
1325 2998 1606 3047 iactatae.»
1666 3025 1721 3034 —-

669 3073 844 3136 parce]
882 3070 1024 3122 «Noli
1060 3072 1327 3134 denegare
1363 3070 1576 3122 ossibus
1612 3072 1726 3121 exi-

675 3160 836 3212 guam
857 3158 1129 3196 arenam.»
1179 3147 1310 3196 Usus
1333 3145 1419 3195 hic
1441 3158 1491 3194 v.
1512 3158 1727 3207 parcere

675 3220 941 3285 reperitur
990 3220 1148 3270 etiarn
1194 3220 1336 3282 apud
1381 3219 1584 3270 Livium
1632 3218 1723 3281 34,

676 3297 766 3345 32:
798 3307 980 3357 parce,
1016 3295 1109 3355 sis,
1141 3297 1290 3358 fidem
1323 3308 1385 3343 ac
1419 3295 1540 3343 iura
1569 3295 1727 3344 socie-

675 3371 794 3420 tatis
824 3371 1042 3428 tactare;
1081 3369 1410 3433 frequentius
1434 3369 1576 3433 apud
1599 3374 1730 3433 poe-

676 3449 774 3496 taS.
845 3446 986 3507 Virg.
1025 3446 1154 3494 Aen.
1196 3444 1252 3502 3,
1291 3442 1378 3493 42:
1430 3444 1585 3493 Parce
1611 3444 1729 3505 pias

674 3520 917 3570 scelerare
937 3532 1133 3568 manus.
1166 3546 1220 3554 —
1247 3518 1515 3582 malignus]
1539 3519 1727 3569 «nimis

675 3606 870 3660 parcus
891 3592 975 3643 vel
999 3594 1052 3643 in
1078 3590 1542 3656 quantulacunque
1563 3604 1726 3642 arena

675 3667 1005 3732 largiendam
1054 3668 1284 3717 maxime
1332 3679 1462 3716 sane
1509 3669 1729 3730 propter

676 3755 858 3794 morae
894 3745 1117 3793 metum.
1173 3739 1267 3790 Alii
1290 3739 1574 3804 explicant:
1626 3740 1726 3790 «ob

677 3818 857 3867 nescio
892 3829 1054 3880 quam
1090 3817 1140 3865 in
1179 3828 1266 3865 mc
1298 3813 1725 3866 malevolentiam

675 3896 836 3956 atque
871 3892 1193 3946 invidiam3»
1231 3902 1393 3954 quam
1428 3902 1525 3938 cur
1557 3889 1644 3940 ille
1675 3892 1725 3940 in

676 3968 834 4018 nauta
870 3966 1127 4028 suspicari
1161 3965 1457 4028 potuisset?

743 4040 821 4092 24.
858 4041 1014 4101 capiti
1046 4038 1322 4101 inhumato]
1357 4040 1473 4087 Duo
1498 4040 1603 4089 iam
1629 4041 1728 4088 cri-

677 4116 759 4165 tici
779 4153 790 4174 ,
827 4116 888 4163 ut
919 4114 1094 4164 hiatus
1129 4115 1386 4163 vitaretur
1418 4113 1527 4176 (cfr.
1556 4114 1722 4178 Epod.

675 4194 732 4250 5,
780 4190 935 4250 400.),
981 4190 1374 4252 proposuerunt
1407 4188 1721 4238 inmutato.

673 4264 878 4311 Vereor
920 4276 987 4311 ne
1032 4261 1260 4311 verbum
1305 4262 1371 4310 sit
1421 4261 1488 4310 ab
1542 4262 1725 4311 ovidio

1795 1656 2167 1717 Occurramque
2199 1656 2354 1705 oculis
2386 1657 2693 1705 inhumatam
2724 1657 2840 1717 tuis,

1795 1731 1874 1787 et,
1901 1742 2025 1778 cum
2048 1729 2152 1779 boc
2177 1744 2241 1779 ex
2265 1729 2531 1793 prioribus
2555 1731 2623 1780 sit
2647 1731 2844 1780 Horatii

1795 1802 2154 1863 carminibus,
2215 1818 2281 1854 eo
2332 1803 2593 1854 faciliores
2645 1806 2844 1857 erimus

1797 1877 1847 1926 in
1882 1877 1983 1926 hac
2017 1876 2227 1929 licentia
2263 1879 2620 1930 diiudicanda.

1859 1981 1941 2029 25.
1977 1982 2301 2047 Partimdam]
2343 1984 2497 2046 Prop.
2539 1983 2592 2044 4,
2642 1984 2729 2044 47,
2777 1984 2840 2034 8:

1794 2054 2009 2104 Haecine
2043 2069 2215 2117 parva
2256 2070 2421 2106 meum
2471 2058 2643 2106 Fun-us
2685 2071 2845 2108 arena

1794 2128 1955 2192 tepet?
1982 2157 2036 2167 —
2062 2130 2149 2194 sic]
2174 2131 2269 2181 ct'r.
2296 2131 2392 2183 od.
2419 2132 2465 2193 4,
2493 2132 2541 2192 3,
2572 2133 2617 2181 4.
2649 2134 2697 2183 2.
2731 2134 2845 2184 «Sic

1796 2205 1951 2266 opt0,
2000 2206 2058 2254 ut
2102 2202 2368 2268 procellae
2421 2205 2742 2257 incolumem
2794 2210 2845 2257 te

1796 2278 1972 2328 sinant
2018 2279 2399 2343 eradicentque
2444 2283 2649 2331 tantum
2690 2282 2845 2345 pinus

1796 2353 1956 2415 atque
2004 2352 2208 2404 abietes
2255 2353 2507 2405 silvarum
2555 2357 2696 2406 circa
2740 2356 2845 2405 Ve-

1799 2427 2036 2477 nusiam»
2066 2427 2277 2491 (Horatii
2301 2429 2552 2495 patriam,
2592 2429 2847 2494 oppidum

1800 2501 2253 2554 mediterraneum
2289 2517 2393 2554 non
2434 2503 2586 2567 longe
2622 2506 2782 2556 situm
2816 2518 2846 2554 a

1798 2576 2028 2640 Mutine),
2069 2591 2207 2641 «qua
2241 2578 2458 2642 quidem
2483 2580 2701 2629 saevitia
2727 2577 2847 2629 nul-

1798 2647 1909 2700 lum
1929 2651 2021 2701 tibi
2041 2651 2297 2702 damnum
2307 2652 2580 2703 insertur.»
2604 2682 2658 2690 —
2677 2655 2848 2703 mina-

1799 2725 1948 2791 bitur]
1984 2726 2125 2790 Virg.
2142 2725 2245 2777 ‘Ge.
2274 2727 2329 2787 4,
2370 2727 2495 2778 462ε
2532 2729 2653 2790 quid
2672 2728 2851 2792 coyt‘tet

1798 2801 2264 2850 humidus⁴Auscer.

1864 2903 1946 2952 27.
1982 2902 2283 2966 nectantur]
2305 2901 2498 2965 «luant,
2524 2904 2675 2966 quasi
2700 2903 2845 2966 ipsae

1799 2989 1972 3040 poena
2007 2976 2197 3039 dignae
2234 2979 2466 3029 essent.»
2504 3003 2559 3014 --
2593 2979 2850 3040 multaque

1798 3052 1999 3116 merces]
2026 3052 2304 3116 «Magnum
2318 3052 2528 3116 pietatis
2548 3055 2849 3116 praemium

1800 3125 1894 3176 tibi
1930 3125 2233 3176 conseratur
2254 3140 2284 3176 a
2308 3127 2532 3191 propitio
2556 3128 2678 3177 Iove
2702 3164 2714 3186 ‚
2758 3128 2848 3191 qui

1803 3203 1923 3250 ante
1959 3212 2147 3250 omues
2181 3199 2312 3252 alios
2345 3201 2476 3251 deos
2508 3200 2648 3251 illam
2673 3213 2850 3251 remu-

1803 3275 1977 3326 nerari
2010 3276 2242 3339 potest.»

1866 3369 1948 3420 28.
2009 3371 2142 3420 Unde
2167 3369 2344 3433 potest]
2383 3370 2474 3420 Est
2509 3370 2849 3439 παρένθεσις

1803 3443 1985 3496 similis
2010 3443 2216 3495 illarum
2240 3445 2404 3508 Epod.
2436 3446 2522 3504 ⁴7,
2560 3445 2651 3495 45:
2693 3446 2754 3494 Et
2773 3450 2846 3505 tu,

1796 3524 1936 3581 potes
1964 3533 2114 3579 nam,
2165 3519 2297 3569 solve
2336 3532 2415 3569 me
2447 3520 2708 3569 domantia.
2748 3519 2842 3570 Od.

1803 3597 1859 3654 4,
1898 3594 1988 3668 42,
2028 3593 2463 3654 34:1i'tminaoe,
2501 3595 2633 3655 quod
2664 3594 2846 3643 sicvo-

1801 3668 1961 3728 luere,
1992 3671 2148 3729 ponto
2174 3668 2316 3716 Unda
2344 3668 2598 3718 recumbit.
2631 3695 2685 3704 —
2716 3668 2849 3716 Unde

1803 3742 1870 3792 de
1893 3755 2141 3806 persona,
2170 3754 2229 3790 «a
2255 3754 2362 3802 quo
2388 3742 2598 3804 (love)»,
2624 3745 2683 3792 ut
2703 3741 2843 3804 Virg.

1803 3822 1931 3867 Aen.
1972 3816 2029 3874 4,
2076 3817 2133 3865 6:
2181 3827 2338 3879 penus
2367 3817 2497 3866 unde
2533 3815 2616 3878 (ab
2649 3817 2845 3876 Aenea)

1802 3893 2051 3942 Latinum.
2089 3890 2196 3940 Cic.
2225 3888 2292 3938 de
2317 3891 2402 3940 Or.
2430 3889 2450 3938 4
2477 3929 2487 3950 ,
2527 3891 2615 3951 45,
2643 3891 2734 3940 67:
2770 3889 2851 3938 ille

1800 3968 1929 4029 ipse,
1968 3966 2098 4014 unde
2130 3966 2371 4028 cognorit.
2411 3963 2516 4014 Cfr.
2555 3963 2624 4014 ad
2659 3963 2753 4013 Od.
2798 3965 2844 4024 4,

1804 4042 1892 4101 42,
1932 4041 2010 4090 47.
2060 4039 2148 4089 Pie
2182 4036 2442 4102 loquitur3
2492 4037 2657 4107 altera
2691 4040 2850 4088 inten-

1801 4115 2050 4177 pretatio:
2092 4113 2407 4163 «undeunde
2431 4113 2666 4177 potesttn
2703 4125 2852 4177 pror-

1802 4201 1894 4238 sus
1940 4189 2201 4251 repugnat
2241 4200 2392 4251 seqq.
2431 4200 2591 4250 aequo
2637 4188 2701 4237 ab
2740 4188 2851 4237 Iove

1801 4266 1903 4310 cet.
1940 4290 1995 4297 —
2021 4261 2221 4324 defluat]
2246 4263 2521 4312 Summam
2546 4260 2846 4313 facilitatem
