3234 4975
647 421 769 486 726

1442 420 1702 472 RORATu
1751 422 2009 472 EPODON

810 576 1325 664 parentibusque
1371 575 1779 643 abominatus
1825 575 2179 652 Hannibal,

725 699 927 786 Impia
969 698 1323 786 perdemus
1367 697 1584 764 devoti
1632 696 1964 785 sanguinis
2010 709 2219 770 aetas,

805 819 1122 905 Ferisque
1168 839 1396 885 rursus
1440 817 1865 906 occupabitur
1909 818 2138 884 solum.

2738 820 2821 885 ⁴0

725 938 1047 1005 Barbarus
1092 937 1220 1005 heu
1264 940 1521 1005 cineres
1567 938 1818 1005 insistet
1858 939 2063 1006 victor
2107 948 2173 1005 et
2215 938 2453 1006 Urbem

808 1060 1025 1146 Eques
1074 1069 1342 1126 sonante
1386 1058 1758 1126 verberabit
1801 1058 2075 1147 ungula,

769 1265 818 1315 8.
854 1265 1203 1315 Parentibusve
1224 1264 1493 1317 Bentleius
1516 1267 1656 1316 coni.

637 1450 895 1501 Cimbris:
950 1446 1207 1515 μάλιστα
1238 1449 1347 1515 μὲν
1381 1446 1681 1514 εἰκάζοντο

1698 1291 1751 1302 -
1790 1266 2153 1316 abominandus
2173 1266 2406 1316 Pottierii
2431 1268 2453 1316 4
2475 1304 2486 1326 ,
2511 1267 2562 1326 2,
2590 1266 2639 1326 3,
2664 1268 2744 1317 22.

1753 1453 1979 1501 insistere
2014 1451 2179 1501 limen.
2224 1449 2376 1516 Apul.
2413 1453 2537 1502 Met.
2563 1452 2622 1513 2,
2648 1454 2728 1502 2⁴.
2756 1467 2811 1517 p.

634 1521 958 1610 Γερμανικὰ
973 1525 1196 1592 γένη--
1170 1521 1363 1575 -εἶναι
1379 1530 1501 1588 τοῖς
1517 1525 1684 1591 μεγέ-
1756 1523 1870 1575 443.
1909 1525 1997 1574 0.·
2045 1524 2307 1576 Insistebae
2342 1526 2577 1588 lapidem
2617 1552 2675 1562 —
2715 1528 2815 1576 Ur-

635 1599 768 1650 θεσι
799 1596 916 1650 τῶν
948 1596 1237 1665 σωμάτων
1271 1600 1370 1650 καὶ
1401 1597 1474 1671 τῇ
1508 1614 1684 1669 χαρο-
1757 1597 1945 1660 bemJ«
1920 1597 2155 1659 «solum,
2210 1613 2318 1663 quo
2362 1600 2496 1652 Urbs
2538 1602 2813 1652 steterat.»

636 1671 843 1740 πότητι
862 1675 977 1724 τῶν
994 1669 1292 1740 ὀμμάτων.
1313 1676 1475 1725 Tacit.
1499 1677 1676 1725 Germ.
1762 1699 1817 1710 -
1842 1673 2008 1735 Eques
2027 1675 2131 1723 cet.
2136 1637 2155 1737 J
2192 1674 2488 1737 «equitatus
2509 1674 2713 1726 hostilis
2737 1675 2815 1726 se-

637 1748 697 1801 4·
725 1750 960 1800 habitus-
935 1762 1283 1812 -M-corpornm
1296 1750 1501 1800 -idem.·
1525 1749 1684 1798 mnni-

639 1824 730 1873 bus
771 1829 935 1874 truces
974 1830 1020 1874 et
1056 1824 1274 1874 caerulei
1306 1824 1462 1885 oculi,
1497 1824 1685 1874 milae

630 1910 832 1959 comae,
887 1911 1080 1961 maana
1131 1911 1367 1960 corpora.
1445 1896 1679 1948 luvenal.

635 1972 723 2033 43,
763 1970 886 2023 464ε
939 1971 1156 2022 Cam-uta
1188 1972 1300 2033 qais
1329 1972 1520 2033 stupuit
1554 1972 1683 2021 Ger-

631 2046 775 2095 mani
827 2045 1053 2107 limina,
1108 2048 1300 2110 flavam
1354 2044 1685 2096 caesariem?

635 2118 810 2171 Manil.
836 2118 891 2182 4,
943 2118 1067 2171 794τ
1124 2120 1281 2180 Teque
1320 2120 1443 2183 feris
1476 2121 1683 2184 dimam

633 2198 857 2255 tamum,
894 2194 1194 2257 Germania,
1217 2199 1449 2245 matrem.
1487 2196 1683 2245 Ferum

633 2280 825 2332 reapse
860 2271 1140 2332 aspectum
1172 2269 1401 2334 praebet
1432 2269 1682 2321 Germani

635 2343 796 2405 caput
829 2355 894 2392 ex
928 2343 1136 2393 Traiani
1168 2345 1413 2409 tempore
1435 2344 1488 2394 in
1511 2345 1683 2394 Museo

634 2416 890 2466 Chiaram.
937 2418 1000 2467 11.
1037 2418 1314 2468 T.XLV11.
1357 2444 1413 2455 —-
1448 2419 1682 2468 Parenti—

634 2492 738 2554 bus]
784 2491 1105 2543 «maioribus
1150 2493 1344 2544 nostris
1384 2506 1485 2557 per
1528 2491 1681 2544 Urbis

634 2561 877 2615 seculum
900 2566 1162 2616 sextum.»
1199 2568 1392 2618 Matres
1417 2566 1551 2618 filios
1572 2567 1682 2616 lam

634 2639 861 2689 amissos
901 2637 1142 2701 lugentes
1173 2641 1218 2691 si
1252 2640 1549 2703 significare
1582 2652 1683 2690 vo-

635 2713 823 2763 luisset
856 2714 932 2776 (ut
956 2708 1247 2778 ‘opinantur
1268 2712 1538 2778 nonnulli),
1574 2715 1684 2764 uti-

635 2800 741 2850 que
783 2785 1026 2855 ἐπιθέτῳ
1068 2787 1244 2851 aliquo
1289 2788 1429 2839 hanc
1462 2790 1683 2839 senten-

633 2862 853 2911 tentiam
887 2861 1229 2914 declarasset.
1261 2890 1317 2899 —
1349 2862 1680 2925 abominatus]

636 2936 691 2985 h.
725 2935 760 2986 l.
796 2937 1035 2999 passive,
1090 2939 1150 2987 ut
1182 2937 1289 2987 Liv.
1334 2938 1423 2997 34,
1462 2938 1559 2988 42ε
1596 2938 1685 2987 ab·

635 3010 845 3059 ominati
881 3012 1183 3060 semimares.
1253 3010 1348 3060 Od.
1389 3011 1444 3073 4,
1490 3013 1545 3071 4,
1582 3010 1679 3063 24:

633 3084 859 3144 bellaque
877 3085 1122 3134 matribus
1145 3086 1414 3136 Detestata.
1448 3114 1503 3123 —
1522 3087 1684 3137 devoti

631 3158 910 3221 sanyainis]
932 3172 1026 3209 «ea
1051 3159 1190 3210 fatali
1216 3161 1526 3211 condicione
1551 3161 1677 3222 nati,

634 3233 694 3282 ut
742 3233 799 3281 et
845 3232 944 3294 ipsi
989 3233 1173 3289 ,devoti
1225 3234 1392 3285 simus
1435 3236 1593 3285 exitio
1629 3239 1683 3286 et

631 3305 878 3357 destinati
919 3306 987 3356 ad
1033 3308 1261 3370 patriam
1292 3309 1679 3372 perdendam.»

639 3409 694 3418 —
737 3382 935 3443 rursus]
981 3384 1040 3433 ut
1085 3384 1207 3433 ante
1243 3382 1539 3434 Romulum.
1593 3386 1681 3435 'ri-

633 3453 762 3506 bull.
787 3456 845 3517 2,
882 3456 940 3519 Β,
977 3457 1072 3506 25:
1125 3457 1222 3507 Sed
1255 3462 1373 3507 tunc
1405 3458 1683 3520 pascebant

639 3529 848 3581 herbosa
877 3530 1079 3581 Palatia
1109 3544 1310 3582 vaccae.

697 3603 873 3654 44-44.
910 3604 1188 3668 Barbam-³]
1215 3604 1420 3667 Qualis,
1460 3620 1564 3656 non
1588 3606 1683 3657 de-

633 3678 826 3728 finitur.
897 3679 1038 3728 Cum
1073 3681 1214 3730 enim
1250 3693 1314 3730 ex
1350 3682 1530 3731 nostra
1553 3693 1681 3731 sen-

633 3751 796 3802 tentia
831 3764 1049 3802 carmen
1083 3753 1346 3803 referatur
1378 3754 1446 3804 ad
1470 3768 1518 3804 a.
1546 3767 1598 3804 ιι.
1629 3767 1676 3804 c.

632 3824 747 3874 743.
796 3823 882 3875 vel
929 3826 1067 3887 744.,
1119 3840 1219 3891 per
1268 3840 1328 3878 se
1380 3826 1682 3891 intelligitur

631 3897 814 3959 verbis
825 3898 1087 3950 Barbarus
1104 3926 1130 3938 -
1152 3901 1351 3951 -victor
1377 3914 1481 3950 non
1506 3903 1681 3953 Dacos

636 3975 690 4023 et
737 3974 1023 4037 Aegyptios
1061 3975 1171 4039 (Od.
1211 3975 1265 4037 3,
1305 3977 1364 4038 6,
1413 3975 1534 4038 44.),
1571 3979 1680 4027 An-

632 4046 759 4096 tonii
794 4047 975 4111 copias
1013 4048 1322 4110 auxiliares,
1377 4050 1675 4113 significari.

638 4147 692 4157 -
740 4122 929 4171 cineres
975 4121 1179 4187 insistet]
1231 4122 1434 4174 Eadem
1480 4127 1675 4174 constr.

632 4194 749 4244 Ter.
787 4195 918 4245 Eun.
956 4196 1017 4256 2,
1056 4196 1105 4258 3,
1143 4196 1199 4246 3·.
1254 4211 1410 4260 quam
1452 4199 1681 4249 insistam

632 4268 814 4320 riam?
845 4269 986 4335 Virg.
1014 4273 1144 4320 Aen.
1173 4270 1227 4333 6,
1265 4271 1391 4322 563:
1428 4272 1680 4324 scelestum

1759 1748 1958 1797 rociter
1978 1747 2171 1799 urbem
2189 1748 2615 1813 pervagabitur.
2590 1750 2813 1801 »Isaiae

1759 1822 1849 1882 47,
1887 1822 1949 1872 2:
2003 1822 2284 1872 Derelictae
2314 1823 2462 1873 urbes
2489 1824 2654 1873 Aroe'r
2690 1838 2814 1889 are*-

1756 1894 1902 1956 ρῶν-ς
1945 1895 2141 1958 (dativ.)
2191 1901 2364 1959 erunt,
2418 1901 2465 1946 et
2510 1898 2813 1959 requiescent

1754 1968 1851 2027 ibi‚·
1887 1974 1933 2018 et
1963 1982 2066 2018 non
2098 1970 2219 2030 erit,
2257 1971 2633 2032 quieoeterreat.
2670 1972 2808 2021 Eze-

1757 2040 1896 2092 chiel
1929 2043 2024 2103 26,
2062 2044 2152 2092 44;
2197 2044 2400 2108 Πηριιιὲε
2431 2058 2812 2106 equor-tansm-

1753 2129 1874 2166 παπ
1904 2117 2215 2168 conculcabit
2246 2130 2414 2168 omnes
2448 2118 2646 2180 plateas
2673 2123 2808 2181 tuas,

1750 2185 1997 2253 populum
2029 2197 2173 2242 taam
2203 2192 2374 2256 gladio
2405 2195 2597 2256 caedet,
2632 2199 2680 2244 et
2700 2199 2810 2245 sta-

1755 2270 1873 2315 tuae
1904 2271 2024 2316 tuae
2052 2265 2278 2317 nobiles
2259 2282 2314 2317 m
2341 2272 2533 2318 terram
2553 2275 2805 2319 convent

1756 2338 1905 2390 Ovid.
1932 2353 1999 2390 ex
2020 2341 2170 2390 Pont.
2198 2342 2253 2402 4,
2289 2342 2352 2401 2,
2369 2342 2515 2429 ,4.44
2550 2344 2808 2395 Necmale

1757 2564 1863 2613 Sat.
1893 2564 1948 2624 4,
1988 2564 2044 2625 4,
2084 2563 2197 2616 444.
2261 2566 2423 2625 «Quia
2473 2566 2526 2615 in
2576 2566 2807 2631 pedibus

1757 2639 1813 2687 et
1852 2636 2048 2701 ungula
2089 2637 2348 2689 velocitas
2383 2641 2507 2703 equi
2542 2642 2651 2699 est,
2705 2654 2811 2705 po-

1756 2713 1896 2761 nitur
1929 2724 2025 2776 pro
2059 2713 2169 2761 toto
2204 2725 2397 2776 equo.»
2440 2714 2699 2764 Bonum«.
2737 2715 2809 2765 ad

1755 2785 1896 2849 Virg.
1935 2787 2026 2837 Ge.
2064 2786 2124 2848 3,
2164 2787 2276 2837 446.
2326 2787 2407 2838 Ad
2440 2801 2492 2838 v.
2526 2788 2810 2839 verberabit

1757 2860 1852 2910 cfr.
1889 2860 2149 2910 Senecam
2189 2861 2380 2911 Troad.
2420 2862 2499 2912 43.
2539 2862 2606 2912 de
2640 2865 2807 2913 Ama-

1756 2933 2004 2985 zonibus:
2059 2935 2241 2997 Ripam
2288 2936 2502 2986 catervis
2547 2939 2807 2987 Ponticam

1752 3008 1916 3058 viduis
1967 3008 2101 3071 ferit.
2114 3008 2137 3071 )
2200 3036 2254 3045 —
2314 3011 2550 3072 Quaeque
2591 3013 2797 3073 carent]

1759 3082 1934 3141 nQuae
1971 3095 2113 3132 nunc
2135 3095 2289 3134 sacro
2312 3084 2367 3133 in
2387 3082 2673 3148 sepulchro
2696 3084 2801 3135 alte

1756 3156 1995 3218 defossa,
2032 3155 2297 3207 subducta
2330 3170 2395 3207 ac
2429 3157 2648 3209 defensa
2678 3163 2807 3210 sunt

1754 3243 1785 3280 a
1820 3228 1932 3281 sole
1964 3232 2272 3294 ventisque,
2319 3232 2408 3296 qui
2444 3245 2510 3283 ea
2545 3233 2802 3298 dissipare

1755 3306 1978 3369 possent
2011 3306 2148 3355 cet.»
2188 3333 2243 3342 —
2279 3319 2392 3356 ossa
2431 3308 2647 3372 Quirini]
2686 3309 2804 3359 «Sic

1756 3379 1907 3439 dicit,
1955 3380 2107 3443 quasi
2143 3379 2396 3431 Romulus
2440 3380 2679 3446 sepultus
2713 3385 2800 3443 sit,

1757 3466 1862 3504 non
1896 3452 1966 3502 ad
2000 3452 2212 3504 caelum
2245 3458 2431 3518 raptus
2466 3457 2557 3506 aut
2598 3455 2803 3507 discer-

1754 3528 1877 3592 ptus
1894 3540 1925 3576 a
1942 3527 2306 3587 senatoribus;
2344 3542 2469 3579 nam
2493 3530 2658 3579 Varro
2679 3534 2805 3594 post

1755 3602 1941 3651 Rostra
1986 3602 2148 3653 fuisse
2200 3601 2544 3666 sepulchrum
2595 3602 2802 3654 Romuli

1755 3674 1934 3725 dicit.»
1971 3677 2220 3725 Pomm.
2260 3677 2444 3738 (Con.
2468 3677 2646 3734 Cauca
2678 3690 2803 3739 «pro

1755 3749 1943 3800 Rostris
1967 3775 2052 3811 --‚
2103 3749 2198 3800 ubi
2248 3751 2412 3801 etiam
2444 3750 2496 3799 in
2531 3750 2688 3801 huius
2723 3753 2802 3800 rei

1755 3825 2073 3875 memoriam
2106 3823 2241 3875 duos
2276 3822 2458 3875 leones
2491 3823 2654 3874 misse
2678 3836 2804 3874 ere-

1755 3900 1871 3949 ctos
1895 3900 2151 3950 constat.»
2126 3899 2170 3960 n)
2208 3897 2408 3948 Referri
2431 3897 2625 3949 eodem
2646 3897 2803 3949 vide-

1757 3974 1841 4022 tur
1874 3972 2136 4023 obscurus
2160 3971 2310 4023 locus
2333 3973 2471 4024 Festi
2493 3974 2574 4022 Fr.
2600 3985 2653 4036 p.
2683 3973 2796 4023 477.

1755 4047 2100 4099 M.⁴85.1..:
2165 4047 2803 4112 NigerlapisinComitio

1754 4121 1917 4172 locum
1935 4123 2187 4186 fimestam
2207 4123 2475 4187 siqniflcat,
2498 4127 2555 4171 ut
2576 4121 2647 4171 ali
2667 4122 2798 4185 (sic),

1754 4198 1949 4248 Romuli
2008 4200 2160 4247 morti
2224 4198 2525 4247 aestiviatum
2591 4198 2801 4259 (cetera

1753 4284 1942 4323 manca
1977 4272 2142 4336 sunt).
2186 4272 2656 4336 Appropinquante
2691 4271 2801 4322 iam
