3234 4975
660 412 784 477 228

1432 412 1688 462 HORATII
1725 412 2062 463 CARMINUM

1166 539 1463 613 Laetitia,
1508 540 1816 605 moriture
1862 538 2057 613 Delli,

999 700 1126 763 Seu
1172 707 1456 762 maestus
1502 696 1672 761 omni
1720 707 2010 782 tempore
2056 695 2324 769 vixeriS‚
2784 700 2822 759 ὅ

998 820 1127 884 Seu
1172 828 1233 883 te
1280 818 1341 882 in
1387 826 1634 882 remoto
1680 817 1968 904 gramine
2014 838 2133 904 per
2175 817 2316 881 dies

1078 942 1303 1005 Festos
1349 937 1725 1004 reclinatum
1769 937 1983 1004 bearis

1164 1059 1471 1124 Interiore
1515 1069 1666 1124 nota
1711 1058 1980 1124 Falerni.

994 1219 1137 1295 Quo
1182 1216 1374 1302 pinus
1420 1217 1644 1304 ingens
1687 1217 1964 1304 albaque
2017 1218 2296 1305 populus

780 1491 826 1538 9.
877 1491 982 1551 Quo
1016 1488 1270 1549 BbSTcd,
1321 1501 1508 1539 omnes
1542 1487 1789 1549 Bentleii,
1845 1490 1937 1537 Ct:
1997 1502 2099 1550 qua
2134 1491 2197 1549 L,
2238 1504 2267 1538 e
2305 1484 2542 1541 Lambini
2580 1492 2745 1542 Codd.

706 1562 873 1613 Bentl.
897 1602 907 1621 ,
946 1565 1011 1613 M.

708 1814 756 1865 4.
794 1814 1329 1877 moritureJ«Quando
1353 1814 1570 1877 quidem
1596 1814 1692 1865 tibi
1766 1817 2032 1865 commate
2095 1818 2219 1879 post
2273 1830 2322 1865 ν.
2381 1816 2587 1866 Falerni
2640 1818 2813 1881 posito

645 1901 860 1952 quoque
886 1888 1224 1938 moriendum
1249 1890 1331 1939 est
1352 1902 1415 1938 ac
1445 1891 1694 1953 propter-

639 1977 703 2012 ea
750 1961 875 2012 nihil
930 1965 981 2012 te
1027 1964 1205 2012 iuvant
1244 1976 1344 2012 nec
1380 1961 1690 2013 sollicitudi—

638 2049 754 2098 neS,
791 2049 967 2099 neque
992 2037 1159 2085 effusa
1182 2036 1427 2086 laetitia.»
1470 2039 1686 2087 Comice

638 2111 778 2162 hanc
814 2112 1150 2171 sententiam,
1189 2123 1327 2172 quae
1352 2111 1494 2175 apud
1520 2113 1689 2161 Hora-

638 2187 771 2235 tium
806 2187 917 2235 tam
962 2184 1154 2234 crebro
1180 2186 1460 2248 reperitur,
1499 2188 1575 2236 sic
1599 2200 1690 2236 ex-

634 2260 832 2324 pressit
882 2259 1095 2309 Plautus
1139 2259 1385 2309 Bacchid.
1438 2274 1490 2309 v.
1532 2262 1593 2321 ὅ,
1633 2262 1682 2321 2,

634 2336 728 2383 75:
764 2335 880 2383 Non
910 2334 997 2382 tibi
1029 2334 1162 2381 venit
1182 2333 1236 2382 in
1255 2338 1493 2394 mentem,
1532 2348 1686 2383 ama—

632 2408 711 2469 bo,
750 2409 834 2466 Si,
873 2409 992 2457 dum
1023 2409 1193 2468 vivas,
1232 2408 1317 2456 tibi
1352 2408 1469 2457 bene
1498 2408 1682 2470 faciae,

630 2484 745 2533 Iam
770 2482 862 2544 pol
894 2482 948 2531 id
981 2482 1179 2542 quidem
1227 2495 1326 2531 asse
1379 2482 1517 2531 haud
1557 2497 1684 2545 per-

632 2558 961 2621 tany-‘nquam
980 2570 996 2604 .·
1020 2558 1189 2617 Neque
1210 2557 1252 2604 si
1273 2557 1364 2605 hoc
1385 2557 1526 2606 hodie
1547 2560 1683 2607 ami—

631 2633 780 2693 seriS,
827 2636 946 2693 post
998 2631 1051 2680 in
1084 2632 1246 2681 Morte
1294 2631 1347 2679 id
1391 2636 1684 2682 evemwwn

637 2720 736 2757 esse
779 2705 1049 2766 unquam?

699 2782 748 2830 5.
788 2780 836 2829 6.
872 2778 1108 2841 maestus]
1146 2779 1251 2828 Cfr.
1290 2778 1385 2828 Od.
1423 2781 1470 2840 4,
1497 2781 1547 2841 7,
1576 2781 1679 2842 ⁴7„

630 2853 775 2904 unde
827 2854 989 2903 etiam
1037 2853 1124 2901 hic
1174 2851 1408 2902 nonnulli
1454 2852 1682 2903 Dellium

629 2926 959 2989 aegritudine
984 2927 1146 2976 animi
1169 2937 1485 2989 oppressum
1517 2926 1680 2977 fuisse

629 3004 745 3054 sine
781 3003 929 3052 certo
964 3002 1277 3064 argumento
1311 3002 1411 3068 rati
1445 3003 1583 3050 sunt.
1623 3029 1677 3036 —

627 3080 683 3127 in
716 3081 906 3125 remoto
940 3074 1189 3139 ,qr-amine]
1240 3075 1324 3123 «in
1356 3077 1509 3139 prato
1551 3089 1682 3139 pro—

629 3154 769 3216 pter·
806 3151 981 3214 ipsam
1037 3147 1376 3199 solitudinem
1431 3151 1680 3212 pergrato

631 3225 731 3284 illi,
795 3225 885 3287 qui
939 3221 1216 3286 tranquille
1275 3225 1327 3272 et
1383 3236 1414 3271 a
1465 3223 1680 3274 nemine

632 3296 998 3363 interpellatus
1033 3299 1217 3360 potare
1253 3298 1446 3360 cupit.»

696 3374 746 3425 8.
782 3372 921 3437 nota]
959 3372 1181 3422 Nomina
1206 3370 1515 3434 consulum,
1561 3373 1682 3437 qui-

633 3449 734 3499 bus
768 3449 891 3499 nata
926 3449 1079 3497 erant
1110 3447 1259 3508 vina,
1308 3447 1456 3498 cadis
1491 3449 1683 3500 inscri-

630 3523 913 3574 bebantur.
952 3524 1063 3572 Iam
1100 3525 1522 3573 consentaneum
1545 3523 1676 3582 erat,

628 3601 690 3648 ut
732 3598 787 3647 in
833 3596 1105 3660 apothecis
1152 3597 1269 3646 cadi
1306 3598 1411 3647 vini
1448 3598 1679 3647 recentis

631 3685 850 3736 semper
882 3673 1211 3735 ponerentur
1232 3673 1355 3722 ante
1378 3672 1525 3736 prius
1555 3684 1684 3721 con-

632 3746 801 3806 ditos;
850 3746 993 3796 unde
1040 3745 1228 3808 fiebat,
1284 3748 1342 3796 ut
1384 3760 1491 3810 quo
1522 3747 1682 3795 vetu-

631 3821 795 3871 stiora
841 3821 1023 3871 essent
1065 3821 1215 3879 vina,
1270 3833 1336 3869 eo
1371 3818 1576 3883 longius
1609 3818 1678 3868 ab

631 3895 769 3946 ostio
793 3897 976 3944 essent
998 3897 1204 3945 remota
1228 3907 1291 3944 ac
1314 3892 1681 3957 depromenda

633 3983 700 4021 ex
744 3969 982 4019 interiore
1025 3969 1175 4019 cella.
1249 3969 1381 4018 Hinc
1427 3970 1598 4042 etiam·
1624 3969 1684 4017 de

629 4044 837 4094 meliore
866 4049 988 4093 nota
1023 4042 1207 4094 Catull.
1252 4044 1334 4104 68,
1370 4043 1452 4093 28.
1491 4043 1681 4093 Curius

635 4132 722 4182 ap.
761 4118 871 4167 Cic.
910 4116 979 4167 ad
1024 4119 1166 4167 Fam.
1217 4119 1278 4178 7,
1323 4118 1416 4168 29:
1471 4117 1682 4179 Sulpicii

629 4193 898 4242 successori
932 4205 1021 4240 nos
1053 4193 1113 4241 de
1146 4191 1350 4242 meliore
1386 4197 1509 4241 nota
1541 4205 1681 4240 com-

632 4267 830 4317 menda.
870 4263 986 4315 vid.
1007 4266 1321 4316 Excursum.
1354 4292 1408 4301 —
1434 4264 1680 4315 Nonnulli

1764 1890 2040 1952 stropham
2071 1891 2282 1940 tertiam
2316 1891 2537 1953 iungunt
2571 1904 2695 1941 cum
2723 1904 2814 1942 se—

1765 1963 1966 2016 cunda:
1994 1964 2092 2013 sed
2107 1966 2330 2027 propter
2351 1964 2630 2015 meliorem
2653 1966 2812 2016 totius

1761 2039 1967 2102 periodi
2045 2040 2284 2101 poeticae
2360 2041 2812 2090 constructionem

1761 2115 2035 2176 praestare
2071 2112 2285 2162 videtur
2316 2115 2498 2163 nostra
2522 2113 2806 2173 distinctio,

1761 2199 1923 2249 quam
1957 2187 2200 2248 sequitur
2234 2187 2394 2237 etiam
2425 2187 2472 2236 J.

1825 2261 1874 2310 9.
1916 2263 2022 2322 Quo
2047 2261 2219 2324 pinus]
2255 2262 2338 2311 Sic
2372 2260 2531 2311 Libri.
2583 2263 2698 2324 Qua
2738 2263 2813 2324 (ut

1759 2335 1855 2384 Od.
1893 2335 1941 2395 3,
1981 2334 2029 2395 3,
2068 2334 2132 2385 46
2168 2338 2222 2384 et
2255 2336 2337 2396 30,
2382 2337 2460 2384 ⁴0.
2530 2334 2716 2385 Tibull.
2755 2337 2806 2405 2,

1758 2411 1806 2469 5,
1843 2410 1945 2471 96.)
1983 2423 2013 2459 e
2050 2411 2187 2460 coni.
2215 2410 2489 2460 dumtaxat
2511 2412 2806 2473 repositum

1756 2482 1994 2544 videtur,
2045 2486 2142 2535 etsi
2177 2484 2466 2535 Lambinus
2501 2483 2666 2535 libros
2706 2499 2805 2549 ap—

1755 2557 1932 2622 pellat.
1959 2557 2110 2610 Falso
2127 2557 2280 2621 volgo
2300 2557 2586 2623 explicant:
2618 2560 2806 2609 «Ferre

1754 2632 1880 2682 iube
1913 2633 2036 2682 vina
2069 2647 2152 2694 eo,
2188 2633 2274 2681 ubi
2309 2635 2473 2692 cet.»;
2524 2647 2625 2682 nec
2669 2647 2798 2683 vero

1755 2707 2081 2768 iungendum
2137 2711 2252 2757 erat
2307 2721 2431 2758 cum
2492 2707 2804 2771 praecedd.‚

1755 2780 2001 2831 videlicet
2055 2783 2170 2832 sine
2238 2783 2649 2844 interrogatione
2706 2794 2805 2842 quo

1753 2858 2015 2918 gramine,
2069 2870 2171 2905 nec
2207 2858 2313 2919 Quo
2347 2856 2804 2920 interpretandum

1755 2943 1855 2990 quo
1887 2930 2009 2991 loci,
2046 2932 2105 2979 ut
2139 2931 2222 2981 est
2254 2942 2384 2981 sane
2414 2929 2560 2993 apud
2594 2931 2702 2980 Cic.
2734 2929 2802 2979 de

1755 3006 1926 3054 Divin.
1963 3006 2023 3065 2,
2063 3005 2155 3054 ὅδε
2193 3018 2292 3066 quo
2323 3006 2485 3054 radix
2515 3005 2807 3054 locenaseo-

1752 3083 1925 3140 retur,
1970 3078 2026 3128 id
2060 3081 2174 3140 est,
2221 3078 2415 3128 «ubi».
2484 3079 2617 3128 Vide
2651 3076 2801 3127 infra.

1755 3145 1921 3207 Fingit
1965 3144 2122 3207 igitur
2166 3143 2268 3195 sibi
2312 3144 2490 3195 locum
2533 3144 2805 3194 amoenis-

1755 3220 1982 3278 simum,
2020 3231 2185 3281 quem
2219 3215 2586 3280 contemplans
2619 3216 2672 3265 in
2706 3215 2805 3264 has

1753 3293 2193 3356 interrogationes
2213 3293 2527 3356 prorumpit.
2560 3318 2613 3327 —
2632 3288 2804 3352 pinus]

1754 3365 1959 3428 Italica,
2011 3368 2177 3427 Pini03
2228 3380 2365 3430 quae
2417 3364 2639 3415 arbores
2674 3377 2802 3414 sane

1755 3443 1996 3504 ingentes
2014 3444 2209 3492 suntet
2233 3440 2388 3491 simul
2411 3433 2771 3504 ἀμφιλαφεῖς
2788 3451 2802 3496 ;

1755 3517 1822 3566 cf.
1859 3517 2013 3567 Voss.
2053 3516 2124 3566 ad
2145 3517 2285 3579 Virg.
2312 3513 2420 3566 Ecl.
2458 3516 2514 3576 7,
2553 3514 2650 3564 65:
2681 3512 2804 3574 pul-

1752 3591 2004 3641 cherrima
2031 3590 2184 3652 pinus
2213 3591 2268 3639 in
2300 3590 2470 3639 hortis.
2529 3615 2582 3624 -
2633 3600 2804 3649 popu-

1752 3666 1853 3730 lus]
1920 3662 2128 3731 (λεύκη)
2180 3663 2391 3728 Virgilio
2430 3660 2538 3713 Ecl.
2598 3663 2655 3722 9,
2707 3660 2797 3711 44;

1753 3741 2004 3800 candida,
2031 3742 2162 3791 Aen.
2188 3741 2244 3800 8,
2272 3739 2393 3790 276:
2431 3738 2634 3787 bicolor.
2675 3736 2803 3784 «Ce-

1754 3815 1930 3864 terum
1987 3813 2103 3878 lege
2156 3827 2280 3865 cum
2333 3811 2502 3861 Codd.
2555 3810 2800 3870 albaque,

1755 3903 1861 3940 non
1898 3889 2129 3950 altaque,
2167 3891 2227 3938 ut
2259 3885 2546 3938 Lambinus
2569 3883 2804 3947 suspica-

1755 3966 1843 4013 tur
1875 3977 1940 4013 ex
1975 3962 2143 4026 Epod.
2182 3965 2241 4023 2,
2281 3962 2371 4010 ⁴0:
2418 3961 2559 4010 Alta-s
2587 3958 2804 4009 maritat

1749 4039 1974 4100 populos.
2015 4039 2220 4101 Quippe
2252 4035 2378 4086 nihil
2403 4034 2635 4098 frigidius
2658 4034 2805 4082 esset

1754 4114 1966 4176 gemino
2001 4111 2086 4162 illo
2122 4111 2364 4163 eiusdem
2407 4106 2803 4172 significationis

1754 4189 1987 4251 epitheto
2041 4188 2216 4251 ingens
2264 4184 2530 4246 altaque.»
2614 4183 2798 4231 Bran..

1753 4265 1925 4326 Atque
1961 4263 2105 4312 idem
2140 4267 2223 4313 est
2255 4260 2506 4310 iudicium
2530 4255 2725 4307 Heinsii
2749 4256 2802 4303 in
