3234 4975
679 375 802 439 406

1448 377 1704 429 Heium
1739 377 2073 447 onimium

1437 850 2068 914 cmx-

1014 1003 1377 1069 Extremum
1420 1003 1656 1068 Tanain
1701 1002 1754 1067 si
1797 1002 2088 1078 bibereS,
2135 1003 2341 1092 Lyce,

1012 1124 1219 1190 Saevo
1265 1133 1460 1211 nupta
1502 1123 1673 1199 viro,
1719 1143 1825 1189 me
1870 1131 2083 1189 tamen
2117 1144 2382 1211 asperas

1010 1247 1382 1311 Porrectum
1425 1254 1569 1312 ante
1614 1244 1786 1311 fores
1830 1242 2113 1311 obiicere
2159 1244 2382 1311 incolis

1180 1365 1473 1433 Plorares
1515 1364 1955 1453 Aquilonibus.

806 1548 868 1599 X.
906 1548 1068 1598 Inscr.
1093 1545 1231 1610 volg.
1268 1547 1343 1597 Ad
1372 1548 1561 1609 Lycen,
1608 1548 1663 1596 et
1694 1545 1772 1596 sic
1803 1545 1969 1595 Codd.
2003 1546 2128 1595 mei.
2160 1569 2214 1581 —
2240 1546 2290 1595 2.
2329 1558 2534 1609 asperas
2566 1559 2671 1597 om.
2705 1548 2761 1597 T.

748 1649 800 1657 —-
838 1621 886 1672 3.
910 1624 1187 1672 Proiectum
1212 1620 1378 1672 Bentl.
1416 1623 1552 1672 coni.
1595 1648 1649 1657 —
1687 1622 1877 1672 obicere
1911 1622 2006 1673 Bd.

741 1782 802 1831 X.
846 1782 937 1831 Est
968 1780 1364 1844 quodammodo
1387 1777 1718 1851 παρακλαυ-

679 1855 949 1925 σίθυρον,
1002 1868 1111 1905 non
1142 1857 1322 1904 tamen
1356 1855 1579 1917 iustum,
1637 1856 1719 1919 (ut

678 1930 820 1994 apud
868 1928 1131 1993 Aristoph.
1186 1927 1388 1979 Eccles.
1425 1929 1539 1978 960.
1584 1929 1718 1979 ado-

677 2003 925 2055 lescentis
973 2001 1126 2053 illud:
1184 1998 1366 2072 Δεῦρο
1420 1998 1491 2068 δὴ
1547 1998 1718 2074 δεῦρο

677 2074 781 2145 δή,
828 2076 941 2128 Καὶ
973 2072 1047 2128 σύ
1080 2092 1185 2141 μοι
1226 2074 1593 2147 καταδραμοῦ
1631 2102 1648 2121 ι
1688 2075 1711 2129 ΙΙ

679 2168 758 2204 σα
789 2147 896 2218 τὴν
929 2147 1115 2223 θύραν
1147 2145 1383 2215 ἄνοιξον
1428 2149 1620 2217 Τὴνὸ·
1668 2155 1721 2204 εἰ

676 2226 739 2279 δὲ
771 2222 874 2313 μή,
911 2223 1250 2278 καταπεσών
1271 2229 1558 2292 κείσομαι.
1560 2226 1582 2293 )
1616 2242 1717 2279 nec

679 2303 792 2353 sine
854 2302 1019 2352 ironia
1080 2303 1313 2366 quadam
1375 2302 1552 2353 iuncta
1615 2303 1720 2353 mi-

579 2386 589 2402 ·
680 2378 761 2428 nis
811 2389 869 2427 se
920 2377 1229 2439 neutiquam
1278 2390 1494 2441 semper
1547 2378 1718 2439 Lyces

681 2452 873 2506 fastum
908 2450 1252 2503 toleraturum
1277 2463 1415 2502 esse.
1452 2453 1580 2503 Tota
1603 2465 1720 2503 sce-

678 2541 747 2577 na
780 2526 990 2576 videtur
1022 2527 1161 2577 ficta.
1235 2527 1482 2592 (Tempus
1515 2528 1715 2588 autem,

680 2614 787 2665 quo
810 2603 1162 2665 compositum
1185 2602 1277 2663 sit,
1307 2614 1528 2665 prorsus
1548 2602 1720 2651 incer-

677 2678 792 2727 tum
826 2677 945 2738 est.)

744 2752 790 2801 4.
819 2752 867 2801 2.
908 2751 1117 2814 Tanain]
1144 2763 1389 2801 «amnem
1412 2748 1561 2801 illum
1583 2752 1720 2813 sey-

677 2828 818 2878 thiae
852 2840 883 2876 a
916 2828 1078 2878 Roma
1114 2825 1417 2889 longissime
1449 2828 1718 2877 remotum

678 2902 722 2952 si
757 2900 1024 2961 biberes»;
1060 2903 1120 2952 ut
1139 2900 1234 2951 Od.
1261 2903 1322 2962 2,
1349 2902 1439 2960 20,
1466 2901 1558 2952 2οε
1594 2901 1721 2952 Rho-

679 2976 896 3038 danique
920 2981 1096 3037 potor3
1131 2973 1187 3035 4,
1229 2976 1318 3034 45,
1356 2975 1448 3024 24;
1487 2977 1573 3037 qui
1597 2989 1722 3038 pro-

676 3051 888 3113 fundum
933 3050 1224 3100 Danubium
1260 3049 1456 3109 ΰίὸιιοιις
1511 3052 1589 3100 «si
1632 3048 1718 3101 vel

680 3124 950 3186 Scythissa
1000 3136 1201 3174 esses.»
1250 3150 1305 3160 —
1347 3125 1523 3188 Saevo]
1576 3119 1720 3175 ὑπο-

594 3237 607 3246 ,
679 3195 922 3260 θετικῶς
954 3198 1089 3248 haec
1110 3198 1441 3263 accipienda:
1484 3201 1558 3250 «si
1582 3200 1721 3250 inter

681 3272 906 3336 Scythas
946 3272 1215 3323 habitares
1248 3273 1454 3336 ibique,
1507 3275 1568 3324 ut
1598 3277 1723 3324 sunt

681 3347 774 3408 illi,
825 3347 988 3398 feroci
1037 3350 1199 3411 nupta
1250 3360 1400 3399 esses
1452 3349 1617 3399 viro.»
1662 3377 1719 3387 —

680 3422 901 3487 asperas]
939 3436 1184 3488 «semper
1213 3437 1301 3475 me
1325 3422 1720 3474 excludentes»

680 3497 847 3562 Epod.
886 3498 976 3558 44,
1018 3499 1108 3549 22ε
1151 3500 1351 3548 Limina
1382 3501 1529 3549 dma.

745 3572 793 3624 3.
821 3572 869 3623 4.
902 3574 1205 3638 Porrectwn]
1242 3571 1426 3636 «longe
1450 3575 1722 3624 extentum

679 3648 935 3711 humique
964 3649 1240 3697 stratum.»
1309 3648 1415 3699 Cfr.
1442 3647 1609 3712 Epod.
1639 3648 1718 3707 40,

679 3723 759 3771 22.
799 3723 903 3771 Sat.
940 3722 998 3781 2,
1037 3720 1092 3780 3,
1131 3722 1244 3772 442.
1288 3722 1378 3772 His
1402 3719 1722 3772 tribuslocis

679 3794 973 3846 Bentleium
999 3794 1213 3858 volgare
1235 3809 1286 3844 v.
1302 3796 1578 3858 proiectum
1598 3794 1725 3845 sub-

678 3870 912 3921 stituisse
945 3868 1233 3921 dolendum
1268 3873 1363 3920 est.
1409 3870 1631 3920 Theocr.
1658 3869 1716 3930 3,

680 3945 774 3997 52:
828 3937 937 3995 οὐκ
971 3936 1049 3994 ἔτ’
1085 3938 1274 4006 ἀείδω,
1311 3939 1626 4009 Κεισεῦμαι
1659 3942 1721 3995 δὲ

682 4016 890 4070 πεσών.
958 4020 1320 4072 Aristaenetus
1357 4020 1414 4082 4,
1461 4021 1554 4070 2οε
1611 4035 1722 4080 χα-

678 4099 974 4160 μαιπετεῖς
1022 4091 1325 4160 κοιμήσας
1373 4094 1469 4146 ἐπὶ
1515 4092 1721 4168 θύραις

682 4168 990 4220 ποιεῖσθαι.
1016 4197 1071 4206 --
1087 4170 1334 4236 Plorares]
1361 4171 1721 4222 «Miserereris

682 4247 861 4296 lamen
903 4257 990 4296 me
1032 4246 1141 4308 pati
1177 4244 1339 4309 frigus
1371 4243 1717 4309 Aquilonum,

1791 1783 1880 1844 qui
1929 1782 1983 1832 in
2033 1782 2246 1844 Scythia
2296 1779 2458 1831 veluti
2506 1781 2830 1834 domicilium

1790 1869 1950 1907 suum
1983 1855 2235 1907 habent.»

1855 1932 1904 1980 5.
1955 1930 2002 1979 6.
2054 1929 2252 1993 nerum]
2296 1929 2603 1981 viridarium
2657 1931 2832 1996 (cuius

1791 2017 1960 2067 genus
2008 2017 2200 2055 nemus
2248 2005 2402 2070 volgo
2452 2007 2630 2056 silvam
2668 2018 2833 2056 voca-

1790 2077 1947 2142 bant)
1998 2079 2053 2129 in
2094 2079 2286 2130 domus
2331 2077 2584 2144 impluvio
2627 2079 2834 2144 planta-

1792 2155 1922 2204 tum.
1961 2153 2091 2218 Epp.
2127 2154 2184 2216 4,
2223 2155 2311 2214 40,
2347 2155 2438 2203 22ε
2487 2155 2672 2216 Nempe
2702 2155 2835 2203 inter

1791 2229 1965 2278 varias
1985 2229 2212 2278 nutritur
2231 2228 2360 2278 silva
2375 2229 2646 2278 columnas.
2674 2230 2835 2278 Pseu-

1792 2302 1955 2352 dotih.
1982 2302 2040 2365 3,
2078 2301 2137 2362 3,
2178 2303 2267 2352 ⁴5:
2320 2304 2386 2352 Et
2417 2316 2625 2353 nemora
2654 2304 2709 2352 in
2741 2304 2835 2352 do-

1789 2377 1950 2427 mibus
1978 2389 2149 2426 sacros
2180 2377 2434 2427 imitantia
2471 2376 2621 2428 lucos.
2680 2375 2833 2427 Tales

1792 2449 1951 2503 silvas
1985 2450 2253 2503 interdum
2287 2453 2446 2503 etiam
2481 2453 2534 2503 in
2567 2451 2721 2503 tectis
2742 2452 2837 2503 ha-

1791 2526 2017 2589 bebant;
2061 2528 2262 2578 Seneca
2297 2528 2391 2591 Ep.
2432 2528 2555 2577 4223
2603 2528 2719 2578 Non
2751 2528 2835 2577 vi—

1789 2607 1913 2651 vunt
1944 2605 2122 2654 contra
2161 2607 2430 2664 naturam,
2483 2603 2568 2666 qui
2594 2616 2836 2666 pomaria

1791 2678 1845 2727 in
1877 2678 2081 2726 momnis
2113 2677 2335 2727 turribus
2372 2683 2576 2739 serunt,
2621 2691 2837 2740 quorum

1791 2752 1944 2802 silvae
1977 2752 2032 2802 in
2064 2753 2203 2801 tectis
2237 2753 2497 2802 demonem
2530 2765 2591 2802 ac
2620 2753 2837 2816 fastigiis

1789 2825 2007 2876 nutant?
2027 2827 2119 2876 Est
2139 2826 2320 2890 igitur:
2349 2825 2493 2886 «Quo
2512 2827 2734 2890 strepitu
2751 2823 2838 2876 sil-

1791 2917 1859 2953 va
1883 2901 2074 2952 domus
2096 2902 2219 2952 tuae
2238 2905 2455 2952 resonet
2474 2905 2694 2967 propter
2708 2914 2837 2951 ven-

1793 2978 1933 3028 tosi»
1949 3004 2002 3013 —
2014 2980 2196 3037 satum,
2212 2976 2493 3036 consitum,
2513 2975 2666 3039 longe
2682 2987 2838 3039 prae-

1794 3054 1898 3102 stat
1917 3048 2116 3114 volgari
2138 3052 2288 3100 situm
2301 3089 2313 3113 ,
2340 3053 2399 3100 ut
2417 3054 2564 3100 recte
2587 3048 2836 3100 iudIcavit

1795 3127 1954 3176 etiam
1987 3126 2232 3176 Heinsius
2263 3124 2546 3175 Adversar.
2583 3138 2636 3189 p.
2672 3123 2785 3174 298.

1859 3201 1907 3250 7.
1935 3199 1984 3250 8.
2033 3200 2194 3250 Ventis
2227 3197 2388 3250 ablat.
2410 3239 2421 3261 ,
2459 3213 2589 3260 non,
2626 3201 2686 3249 ut
2707 3211 2837 3248 non-

1793 3272 1920 3325 nulli
1936 3272 2137 3335 volunt‚
2165 3273 2389 3324 dativus
2417 3273 2521 3324 Cir.
2543 3273 2682 3336 Virg.
2699 3274 2829 3322 Aen.

1796 3349 1887 3410 42,
1924 3349 2049 3398 722;
2101 3350 2289 3411 aenum
2318 3359 2836 3398 mmmmm-emu-

1792 3424 1882 3487 9it.
1930 3449 1985 3457 —
2043 3421 2123 3473 Ad
2162 3435 2314 3486 seqq.
2362 3435 2428 3473 ex
2464 3436 2516 3472 v.
2555 3421 2702 3471 audis
2736 3433 2834 3484 per

1795 3509 2017 3560 zeugma
2067 3495 2224 3548 elice:
2297 3496 2570 3548 «sentis‘tn
2639 3495 2834 3545 Huius-

1796 3571 1940 3623 modi
1957 3573 2295 3634 zeugmatum
2310 3570 2508 3621 illustre
2529 3566 2832 3633 exemplum

1795 3649 1880 3697 est
1911 3647 2063 3698 Hom.
2103 3647 2297 3710 Hymn.
2328 3643 2495 3709 Apoll.
2521 3643 2650 3696 264;
2686 3643 2835 3693 εἰσο-

1795 3717 2049 3810 ράασθαι
2073 3712 2325 3807 ’Ἀρματά
2354 3721 2401 3768 τ’
2437 3712 2715 3784 εὐποίητα
2736 3717 2835 3767 καὶ

1795 3790 2110 3848 ὠκυπόδων
2153 3790 2370 3846 κτύπον
2417 3791 2620 3843 ἵππων.
2690 3793 2836 3847 Hanc

1796 3871 2020 3934 figuram
2053 3871 2300 3921 reiiciens
2333 3867 2600 3920 Bentleius
2633 3880 2696 3917 ac
2717 3879 2837 3917 sen-

1794 3947 2015 3996 tentiam
2048 3945 2215 4008 magis
2237 3943 2506 4007 volgarem
2528 3941 2835 4007 praeferens

1795 4021 1957 4071 Sentis
2005 4024 2050 4070 et
2098 4019 2247 4070 dedit
2295 4032 2361 4068 ex
2394 4018 2488 4067 Od.
2531 4017 2590 4079 3,
2635 4015 2726 4076 28,
2769 4015 2831 4064 5:

1793 4095 2041 4145 Inclinare
2066 4094 2323 4145 meridiem
2352 4092 2529 4141 Sentis.
2574 4118 2629 4127 —
2645 4088 2838 4152 posim

1794 4174 1851 4219 ut
1868 4171 2050 4233 glaciet
2069 4169 2221 4232 nives]
2261 4168 2349 4217 «ut
2370 4167 2457 4216 nix
2474 4205 2487 4227 ,
2524 4179 2662 4230 quae
2686 4163 2835 4215 caelo

1795 4242 1942 4308 lapsa
1988 4246 2071 4296 est
2116 4241 2478 4309 superioribus
2519 4239 2710 4291 diebus
2754 4239 2838 4289 at-
