3234 4975
651 371 776 436 476

1420 373 1677 425 HORATII
1711 374 2048 428 CARMINIJM

816 529 951 594 Dos
996 536 1095 594 est
1136 547 1366 614 magna
1406 528 1769 615 parentium

898 648 1109 714 Virtus
1156 656 1220 715 et
1262 658 1558 716 metuens
1603 648 1868 716 alterius
1911 649 2029 714 viri

817 769 1008 836 Certo
1051 767 1317 835 foedere
1359 768 1651 848 eastitas;

898 888 973 955 Et
1023 908 1298 976 peccare
1340 889 1521 957 nefas
1573 899 1684 956 aut
1725 889 2003 978 pretium
2051 900 2151 957 est
2199 892 2380 957 mori.

811 1046 870 1113 Ο
914 1045 1211 1134 quisquis
1252 1045 1428 1114 volet
1467 1046 1698 1135 impias

894 1165 1146 1234 Caedes
1190 1175 1254 1234 et
1296 1165 1544 1235 rabiem
1584 1166 1811 1235 tollere
1856 1168 2152 1244 civicam,

2722 1051 2805 1115 25

2663 1171 2688 1202 0

767 1362 851 1414 24.
886 1363 1110 1426 pretium
1145 1363 1303 1414 antoni
1341 1362 1617 1415 Pulmanni
1651 1364 1908 1429 optimus,
1959 1365 2273 1416 Bersmanni
2318 1378 2457 1417 unns
2492 1368 2548 1416 et
2577 1365 2741 1417 Bent-

702 1436 789 1487 leii
823 1453 897 1499 ω,
925 1437 1149 1500 pretium
1176 1437 1309 1487 mori
1341 1439 1593 1501 quattuor
1626 1440 1879 1489 Pottierii.
1919 1439 1999 1504 (Ut
2031 1452 2155 1503 nos,
2200 1439 2426 1503 BbSTc.)
2467 1468 2522 1479 -
2577 1440 2661 1491 25.
2699 1440 2740 1491 Ο

705 1512 834 1573 quis,
872 1512 984 1574 quis
1010 1538 1041 1549 -
1070 1538 1099 1548 -
1119 1510 1370 1562 cwicam?
1403 1514 1554 1575 quasi
1577 1525 1644 1563 ex
1665 1513 1925 1565 Diomede
1946 1528 2000 1580 p.
2026 1514 2141 1565 3⁴7.
2177 1516 2236 1565 P.
2255 1512 2423 1570 Bentl.
2455 1542 2511 1551 -
2553 1513 2635 1565 26.
2672 1514 2737 1578 et]

704 1592 796 1636 auc
828 1585 999 1649 Sc,Ct.

638 1761 866 1822 nitatur,
891 1760 986 1811 ubi
1009 1764 1405 1813 eamcoercere
1429 1764 1682 1823 conetur-3
1757 1763 1941 1825 dium;
1977 1763 2032 1813 h.
2068 1762 2104 1815 1.
2143 1762 2212 1814 de
2245 1776 2438 1828 poena.
2496 1766 2678 1815 luven.
2717 1765 2799 1827 43,

636 1835 803 1884 immo
826 1834 1095 1886 interdum
1122 1837 1268 1900 ipsas
1291 1836 1514 1887 civitatis
1536 1834 1684 1900 leges

636 1904 835 1957 violare
868 1907 1116 1958 audeat.»

698 2018 781 2068 24.
816 2018 899 2068 22.
946 2019 1050 2068 Dos
1081 2018 1178 2084 est]
1218 2019 1399 2083 «Apud
1435 2017 1547 2072 illas
1585 2035 1684 2071 na-

632 2091 804 2143 tiones
837 2093 1056 2142 naturae
1080 2095 1463 2144 convenienter
1492 2096 1685 2145 etiam-

633 2178 777 2217 nunc
825 2166 1066 2217 viventes
1117 2169 1347 2218 maxima
1397 2166 1683 2220 mulierum

634 2240 733 2291 dos
784 2242 867 2291 est
914 2240 1132 2304 insignis
1181 2242 1379 2304 virtus,
1433 2244 1678 2306 castitas,

633 2327 770 2377 quae
805 2315 1012 2364 certum
1047 2316 1270 2379 coniugii
1303 2318 1521 2380 pactum
1561 2330 1683 2368 ser-

632 2401 765 2440 vans
805 2387 875 2438 ab
921 2386 1145 2439 aliorum
1178 2390 1414 2441 virorum
1449 2404 1682 2442 consue-

632 2461 812 2513 tudine
847 2461 1153 2514 abhorret.»
1212 2462 1377 2516 Plaut.
1413 2464 1674 2530 Amphitr.

631 2537 694 2598 2,
719 2537 777 2597 2,
802 2537 933 2587 207:
969 2538 1085 2588 Non
1117 2551 1206 2602 eqo
1238 2538 1381 2588 illam
1413 2539 1576 2589 dotem
1605 2538 1680 2589 mi

630 2622 733 2660 csse
780 2612 929 2672 duco,
991 2624 1122 2673 quac
1167 2613 1255 2661 dos
1310 2613 1524 2673 <licitum
1580 2613 1680 2663 Sed

621 2684 924 2746 pudicitiam
972 2690 1019 2735 et
1059 2686 1303 2748 pudorem
1357 2691 1404 2735 ot
1451 2687 1679 2737 sedatur»

626 2759 937 2821 cupidinem,
973 2760 1137 2809 Deum
1166 2764 1373 2822 mettun,
1404 2765 1678 2822 parantum

627 2846 853 2883 annorvm
913 2838 960 2884 et
1016 2840 1284 2898 coartatum
1332 2836 1671 2885 concordiam.

629 2907 723 2970 (De
758 2908 907 2970 Rooy
941 2907 1011 2957 ad
1044 2905 1262 2958 Martial.
1298 2921 1354 2972 p.
1391 2909 1473 2958 7⁴.
1510 2909 1676 2971 iungit

617 2982 912 3042 parentium
977 2995 1169 3046 maana
1233 2983 1423 3043 virtus,
1488 2982 1672 3046 utique

625 3054 830 3117 prave.)
871 3082 926 3092 —
960 3055 1269 3119 parentium]
1318 3055 1468 3107 Conr.
1496 3054 1592 3105 Od.
1620 3054 1670 3113 3,

626 3127 687 3189 4,
729 3127 822 3177 ⁴3:
879 3129 1147 3180 elianam.
1206 3129 1302 3180 Od.
1346 3129 1402 3189 3,
1445 3131 1536 3191 24,
1576 3128 1669 3180 ⁴4:

622 3201 939 3263 sapientium.
991 3203 1161 3267 Epod.
1206 3204 1260 3264 4,
1301 3204 1393 3253 2οε
1454 3204 1673 3266 Serpen—

622 3275 766 3325 tium.
802 3274 968 3339 Volgo
991 3275 1386 3339 distinguebant
1400 3283 1674 3339 parentum

622 3362 653 3399 a
687 3363 739 3399 v.
770 3363 982 3412 parom,
1020 3351 1253 3415 genitor,
1301 3352 1356 3400 et
1379 3352 1671 3414 parentium

623 3439 654 3476 a
687 3438 740 3475 v.
768 3437 990 3489 parom,
1027 3425 1306 3476 obediens,
1336 3450 1392 3462 —·
1432 3426 1668 3491 metuens]

625 3498 1106 3567 «φυλασσομένη,
1141 3500 1468 3551 abstinens»

685 3610 768 3661 23.
804 3610 888 3662 24.
949 3611 1093 3662 Certo
1123 3610 1338 3675 foedere]
1389 3611 1667 3662 Artissime

621 3685 813 3748 iunge:
869 3686 1140 3745 «castitas,
1186 3697 1323 3748 quae
1358 3683 1668 3735 fidelissimo

620 3770 746 3808 cnm
796 3760 986 3809 marito
1052 3757 1253 3808 foederi
1312 3758 1549 3809 innititur
1602 3771 1667 3807 ac

620 3833 916 3882 servatur.»
948 3857 1003 3868 —
1040 3833 1106 3882 Et
1120 3845 1334 3895 peccaro
1352 3831 1510 3897 nefas]
1547 3832 1668 3882 «In-

618 3905 807 3955 haeret
874 3907 927 3956 in
996 3919 1185 3957 eorum
1252 3907 1443 3957 animis
1515 3905 1665 3957 nefas

619 3991 741 4029 esse
775 3977 1092 4030 adulterium
1125 3980 1461 4030 committere
1496 3992 1666 4031 nove-

617 4054 850 4114 runtque
885 4054 1087 4104 certam
1122 4055 1239 4104 eius
1274 4067 1506 4118 poenam
1551 4053 1663 4105 rore

616 4125 863 4177 ultimum
895 4125 1264 4191 supplicium.»
1316 4156 1371 4165 —
1414 4128 1662 4193 pretium]

615 4203 675 4252 ut
708 4196 845 4267 τιμή
865 4236 880 4263 ,
916 4196 1151 4266 μισθός,
1186 4200 1509 4253 vocabulum
1544 4215 1666 4253 me-

1758 1838 1884 1888 ⁴05:
1955 1838 2045 1889 Illo
2098 1850 2298 1889 crucem
2346 1839 2542 1889 sodon-ts
2578 1840 2804 1902 pretium

1755 1913 1897 1973 tulit,
1924 1912 2005 1962 hic
2025 1912 2276 1962 diadema.
2308 1938 2363 1949 —
2387 1913 2619 1977 edmari]
2646 1913 2803 1973 Quod

1754 1986 1810 2036 in
1834 1985 1966 2037 Cod.
1991 1985 2160 2036 Pulm.
2187 1987 2463 2051 repertum
2487 1988 2543 2038 et
2562 1999 2594 2037 a
2616 1988 2806 2038 Baxte-

1753 2072 1841 2122 ro,
1882 2058 2162 2110 Sanadono
2183 2097 2195 2120 ,
2239 2061 2475 2111 Gesnero
2518 2062 2801 2124 receptum

1754 2135 1839 2184 est
1870 2133 2027 2184 emori
2046 2169 2059 2193 ,
2104 2146 2171 2183 ex
2203 2130 2359 2184 solito
2393 2132 2711 2197 compendio
2744 2147 2797 2183 v.

1753 2210 1823 2255 cst
1873 2208 2051 2257 ortum
2100 2206 2329 2256 videtur.
2395 2207 2572 2256 Emori
2616 2208 2800 2257 autem

1750 2280 1929 2342 potius
1961 2279 2030 2330 de
2065 2278 2289 2330 naturali
2322 2282 2497 2330 morte
2531 2293 2696 2344 quam
2729 2280 2798 2331 do

1750 2351 1977 2403 violenta
2011 2355 2299 2417 usurpatur
2316 2391 2329 2415 ,
2365 2355 2526 2417 atque
2545 2392 2557 2415 ,
2614 2356 2674 2404 ut
2706 2353 2802 2405 do-

1751 2428 1860 2477 cuit
1881 2425 2281 2492 Dillenbnrger‚
2309 2429 2552 2478 nostrum
2574 2429 2659 2478 est
2683 2428 2801 2478 «ab-

1747 2501 1966 2563 sterben,
2003 2504 2235 2553 animam
2258 2501 2549 2565 reddere»,
2586 2505 2645 2553 ut
2666 2515 2798 2554 sane

1749 2577 1833 2627 est
1881 2574 2025 2641 apud
2073 2577 2185 2628 Cic.
2222 2576 2376 2627 Tusc.
2416 2576 2476 2637 4,
2506 2576 2565 2627 8:
2621 2577 2799 2626 Emori

1747 2650 1861 2699 noto
1877 2688 1896 2712 ,
1961 2651 2047 2700 sed
2094 2663 2176 2700 me
2221 2663 2324 2701 esso
2368 2655 2625 2700 mortuum
2671 2650 2800 2700 nihil

1746 2724 1971 2774 aestimo.
2031 2726 2086 2774 et
2135 2723 2350 2775 Celsum
2383 2726 2444 2783 δ,
2479 2724 2578 2773 26:
2636 2737 2796 2774 mm»-

1747 2797 1926 2859 brum,
1992 2798 2127 2858 quod
2190 2798 2461 2859 paullatim
2530 2799 2790 2848 emoritur.

1747 2871 1859 2921 Hoc
1892 2870 2050 2921 dicit:
2100 2872 2303 2922 «omnis
2336 2869 2576 2921 adultera
2610 2885 2641 2921 a
2675 2884 2796 2922 ma-

1745 2945 1848 2994 rito
1906 2946 2249 3009 cognatisque
2301 2947 2589 3007 necatur»,
2649 2958 2789 2995 non:

1749 3018 1891 3068 «sibi
1924 3019 2038 3083 ipsa
2073 3021 2304 3069 mortem
2327 3019 2646 3069 consciscit·
2666 3056 2678 3079 ,
2716 3020 2794 3068 nti

1745 3093 1952 3156 accepit
1984 3094 2279 3154 Gesnerus,
2317 3094 2494 3143 minus
2527 3095 2650 3156 apte
2685 3093 2792 3142 Lu-

1744 3168 1941 3217 cretiae
1978 3165 2284 3230 exemplum
2318 3166 2565 3216 afferens.

1808 3242 1873 3291 25
1886 3241 2001 3290 -27.
2027 3241 2068 3289 0
2084 3241 2307 3303 quisquis
2321 3241 2447 3305 cet.]
2465 3238 2792 3292 Exclamatio

1743 3313 2095 3364 confidentiae
2118 3352 2130 3375 ,
2166 3317 2226 3364 ut
2257 3314 2329 3364 ait
2350 3314 2501 3365 Hand
2523 3315 2673 3366 Turs.
2699 3315 2786 3365 IV.

1741 3400 1794 3451 p.
1832 3387 1947 3438 353.
2016 3389 2076 3438 ln
2102 3387 2322 3439 Bentleii
2348 3389 2787 3452 interrogatione:

1742 3462 1783 3513 Ο
1822 3462 1960 3524 quis,
2008 3463 2119 3525 quis
2150 3488 2280 3499 ---
2317 3462 2573 3512 cwicam?
2627 3462 2787 3513 nimis

1741 3533 2060 3586 divelluntur
2091 3536 2403 3587 sententiae.
2441 3536 2787 3600 «Quicunque

1739 3623 1992 3661 amovere
2049 3609 2329 3661 conabitur
2368 3609 2570 3660 scelera
2616 3609 2790 3661 bello-

1738 3696 1860 3735 rum
1911 3681 2145 3736 civilium
2185 3686 2240 3734 et
2296 3684 2530 3734 stabilire
2590 3696 2789 3748 perpe-

1739 3761 1887 3809 tuam
1908 3771 2119 3823 pacem,
2157 3759 2202 3808 is
2237 3758 2283 3809 si
2315 3757 2485 3818 volet,
2523 3760 2581 3808 ut
2613 3758 2790 3820 singu-

1738 3831 1913 3882 larum
1962 3831 2179 3882 urbium
2221 3833 2367 3882 cives
2416 3834 2565 3894 grato
2609 3833 2787 3882 animo

1738 3907 1941 3956 statuas
1976 3918 2100 3956 cum
2143 3906 2484 3970 inscriptione
2516 3906 2669 3955 Parni
2697 3904 2783 3955 vel

1736 3981 1957 4032 mamm
1979 3980 2167 4044 (huius)
2195 3990 2335 4031 mts
2352 3980 2401 4029 ei
2419 3982 2634 4044 ponant,
2661 3980 2785 4029 ante

1737 4055 1916 4105 omnia
1950 4054 2223 4105 refrenare
2252 4052 2474 4104 debebit
2494 4052 2778 4112 licentiam,

1737 4141 1877 4192 quae
1903 4141 2045 4180 nunc
2069 4129 2121 4179 in
2144 4126 2393 4179 omnibus
2416 4127 2579 4178 rebus
2610 4125 2787 4176 domi·-

1737 4204 1957 4254 natur.»
1999 4230 2052 4238 —
2103 4200 2332 4266 quaeret]
2373 4213 2618 4264 quaerere
2653 4200 2706 4250 h.
2745 4197 2780 4250 1.
