3234 4975
644 369 767 433 250

1068 531 1152 594 Te
1198 548 1424 595 rursus
1468 529 1533 593 in
1578 528 1821 596 bellum
1863 530 2213 597 resorbens

1408 374 1664 424 HORATu
1701 375 2036 426 CARmNUM
2126 378 2135 388 ‘

2729 477 2808 597 is

1145 648 1328 716 Unda
1372 649 1548 716 fretis
1590 649 1730 716 tulit
1771 651 2110 717 aestuosis.

984 809 1150 894 Ergo
1195 807 1541 895 obligatam
1584 808 1786 875 redde
1833 809 1963 874 lovi
2010 808 2243 895 dapem

981 930 1331 1016 Longaque
1373 929 1615 994 sessum
1660 928 1881 994 militia
1922 927 2089 995 latus

1060 1051 1330 1137 Depone
1375 1048 1498 1115 sub
1542 1047 1730 1114 lauru
1777 1070 1922 1116 mea
1966 1071 2088 1116 nec

1149 1172 1349 1237 Parce
1392 1169 1573 1237 cadis
1620 1169 1731 1236 tibi
1775 1168 2128 1236 destinatis.

2728 1175 2810 1238 20

774 1373 853 1422 48.
894 1369 1113 1423 Ultimus
1147 1370 1303 1420 huius
1338 1381 1503 1418 carm.
1542 1382 1591 1417 v.
1631 1368 1684 1416 in
1719 1369 1774 1417 B.

641 1549 893 1599 affectum
929 1545 1215 1610 significan
1258 1558 1358 1594 nec
1393 1543 1689 1607 quidquam

641 1623 781 1672 inest
833 1622 1049 1680 comici,
1118 1622 1180 1670 ut
1241 1631 1414 1682 nuper
1466 1617 1687 1681 quidam

640 1697 889 1760 opinatus
932 1697 1033 1745 est.
1104 1694 1265 1744 Recta
1309 1694 1551 1742 ceterum
1588 1693 1692 1741 erit

557 1766 562 1771 ’
640 1764 935 1830 ἀντίθεσις
1004 1769 1065 1818 Te
1119 1767 1391 1816 fortiorem
1460 1769 1563 1816 cet.
1628 1793 1685 1803 -

642 1846 767 1894 Post
800 1842 1010 1894 cladem
1044 1839 1187 1891 illam
1221 1841 1497 1900 Horatius,
1547 1841 1689 1890 Mes-

641 1917 785 1968 salae
836 1916 1073 1975 Corvini,
1130 1912 1300 1964 Bibuli
1355 1912 1687 1976 aliorumque

641 1989 947 2055 exemplum
982 1991 1235 2048 imitatus,
1273 1989 1326 2038 in
1360 1987 1563 2038 Italiam
1597 2002 1689 2037 re-

640 2068 751 2118 diit.
788 2065 914 2116 Aliis
949 2077 980 2114 a
1009 2063 1302 2113 victoribus
1324 2064 1560 2125 ignotum
1583 2064 1686 2121 est3

640 2141 726 2192 alii
761 2142 937 2190 semet
970 2139 1067 2202 ipsi
1098 2138 1442 2197 interfecere3
1478 2136 1590 2197 alii,
1630 2138 1691 2185 ut

642 2215 928 2279 Pompeius
983 2213 1181 2273 Varus,
1248 2208 1382 2261 τότε
1433 2211 1527 2262 ἐπὶ
1579 2207 1688 2275 τὴν

640 2287 947 2339 θάλασσαν
1011 2285 1312 2353 διέφυγον,
1380 2286 1479 2336 καὶ
1538 2280 1687 2351 μετὰ

642 2362 817 2415 τοῦτο
848 2358 926 2429 τῷ
950 2358 1140 2428 Σέξτῳ
1163 2360 1535 2432 προσέθεντο.
1587 2362 1687 2411 Dio

640 2443 790 2492 Cass.
830 2438 942 2490 Lib.
983 2437 1065 2488 47.
1105 2440 1238 2488 extr.

708 2517 787 2564 45.
826 2516 906 2564 46.
955 2514 1009 2562 in
1042 2513 1237 2576 bellum]
1279 2514 1436 2575 iunge
1472 2514 1528 2561 et
1558 2523 1687 2561 cum

640 2605 689 2638 v.
726 2589 982 2640 resorbens
1014 2589 1071 2638 et
1103 2600 1228 2637 cum
1261 2601 1313 2636 v.
1349 2587 1479 2636 tulit.
1510 2613 1565 2622 —
1599 2600 1687 2635 ro-

637 2665 836 2714 sor-bens
872 2662 1030 2727 Unda]
1079 2664 1269 2725 imago
1292 2661 1452 2711 ducta
1485 2674 1517 2710 a
1551 2672 1689 2710 nau-

639 2738 811 2801 frago,
855 2739 972 2801 qui,
1014 2749 1139 2787 cum
1186 2734 1315 2786 inibi
1350 2737 1435 2785 est
1465 2737 1526 2784 ut
1565 2732 1687 2784 litus

640 2815 883 2875 attingat,
909 2812 977 2860 ab
1002 2810 1181 2874 aliquo
1202 2810 1367 2860 fluctu
1385 2810 1686 2860 decumano

639 2899 829 2937 rursus
845 2887 1131 2949 corripitur
1152 2888 1316 2947 atque
1339 2885 1390 2934 in
1414 2883 1688 2934 turbidum

640 2975 791 3011 mare
847 2961 1100 3009 reiicitur.
1192 2961 1446 3009 Miscetur
1505 2962 1688 3009 autem

639 3031 710 3088 τὸ
743 3031 943 3104 κύριον
976 3036 1030 3083 in
1063 3034 1243 3083 bonum
1271 3046 1396 3083 cum
1422 3035 1577 3096 tropo
1599 3032 1687 3084 illo

642 3112 918 3174 (Tyrtaeus
962 3108 1021 3166 9,
1073 3109 1163 3158 22:
1220 3103 1382 3172 κῦμα
1422 3103 1686 3173 μάχης.),

640 3187 693 3234 in
747 3196 855 3246 quo
905 3183 947 3232 si
996 3194 1351 3245 perseverare
1402 3180 1684 3245 voluisset,

644 3259 959 3320 usurpasset
990 3270 1041 3306 v.
1067 3254 1282 3320 aliquod
1313 3258 1417 3308 alto
1436 3259 1573 3308 mam
1594 3259 1690 3309 ho-

640 3344 974 3393 monymum.
1004 3330 1135 3381 Vell.
1162 3333 1219 3392 2,
1245 3332 1334 3382 72:
1369 3333 1449 3383 Aa
1468 3333 1521 3383 S.
1546 3335 1690 3383 Pont-

632 3407 804 3469 poium
846 3410 895 3454 οι
937 3418 964 3455 e
1003 3406 1266 3455 Brutiam's
1307 3407 1489 3456 casu-is
1531 3412 1579 3457 ot
1620 3421 1688 3457 ex

634 3482 789 3531 Italia
852 3480 1063 3543 ali-‘sque
1113 3485 1369 3530 torn-anim
1421 3481 1683 3543 partibus,

636 3570 760 3618 quos
784 3557 1039 3619 praesenti
1066 3556 1293 3617 periculo
1323 3556 1532 3618 sortium
1567 3556 1686 3606 sub-

635 3632 887 3692 duxerat,
935 3631 1207 3693 proscripti
1249 3629 1577 3694 confluebant.
1625 3656 1681 3666 —

634 3706 776 3767 fretis
799 3706 1050 3771 aestuosis]
1076 3707 1229 3754 sexto
1251 3716 1406 3764 casu,
1447 3707 1505 3754 ut
1525 3705 1688 3764 Quin-

638 3778 713 3829 til.
740 3780 797 3840 6,
822 3782 878 3842 2,
905 3782 963 3831 6:
1001 3785 1141 3829 aestu
1159 3780 1338 3842 fertur.
1388 3778 1485 3829 Alii
1507 3780 1684 3829 minus

543 3897 555 3910 ,
639 3856 788 3904 recte
823 3868 952 3905 casu
988 3856 1166 3916 tertio,
1206 3855 1266 3903 ut
1298 3855 1391 3904 sit:
1431 3855 1512 3903 «in
1548 3853 1684 3903 freta

638 3932 956 3990 aestuosa»,
995 3930 1141 3993 quod
1174 3928 1355 3980 locum
1390 3941 1493 3979 non
1518 3929 1686 3980 habet

638 4007 860 4068 propter
890 4018 976 4053 vv.
1014 4005 1067 4053 in
1101 4003 1295 4054 bethim.

706 4079 784 4127 47.
838 4078 1000 4142 Ergo]
1047 4081 1329 4142 «quoniam
1376 4078 1459 4128 dis
1499 4082 1685 4143 patriis

640 4154 929 4205 redonatus
963 4166 1075 4204 es.»
1122 4181 1177 4189 —
1214 4153 1510 4217 obligatacn]
1549 4157 1685 4205 «Sa-

639 4241 793 4278 crum
843 4226 924 4278 sac
970 4241 1093 4278 cum
1142 4227 1338 4291 epulis.
1394 4228 1539 4290 quod
1585 4242 1686 4278 vo-

1760 1545 1902 1604 visti,
1940 1544 2204 1609 obligatus
2240 1547 2361 1596 ideo
2396 1548 2465 1599 ad
2498 1551 2684 1599 votum
2705 1550 2809 1600 hoc

1761 1620 2091 1678 reddendum,
2128 1619 2471 1682 solvendum,
2515 1622 2677 1674 veluti
2712 1624 2810 1674 de-

1763 1693 1987 1744 bitum.»
2023 1695 2101 1746 Cf.
2129 1698 2369 1760 Propert.
2389 1698 2440 1756 2,
2466 1698 2548 1757 ⁴9,
2578 1698 2663 1747 49:
2692 1700 2810 1747 rod-

1761 1769 1878 1818 doro
1902 1771 2032 1830 pinu
2073 1770 2303 1831 Cornua,
2357 1784 2482 1821 cum
2522 1770 2811 1821 Hertzber-

1762 1843 1828 1904 gii
1882 1845 2090 1894 Comm,
2159 1871 2212 1880 —
2272 1844 2468 1907 dapem]
2521 1844 2590 1894 de
2641 1844 2810 1909 epulis

1764 1930 1879 1966 rem
1915 1917 2150 1968 divinam
2174 1918 2580 1981 excipientibus.
2634 1919 2810 1969 Livius

1763 1991 2096 2042 Andronicus
2129 1993 2183 2043 in
2217 1993 2393 2056 primo
2429 1991 2635 2044 Ulixeae
2667 1992 2810 2057 apud

1761 2066 1925 2115 Prisc.
1963 2067 2019 2125 7,
2058 2068 2119 2127 8,
2157 2065 2237 2117 4⁴.
2275 2080 2330 2129 p.
2361 2067 2482 2117 348:
2522 2068 2660 2128 Quae
2691 2068 2812 2116 haec

1761 2141 1886 2201 daps
1919 2145 2014 2200 est,
2051 2141 2138 2202 qui
2168 2141 2320 2203 sestam
2351 2141 2489 2191 dios?
2539 2142 2715 2191 Livius
2751 2143 2805 2199 l,

1761 2215 1816 2262 7:
1854 2215 2038 2275 evenit,
2073 2220 2230 2263 --ut
2259 2216 2453 2265 Pinarii
2486 2216 2616 2265 antis
2650 2216 2811 2265 adesis

1761 2291 1829 2339 ad
1859 2294 2077 2338 ceteram
2109 2290 2331 2339 vestirent
2364 2292 2560 2352 dapem.

1827 2364 1906 2413 ⁴8.
1959 2364 2136 2428 Longa
2164 2389 2194 2402 -
2215 2390 2244 2401 -
2265 2365 2466 2430 militia]
2503 2365 2810 2427 quindecim

1761 2438 1988 2490 sortasse
2023 2452 2310 2501 annorum,
2349 2440 2625 2491 740-724.

1827 2515 1907 2564 ⁴9.
1991 2514 2221 2579 Depone]
2275 2516 2598 2578 «resupina,
2652 2515 2811 2565 recli-

1762 2602 1882 2638 na.»
1919 2591 2102 2638 Senot..
2145 2616 2202 2625 -
2238 2590 2394 2638 lauru
2423 2589 2560 2653 moa]
2609 2590 2808 2649 Quodsi

1762 2664 1865 2714 hoc
1901 2676 2120 2714 carmen
2166 2678 2226 2713 re
2260 2677 2389 2714 vera
2432 2665 2691 2728 scriptum
2728 2666 2811 2714 est

1763 2739 1975 2787 circiter
2015 2751 2063 2786 a.
2102 2737 2238 2799 724„
2285 2739 2392 2787 iam
2432 2739 2606 2801 potuit
2645 2739 2809 2801 signi—

1762 2813 1924 2862 ficare
1948 2812 2201 2862 Sabinum
2224 2825 2400 2862 suum.
2444 2813 2548 2861 Sed
2571 2813 2648 2862 sic
2672 2825 2811 2874 quo-

1761 2899 1868 2951 que
1903 2884 2057 2936 simul
2087 2886 2298 2936 videtur
2319 2883 2627 2948 symbolum
2647 2885 2809 2935 studii

1761 2961 1982 3025 poetici,
2020 2962 2106 3010 cui
2139 2962 2245 3010 iam
2278 2960 2436 3010 unice
2457 2973 2654 3009 vacare
2678 2973 2809 3009 con-

1762 3036 2006 3085 stituerat
2023 3035 2287 3095 Horatius,
2311 3033 2564 3097 idemque
2582 3035 2642 3082 ut
2662 3035 2808 3083 iuvet

1762 3111 1998 3161 amicum
2042 3110 2278 3159 suaviter
2320 3110 2488 3172 optat.
2574 3108 2652 3157 De
2700 3120 2803 3157 una

1760 3185 1914 3236 lauru
1947 3186 2002 3234 in
2037 3182 2287 3248 impluvio
2323 3185 2436 3235 sata
2473 3181 2634 3232 nolim
2669 3183 2811 3245 cogi-

1761 3263 1903 3318 tare;
1951 3260 2133 3322 imago
2177 3259 2460 3322 desumpta
2506 3258 2684 3321 potius
2725 3258 2810 3305 est

1760 3349 1791 3385 a
1823 3335 2092 3385 viridario.
2165 3334 2374 3397 (Miram
2417 3332 2710 3404 εἰρωνείαν
2756 3331 2807 3380 in

1759 3410 1842 3460 his
1906 3423 1995 3458 vv.
2054 3408 2308 3458 odoratus
2364 3409 2450 3457 est
2505 3404 2806 3469 Gargallus,

1760 3485 1913 3548 quasi
1995 3482 2183 3533 festive
2268 3482 2472 3533 iocatus
2564 3481 2809 3532 Horatius

1759 3558 1976 3608 dixerit:
2027 3557 2477 3620 «Requiescamus
2511 3568 2611 3605 nos
2645 3554 2807 3605 ambo

1760 3631 1976 3696 fugitivi,
2001 3630 2163 3681 ambo
2185 3631 2380 3680 devicti
2405 3628 2674 3693 Philippis,
2705 3628 2807 3679 sub

1757 3707 1979 3757 victrice
1996 3744 2008 3765 ,
2034 3706 2078 3755 si
2102 3707 2203 3756 diis
2225 3703 2430 3768 placet,
2456 3717 2579 3754 mea
2601 3703 2805 3753 lauru.»

1822 3783 1904 3831 2⁴.
1934 3780 2194 3843 oblivioso]
2214 3777 2660 3829 «sollicitudinum
2680 3777 2811 3828 obli-

1759 3856 1970 3906 vionem
2006 3855 2316 3904 afferente.»
2375 3851 2604 3903 Alcaeus
2638 3853 2806 3914 Bergk

1759 3942 1812 3992 p.
1852 3931 1978 3980 58¹:
2033 3925 2206 3980 Οἶνον
2255 3922 2366 3998 γὰρ
2411 3926 2665 3991 Σεμέλας
2709 3927 2808 3976 καὶ

1758 4000 1898 4067 Διὸς
1921 3998 2048 4066 υἷος
2068 4000 2383 4054 λαθικαδέα
2397 3995 2807 4072 Ἀνθρώποισιν

1759 4073 1936 4130 ἔδωκ’·
1980 4074 2142 4144 ἔγχεε
2175 4079 2396 4148 κέρναις
2430 4070 2534 4127 ἕνα
2565 4078 2666 4127 καὶ
2700 4072 2808 4128 δύο

1758 4153 1995 4214 melaac
2027 4169 2142 4204 κακ
2173 4149 2464 4215 κεφάλας,
2500 4145 2541 4201 ἁ
2572 4145 2622 4201 δ’
2645 4150 2809 4221 ἑτέρα

1759 4225 1866 4279 τὰν
1899 4227 2096 4298 ἑτέραν
2139 4225 2301 4292 κύλιξ
2328 4222 2580 4292 Ὦθήτω·
2622 4254 2675 4262 -
2715 4241 2808 4276 ea-
