3234 4975
1423 327 1682 377 nolum
1720 327 1975 379 EPODON

1048 483 1436 548 Convertere
1482 481 1830 548 humanam
1873 483 2119 562 vicem3

960 602 1131 668 Diris
1176 623 1364 690 agam
1406 623 1560 681 vos;
1606 603 1748 669 dira
1792 602 2133 670 detestatio

1048 722 1230 789 Nulla
1274 724 1569 811 expiatur
1611 724 1887 791 victima.

970 844 1169 921 Quin,
1215 842 1326 910 ubi
1371 844 1587 931 perire
1632 846 1849 912 iussus
1895 846 2347 933 exspiravero,

1046 965 1409 1030 Nocturnus
1452 984 1795 1031 occurram
1848 968 2054 1032 Furor

963 1085 1315 1171 Petamque
1359 1083 1569 1151 voltus
1614 1085 1843 1152 umbra
1889 1087 2105 1153 curvis
2155 1087 2513 1174 unguibus,

1050 1187 1373 1283 Quaevis
1417 1202 1692 1272 deorum
1736 1215 1835 1272 est
1877 1208 2160 1274 manium
2186 1260 2202 1283 ,

969 1324 1045 1389 Et
1088 1323 1388 1411 inquietis
1433 1324 1732 1392 assidens
1776 1327 2178 1414 praecordiis

2716 1330 2804 1395 95

628 1512 862 1575 gitabo.»
922 1512 1175 1563 Ceterum
1197 1525 1393 1563 novem
1427 1511 1558 1563 alias
1592 1514 1678 1563 in-
1755 1514 1905 1564 «Vim
1951 1512 2227 1578 religiosae
2271 1516 2669 1580 imprecationis
2704 1529 2808 1566 ne-

630 1587 1037 1651 terpretationes
1051 1598 1381 1650 exponemus
1399 1587 1453 1637 in
1471 1577 1679 1640 Exab-

694 1661 807 1709 lam
851 1659 1131 1711 videamus
1174 1658 1395 1722 singula.
1455 1661 1556 1711 Fas
1585 1674 1677 1710 no—

627 1735 806 1797 fasque
852 1747 920 1783 ex
969 1733 1353 1784 consuetudine
1401 1735 1579 1785 Latina
1627 1735 1678 1783 in

632 1805 729 1856 illis
762 1819 913 1856 sacra
945 1812 992 1857 et
1015 1808 1270 1871 profana,
1308 1808 1481 1858 divina
1512 1813 1560 1858 et
1590 1809 1681 1857 hw-

629 1893 814 1941 mana,
862 1880 1025 1943 sanda
1063 1881 1308 1943 nefanda,
1360 1882 1565 1931 honesta
1597 1883 1681 1931 in-

630 1954 862 2014 honesta,
896 1954 1108 2002 dicenda
1141 1956 1355 2004 tacenda
1389 1948 1558 2024 (ῥητὰ
1580 1956 1681 2005 καὶ

629 2020 892 2097 ἅρῤητα),
930 2026 1190 2088 siguificat
1212 2029 1458 2079 «omnino
1481 2031 1677 2091 omnia,

632 2113 772 2165 quae
822 2099 908 2150 lex
958 2099 1134 2151 divina
1180 2102 1363 2152 statuit
1401 2104 1493 2153 aut
1538 2103 1681 2154 licita

633 2186 756 2224 esse
773 2175 866 2223 aut
886 2173 1109 2234 nefaria3
1125 2192 1151 2219 a
1183 2176 1242 2224 ut
1264 2175 1539 2239 Sophoclis
1561 2191 1685 2228 ver-

631 2247 717 2298 bis
752 2250 871 2298 utar
902 2249 955 2298 in
990 2248 1120 2298 Oed.
1158 2249 1280 2311 Tyr.
1318 2249 1444 2301 864:
1498 2247 1683 2317 (λόγοι

629 2313 770 2393 ἔργα
798 2336 860 2371 τε
895 2317 1102 2387 πάντα)
1127 2311 1209 2373 ὦν
1230 2319 1405 2389 νόμοι
1428 2321 1685 2396 πρόκειν·

630 2411 725 2447 ται
761 2391 1066 2460 ’Τψιποδες
1079 2435 1091 2459 ,
1143 2389 1419 2468 οὐρανίαν
1460 2396 1543 2449 Δι’
1591 2399 1682 2449 αἱ·

630 2471 778 2542 θέρα
824 2470 1199 2534 τεκνωθέντες
1218 2508 1233 2533 ,
1274 2461 1357 2522 ὦν
1390 2465 1682 2539 Ὄλυμπος

631 2540 835 2615 Πατὴρ
882 2541 1085 2610 μόνος·
1135 2544 1336 2596 collatis
1380 2548 1549 2611 Antig.
1588 2561 1677 2597 vv.

632 2619 730 2672 454
785 2632 939 2683 seqq.
1019 2622 1265 2685 Maqnum
1326 2623 1506 2670 autem
1561 2623 1645 2685 tas
1665 2659 1678 2682 ,

634 2693 758 2758 quia
805 2693 1044 2743 divinum
1090 2696 1250 2757 atque
1287 2696 1565 2744 aeternum
1600 2697 1684 2745 est

634 2767 921 2818 discrimen
968 2768 1107 2818 inter
1163 2766 1240 2818 sas
1295 2770 1455 2831 atque
1512 2768 1678 2819 nefas.

638 2868 693 2878 —
730 2843 1006 2891 humanam
1034 2842 1208 2906 vicem]
1246 2840 1548 2904 «quomodo
1580 2842 1684 2892 ho-

636 2914 869 2966 minibus
891 2910 1154 2975 δυνατόν,
1193 2927 1511 2966 concessum
1545 2918 1680 2976 est»;

638 2990 957 3040 «hominum
990 3002 1205 3049 more»,
1255 2990 1375 3053 aus
1406 2990 1684 3039 mensch-

633 3062 784 3112 liche
837 3063 1056 3121 Ναίδος
1118 3075 1242 3113 nam
1290 3065 1474 3114 «tuam
1507 3064 1682 3115 vicem

636 3133 820 3195 doleo,
872 3136 1058 3186 anxius
1093 3148 1239 3197 sum,
1289 3138 1542 3199 irascor»,
1579 3137 1683 3187 hoc

635 3207 924 3271 significat:
972 3207 1198 3258 «eodem
1231 3208 1393 3259 modo
1430 3208 1585 3260 doleo
1621 3223 1685 3259 ac

637 3283 766 3332 mihi
800 3283 1007 3332 certum
1030 3283 1113 3332 est
1145 3283 1198 3330 te
1221 3280 1403 3332 dolere
1426 3282 1682 3333 deberem

637 3352 749 3407 Hoc
785 3368 912 3419 ergo
947 3354 1096 3405 dicit:
1157 3353 1320 3406 «alias
1364 3355 1540 3406 solent
1583 3358 1685 3407 ho-

634 3431 808 3481 mines
830 3430 1172 3480 miseratione
1197 3431 1251 3480 et
1278 3430 1532 3494 precibus
1554 3431 1686 3481 mol-

633 3504 728 3554 lire
762 3504 1098 3554 inimicorum
1131 3504 1473 3570 hostiumque
1507 3507 1685 3556 saevi-

636 3579 762 3629 tiam
798 3591 1093 3642 eorumque
1128 3579 1264 3628 iram
1295 3578 1537 3642 placare,
1584 3579 1685 3630 sed

637 3653 740 3703 hoc
770 3652 898 3703 mihi
933 3665 1074 3702 nuno
1099 3651 1358 3703 adversus
1381 3667 1507 3714 vos,
1544 3667 1684 3718 quae

636 3726 902 3776 humanos
953 3738 1143 3777 sensus
1185 3725 1500 3776 iamdudum
1534 3728 1687 3777 exui-

637 3800 751 3859 stis,
772 3801 1024 3862 uegatum
1041 3801 1174 3850 est.»
1199 3826 1251 3834 -
1281 3801 1488 3864 Venena]
1513 3801 1681 3852 Adde:

641 3874 727 3922 «et
759 3886 896 3938 quae
921 3873 1055 3923 haec
1080 3875 1331 3933 miscent,
1369 3886 1529 3937 sagae
1554 3888 1686 3925 con-

641 3945 987 4005 sceleratae.»

704 4020 785 4070 89.
844 4021 982 4070 Diris
1014 4034 1168 4085 aqam
1211 4023 1325 4086 vos]
1378 4023 1497 4072 Tac.
1548 4023 1680 4073 Anu.

641 4096 697 4153 6,
735 4092 832 4145 24:
883 4094 1071 4144 Tiberio
1095 4122 1124 4132 -
1146 4122 1174 4132 -
1199 4097 1339 4146 diras
1369 4096 1685 4159 imprecaba-

641 4176 726 4219 ιω·
762 4168 1014 4233 (Drusus).
1048 4197 1100 4204 —
1140 4170 1256 4221 dira
1280 4172 1532 4223 detestatio
1558 4172 1682 4237 cet]

1753 1600 1843 1638 mo
1878 1587 2113 1652 effugere
2145 1591 2349 1653 potest3
2369 1608 2395 1635 a
2448 1593 2504 1641 et
2545 1591 2649 1640 hoc
2681 1591 2809 1653 qui-

1753 1660 1881 1712 dem
1904 1674 1971 1712 ex
2002 1663 2273 1712 communi
2306 1664 2551 1713 veterum
2582 1675 2809 1727 persua-

1753 1736 1921 1786 sione.
1993 1736 2293 1786 Recordare
2334 1736 2496 1786 modo
2541 1736 2669 1787 diris
2704 1737 2807 1787 de-

1752 1810 1939 1859 votum
1973 1807 2043 1859 ab
2076 1809 2227 1860 Ateio
2262 1808 2384 1859 trib.
2415 1808 2487 1874 pl.
2515 1810 2802 1872 Crassum,

1753 1895 1918 1945 quem
1963 1879 2104 1933 nulla
2149 1882 2471 1933 caerimonia
2516 1884 2689 1946 potuit
2733 1882 2806 1933 ab

1755 1955 1912 2005 exitio
1946 1968 2183 2005 servare.
2244 1954 2491 2006 Similiter
2512 1969 2637 2007 cum
2660 1956 2808 2007 diras

1755 2030 1947 2078 nautae
1992 2029 2191 2079 minata
2226 2033 2373 2080 esset
2405 2030 2643 2093 naufragi
2676 2043 2804 2081 um-

1755 2103 1853 2152 bra
1893 2102 1989 2152 Od.
2029 2103 2089 2162 ⁴,
2137 2102 2230 2163 28,
2286 2101 2367 2153 34.
2420 2102 2592 2153 addit:
2649 2105 2809 2166 Teque

1748 2176 1959 2238 piacula
1990 2176 2132 2225 nulla
2162 2177 2420 2226 resolvent.
2481 2176 2609 2227 Plin.
2648 2178 2709 2228 Η.
2735 2179 2799 2227 Ν.

1754 2249 2809 2313 28,2.s.4:1)efl9=iqutd0mdinsdopro-

1754 2323 2032 2372 nationibus
2060 2336 2206 2373 uerno
2233 2336 2334 2373 non
2354 2325 2544 2373 metuit.
2580 2325 2799 2374 Sueton.

1757 2396 1940 2447 Claud.
1981 2389 2072 2446 ⁴2:
2126 2397 2272 2457 quasi
2315 2397 2633 2458 parricidam
2680 2397 2807 2447 diris

1756 2469 2181 2522 exsecrationibus
2211 2470 2463 2522 incessero.

1821 2545 1902 2594 92.
1929 2544 2010 2593 93.
2046 2545 2334 2595 Nocturnus
2352 2571 2385 2582 -
2405 2546 2590 2608 Furor]
2609 2545 2801 2606 lemur,

1755 2616 1918 2668 larva.
1990 2618 2178 2680 (Furor
2216 2631 2314 2682 pro
2346 2619 2531 2680 Furia,
2568 2618 2666 2669 sed
2700 2619 2807 2668 Fu-

1753 2702 1923 2743 rorem
1956 2691 2113 2752 dixit,
2152 2704 2278 2742 cum
2300 2690 2368 2742 de
2401 2705 2572 2756 puero
2594 2694 2797 2756 agatur.

1756 2764 1952 2827 Gnoss.)
1987 2764 2238 2827 Aeschyl.
2267 2765 2504 2829 Choeph.
2531 2766 2649 2816 288:
2688 2764 2805 2816 Καὶ

1755 2835 1947 2890 λύσσα
1998 2839 2097 2888 καὶ
2156 2834 2407 2902 μάταιος
2461 2837 2528 2889 ἐκ
2582 2836 2806 2890 νυκτῶν

1755 2910 1967 2977 φόβος.
1994 2912 2127 2963 lbid,
2155 2912 2278 2964 524:
2304 2911 2370 2964 ἐκ
2392 2940 2453 2951 --
2472 2908 2807 2981 νυκτιπλάγ-

1756 3004 1906 3038 κτων
1951 2983 2235 3052 δειμάτων
2273 3015 2350 3039 -.
2387 2989 2529 3052 Virg.
2567 2991 2696 3038 Aen.
2736 2988 2800 3048 4.

1757 3063 1884 3113 386:
1936 3061 2173 3110 ornatibus
2214 3061 2399 3111 mnbra
2445 3062 2566 3112 loeis
2629 3063 2803 3113 adero.

1757 3135 1941 3197 Dabis,
1995 3134 2245 3197 improbo,
2278 3148 2482 3196 poenas.
2555 3135 2704 3185 Ovid.
2752 3137 2803 3185 in

1757 3209 1903 3260 lbide
1928 3223 1979 3258 v.
2007 3207 2131 3259 ⁴43:
2174 3208 2295 3258 Tum
2327 3221 2521 3272 quoque
2549 3209 2806 3272 sactorum

1753 3284 1955 3333 veniam
1985 3296 2176 3333 mernor
2212 3283 2397 3333 Umbra
2437 3288 2666 3333 tuor-tun:
2717 3285 2807 3334 In-

1754 3371 1940 3421 sequar
1971 3362 2020 3407 et
2047 3359 2210 3408 voltus
2242 3371 2382 3408 ossea
2413 3358 2563 3409 lawa
2593 3363 2717 3407 tuos.
2746 3385 2801 3394 -

1755 3433 1924 3483 cumis
1938 3431 2202 3495 unguibus]
2223 3432 2407 3495 Cogita
2432 3433 2627 3491 Furias,
2666 3444 2806 3495 quae

1757 3504 2076 3570 praelongos
2094 3503 2297 3555 habent
2312 3517 2519 3569 ungues
2536 3506 2803 3554 incurvos.

1760 3581 2009 3643 (Bottiger
2041 3579 2401 3630 Furievunasko
2436 3580 2487 3630 in
2520 3579 2663 3641 fine.)

1824 3653 2000 3704 94-98.
2051 3653 2295 3717 manium]
2342 3655 2432 3703 «ut
2470 3652 2585 3716 lege
2627 3651 2807 3701 divina

1760 3738 2077 3777 concessum
2113 3728 2195 3775 est
2224 3724 2433 3776 umbris
2465 3725 2547 3775 ius
2579 3725 2633 3774 in
2666 3726 2809 3775 sica-

1760 3800 1866 3849 rios
1901 3814 1965 3849 ac
2000 3799 2270 3850 veneficos
2294 3798 2565 3849 saeviendi
2600 3810 2807 3860 eosque

1760 3873 2104 3924 ulciscendi.»
2162 3871 2274 3921 Val.
2302 3872 2471 3923 Flacc.
2496 3872 2557 3932 3,
2595 3871 2710 3922 386.
2736 3871 2807 3920 de

1761 3950 1991 3998 necatis:
2023 3952 2167 4009 patet
2200 3947 2311 3996 ollis
2342 3946 2504 3996 ianua
2535 3945 2620 3994 leti
2649 3945 2811 4006 Atque

1760 4023 1941 4071 itm-mn
1972 4033 2217 4075 remeare.
2232 4019 2343 4071 licet
2354 4033 2372 4079 ,·
2408 4031 2566 4070 comes
2596 4030 2703 4068 una
2723 4030 2809 4067 so-

1758 4110 1935 4147 rorum
1966 4097 2180 4147 Additur
2212 4102 2259 4146 οι
2292 4097 2495 4158 paritor
2526 4100 2690 4145 terras
2722 4098 2810 4142 <u-

1759 4184 1854 4233 quo
1886 4184 2112 4234 aequora
2144 4172 2376 4221 [meram.
2443 4169 2657 4232 Quisque
2687 4181 2810 4218 suos
