3234 4975
658 410 780 474 622

996 569 1237 652 Fruges
1281 574 1345 631 et
1387 565 1558 651 agris
1602 563 1839 631 rettulit
1881 565 2121 630 uberes

1420 410 1678 461 HORATII
1714 410 2052 462 CARMINUM

2789 564 2828 624 vt

998 687 1071 751 Et
1114 687 1298 772 signa
1342 695 1561 751 nostro
1607 684 1885 750 restituit
1929 686 2062 749 Iovi

1078 809 1358 893 Derepta
1407 804 1788 871 Parthorum
1833 804 2135 891 superbis

1166 925 1464 993 Postibus
1509 936 1574 991 et
1615 945 1893 991 vacuum
1937 923 2169 991 duellis

996 1085 1217 1149 lanum
1262 1082 1510 1161 Quirini
1555 1080 1785 1148 clausit
1827 1091 1894 1148 et
1935 1081 2230 1149 ordinem

995 1207 1262 1272 Rectum
1306 1202 1599 1289 evaganti
1645 1203 1825 1269 frena
1867 1201 2164 1270 licentiae

2751 1199 2831 1263 io

1083 1322 1307 1389 Iniecit
1349 1323 1719 1411 emovitque
1765 1323 1990 1411 culpas

788 1541 838 1590 7.
873 1539 1089 1601 Dii-epta
1122 1549 1311 1587 omnes
1347 1538 1453 1586 mei
1489 1539 1543 1586 et
1578 1538 1811 1586 Pottierii
1832 1575 1844 1596 ,
1898 1538 2028 1587 item
2060 1536 2207 1587 Iahn.
2269 1536 2348 1599 (Ut
2380 1548 2506 1596 nos,
2547 1535 2764 1599 Cruquii

724 1614 870 1676 duo.)
915 1640 961 1650 -
1007 1613 1056 1662 9.
1093 1613 1275 1662 Ianum
1310 1611 1577 1672 Quirinum
1620 1624 1685 1660 ex
1719 1611 2000 1661 Passeratii
2045 1612 2098 1660 et
2141 1610 2180 1659 1.
2219 1610 2301 1659 Fr.
2339 1609 2588 1659 Gronovii
2622 1608 2760 1658 coni.

724 1689 780 1737 F.
834 1686 1057 1749 (Quirini
1092 1698 1281 1736 omnes
1338 1685 1532 1744 nostri,
1589 1682 1837 1745 Bentleii,
1897 1684 2166 1745 Pottierii.)
2228 1709 2287 1721 —
2352 1684 2498 1733 clusit
2548 1681 2677 1732 Cod.
2731 1697 2766 1747 y

723 1759 1111 1822 vanderburgii
1165 1761 1487 1822 (nostrorum
1546 1757 1756 1821 nullus).
1810 1783 1867 1796 —
1930 1759 2009 1809 40.
2065 1763 2110 1809 οι
2140 1742 2352 1821 υαριῖηιί
2384 1757 2615 1808 Pottierii
2649 1755 2768 1821 ple-

724 1835 897 1898 rique.
941 1861 994 1868 —
1034 1835 1117 1883 44.
1155 1833 1457 1892 dimovitque
1489 1833 1545 1881 T.

723 2030 835 2080 5-8.
869 2029 1060 2079 rettulit
1080 2028 1269 2088 uberes]
1294 2024 1377 2076 vel
1400 2028 1702 2090 propterea,

658 2103 806 2168 quod
837 2104 947 2165 agri
986 2115 1086 2166 per
1118 2099 1256 2151 bella
1292 2100 1459 2150 civilia
1514 2100 1706 2150 vastati

657 2190 791 2243 pace
839 2177 1079 2226 restituta
1130 2174 1308 2225 denuo
1373 2174 1702 2225 colebantur.

658 2251 757 2301 Od.
803 2250 862 2309 4,
915 2252 976 2310 5,
1031 2250 1119 2300 ⁴8:
1178 2251 1350 2299 Nutrit
1390 2264 1524 2299 rura
1564 2250 1709 2299 Ceres

658 2325 893 2386 emaque
938 2325 1207 2374 Faustitas.
1288 2323 1392 2374 Cir.
1446 2323 1707 2386 imprimis

658 2396 841 2448 Vellei.
879 2399 940 2459 2,
981 2398 1074 2448 89:
1135 2398 1294 2448 Rediit
1339 2399 1500 2447 cuitus
1531 2398 1705 2460 agris,

657 2473 818 2523 saeris
868 2473 1049 2534 honos,
1107 2473 1350 2524 securitas
1395 2471 1705 2532 hominibus,

657 2552 798 2597 certa
817 2547 997 2608 cuique
1021 2560 1197 2596 reruni
1228 2560 1440 2596 summ
1463 2546 1708 2608 possessio

659 2622 762 2671 eet.
816 2647 872 2656 —
918 2626 1140 2670 nostro-
1165 2622 1298 2683 Iovi]
1354 2622 1594 2684 Propert.
1645 2620 1703 2680 3,

660 2696 715 2746 44
738 2733 750 2754 ,
795 2693 884 2745 4⁴:
941 2693 1252 2759 (Cleopatra)
1295 2695 1431 2744 Ausa
1464 2694 1568 2743 Iovi
1612 2708 1710 2743 no-

656 2773 762 2818 stro
799 2768 1070 2818 lahantem
1101 2781 1347 2831 opponere
1377 2769 1605 2818 Anubim.
1648 2796 1704 2805 —

656 2841 897 2905 Dor-opta]
955 2855 1179 2904 «magno
1236 2854 1361 2892 cum
1416 2842 1591 2892 studio
1644 2854 1708 2890 ac

658 2913 854 2965 laetitia
897 2914 1186 2965 detracta.»
1246 2914 1398 2965 Silius
1445 2916 1534 2975 40,
1572 2915 1706 2965 599ε

656 2991 751 3051 ite,
804 2990 942 3039 ocius
972 3004 1123 3039 amm
1162 2990 1412 3051 Deripiee,
1465 3004 1495 3039 ο
1520 2990 1706 3052 pubes,

658 3064 867 3125 templis.
936 3064 1307 3114 Necessarium
1351 3077 1471 3114 esse
1505 3065 1712 3126 derepta

657 3137 791 3185 vidit
834 3136 942 3186 iam
999 3137 1209 3186 Cortius
1266 3137 1336 3187 ad
1389 3138 1587 3187 Lucan.
1649 3138 1706 3198 4,

659 3209 785 3260 239:
822 3210 1049 3258 iuventus
1082 3210 1318 3271 Deripuit
1337 3212 1498 3259 sacris
1529 3212 1709 3274 adfixa

652 3282 918 3346 penatibus
948 3296 1115 3332 arma.
1147 3311 1203 3320 —
1232 3284 1547 3349 Parmonnn]
1573 3297 1623 3334 a.
1650 3297 1705 3333 u.

659 3373 709 3409 c.
747 3357 860 3408 734.
900 3356 995 3407 Od.
1046 3357 1103 3417 3,
1156 3358 1217 3418 ὃ,
1269 3360 1318 3408 5.
1377 3358 1476 3408 Dio
1509 3357 1600 3418 54,
1656 3358 1705 3409 8.

658 3431 809 3483 ovid.
848 3433 984 3481 Fast.
1021 3433 1078 3492 5,
1115 3432 1230 3481 585.
1271 3430 1375 3481 Cir.
1414 3431 1484 3482 ad
1518 3431 1578 3492 t,
1619 3432 1705 3493 44,

658 3506 740 3557 42.
773 3533 828 3542 —
863 3506 1096 3570 Postibus]
1134 3505 1289 3569 Apud
1313 3506 1535 3556 Parthos
1558 3507 1708 3569 signa

658 3580 757 3629 ista
783 3579 959 3630 Crassi
982 3581 1038 3629 et
1058 3579 1267 3630 Antonii
1299 3579 1352 3629 in
1374 3580 1552 3642 regiae
1575 3580 1708 3629 atrio

660 3652 893 3704 nonnulli
940 3652 1264 3704 arbitrantur
1308 3653 1463 3703 affixa
1511 3653 1705 3713 fuisse,

659 3729 759 3778 etsi
792 3729 924 3791 Epp.
952 3730 1009 3789 4,
1048 3728 1136 3789 48,
1174 3728 1264 3777 56:
1302 3728 1405 3777 Sub
1439 3728 1585 3788 duco,
1624 3728 1711 3788 qui

659 3802 852 3863 templis
866 3803 1168 3852 Parthorum
1187 3803 1335 3866 signa
1354 3802 1536 3865 rofiyit.
1574 3802 1710 3850 Pro-

658 3875 773 3938 prie
809 3876 960 3925 Marti
995 3875 1153 3927 Ultori
1205 3877 1355 3938 signa
1400 3887 1430 3923 a
1481 3875 1708 3925 Phraate

661 3951 975 4011 recuperata
1033 3950 1369 4000 consecravit
1413 3949 1706 4012 Augustum

660 4021 759 4072 sed
789 4020 1031 4072 consulto
1064 4027 1220 4086 poeta
1253 4035 1466 4074 summo
1498 4023 1710 4086 imperii

660 4097 882 4146 Romani
917 4096 1123 4146 custodi
1166 4110 1229 4147 ea
1275 4098 1517 4148 restituta
1562 4096 1705 4147 dicit.

659 4171 883 4234 Interpr.
926 4170 1045 4220 Maii
1069 4171 1139 4221 ad
1162 4172 1303 4234 virg.
1329 4175 1460 4222 Aen.
1487 4173 1517 4221 7
1537 4210 1549 4231 ,
1576 4172 1703 4222 606:

660 4245 859 4295 «Huius
910 4244 1031 4294 facti
1082 4248 1238 4295 notae
1294 4246 1747 4310 repraesentan-⁸

1780 2028 1869 2077 tur
1909 2028 1963 2076 in
2008 2039 2164 2087 arcu,
2210 2028 2302 2092 qui
2337 2030 2421 2078 est
2453 2028 2597 2078 iuxta
2631 2026 2830 2078 aedem

1779 2103 1841 2152 D.
1867 2101 2032 2152 Iulii.»

1846 2176 1895 2225 9.
1967 2177 2145 2225 lanum
2208 2176 2438 2240 Quirini]
2508 2177 2594 2226 Sic
2655 2177 2826 2228 Codd.

1780 2262 1996 2310 omneS,
2038 2262 2134 2313 pro
2157 2262 2264 2312 qua
2286 2248 2514 2300 lectione
2537 2251 2699 2314 recipi
2724 2264 2832 2300 non

1780 2322 2019 2372 debebat
2041 2324 2320 2373 Passeratii
2344 2325 2482 2374 coni.
2518 2326 2695 2374 Imiwm
2714 2327 2834 2386 Qui-

1777 2397 1951 2445 rinum
1993 2396 2149 2445 ducta
2186 2410 2250 2446 ex
2286 2396 2519 2447 Macrob.
2554 2399 2658 2447 Sat.
2688 2399 2735 2457 4,
2771 2398 2829 2447 9:

1779 2469 2328 2521 invocamus-danum
2338 2471 2668 2533 Quirinum„
2687 2473 2836 2534 quasi

1781 2544 2021 2595 bellov-mn
2047 2550 2322 2607 poteram,
2364 2545 2429 2596 ab
2461 2548 2636 2606 hasta,
2674 2560 2830 2607 quam

1781 2619 1958 2668 Sabini
1990 2620 2153 2668 ctu-im
2181 2624 2392 2678 vocantu
2443 2622 2498 2669 et
2530 2621 2673 2670 Suet.
2707 2621 2825 2670 Oct.

1782 2694 1878 2742 22:
1934 2694 2116 2743 Ianum
2167 2694 2434 2754 Quirinum
2479 2695 2627 2743 semel
2680 2699 2832 2755 atque

1780 2768 1963 2817 iter-tom
1980 2781 2016 2816 a
2029 2769 2234 2817 condita
2253 2767 2378 2816 Urbe
2397 2769 2693 2817 memoriam
2715 2772 2835 2817 anilo

1781 2854 1928 2890 suam
1995 2842 2225 2890 clausum
2288 2842 2342 2890 in
2395 2842 2552 2890 multo
2608 2841 2835 2891 breviore

1783 2915 2018 2977 temporis
2055 2915 2218 2976 spatio
2258 2920 2397 2964 terra
2432 2915 2665 2976 marique
2705 2928 2836 2976 pace

1775 2995 1938 3052 parta
1970 2994 2046 3039 ter
2076 2989 2236 3038 clusit.
2297 2987 2459 3038 Lucil.
2500 2987 2638 3038 Gerl.
2679 3002 2729 3053 p.
2767 2990 2828 3050 2,

1783 3064 1843 3113 3:
1873 3068 2025 3125 pater
2046 3064 2208 3123 Mars,
2243 3062 2390 3111 Ianu’
2428 3063 2659 3124 Quirinu'
2678 3068 2831 3124 patos·

1783 3139 1888 3187 cet.
1926 3136 2123 3186 Verum
2159 3134 2404 3186 consulto
2427 3149 2459 3185 a
2483 3134 2832 3186 formularum

1783 3222 2035 3260 sermone
2087 3210 2378 3259 recessisse
2427 3209 2696 3273 putandus
2748 3211 2836 3259 est

1781 3286 1968 3347 poeta,
2005 3284 2064 3333 ut
2098 3283 2167 3332 sit
2199 3284 2354 3333 lanus
2379 3283 2675 3342 Quiritium.
2712 3284 2832 3346 lpse

1782 3358 2049 3420 Augustus
2071 3357 2125 3406 in
2156 3359 2389 3407 Monum.
2425 3358 2710 3420 Aneyrano
2733 3357 2828 3407 Ed.

1783 3432 1985 3482 Franzii
2016 3444 2070 3495 p.
2098 3431 2191 3479 3⁴:
2230 3431 2448 3492 cmnqm
2480 3429 2545 3480 ab
2572 3430 2835 3481 Urbem»-

1782 3505 1892 3554 dita
1939 3509 2056 3555 ante
2101 3516 2183 3553 mo
2228 3504 2410 3554 Ianum
2454 3504 2721 3566 Quirinum
2761 3503 2836 3552 bis

1782 3579 1984 3627 ormino
2043 3579 2322 3640 (regnante
2377 3579 2548 3627 Numa
2605 3577 2660 3627 et
2712 3579 2835 3640 post

1782 3650 1984 3702 bellum
2025 3651 2284 3701 Punicum
2324 3652 2559 3715 primum
2601 3664 2649 3701 a.
2687 3664 2741 3701 u.
2780 3665 2829 3701 c.

1782 3726 1896 3776 549.
1951 3725 2178 3775 clauwm
2222 3725 2374 3788 fuisse
2427 3726 2682 3788 prodatur
2724 3737 2834 3774 me-

1780 3800 2002 3860 moriae,
2032 3804 2109 3848 ter
2128 3800 2452 3862 mem-incipe
2470 3804 2672 3849 senatus
2692 3799 2834 3848 clau-

1784 3873 1999 3922 dendum
2041 3884 2143 3921 osso
2181 3873 2383 3922 consuit.
2440 3872 2504 3935 (a.
2541 3885 2595 3921 u.
2631 3885 2678 3922 c.
2714 3871 2829 3920 725.

1783 3946 1898 3996 729.
1937 3945 2159 4006 Quando
2201 3946 2420 3996 tertium
2442 3945 2497 3995 id
2519 3945 2720 3995 sactum
2743 3943 2831 4004 sit,

1784 4032 1892 4070 non
1925 4019 2110 4084 liquet.
2148 4021 2474 4078 Massonum,
2513 4020 2603 4082 qui
2635 4031 2687 4067 a.
2714 4016 2830 4068 744.

1784 4094 1839 4144 id
1883 4094 2086 4155 tribuit,
2140 4095 2272 4145 satis
2321 4092 2570 4143 refutavit
2601 4091 2832 4150 Franke‚

1784 4181 1848 4219 ae
1893 4169 2082 4219 Norisii
2130 4169 2318 4220 Cenot.
2357 4168 2459 4217 Pis,
2486 4168 2549 4226 2,
2588 4166 2666 4216 ⁴0.
2707 4177 2837 4215 sen-

1784 4245 2006 4294 tentiam
2056 4242 2126 4294 de
2173 4256 2222 4293 a.
2261 4240 2377 4294 748.
2425 4238 2836 4307 praeferendam
