3234 4975
619 443 643 508 «Ι
659 446 739 508 48

1391 447 1645 496 ΙΙΟΒΑΤΠ
1684 445 2019 496 CARMINUM

1262 861 1730 923 cm
1778 859 2129 920 xxm

949 1031 1122 1096 Natis
1169 1031 1229 1094 in
1277 1051 1466 1095 usum
1513 1028 1787 1094 laetitiae
1833 1026 2096 1115 scyphis

949 1155 1244 1239 Pugnare
1291 1151 1604 1216 Thracum
1651 1160 1778 1215 est:
1825 1148 2021 1215 tollite
2064 1146 2414 1213 barbarum

1032 1274 1305 1347 Morem,
1353 1271 1928 1358 verecundumque
1970 1271 2292 1338 Bacchum

1117 1393 1498 1479 Sanguineis
1542 1391 1880 1479 prohibete
1925 1392 2107 1458 rixis!

737 1593 933 1642 XXVH.
972 1594 1135 1642 lnscr.
1175 1589 1311 1653 volg.
1348 1590 1425 1639 Aa
1457 1589 1664 1639 sodales.
1697 1617 1751 1624 -
1776 1590 1853 1639 Ad
1884 1591 2078 1639 sodales
2111 1603 2227 1639 suos
2261 1591 2351 1640 ST.
2386 1619 2440 1626 —
2469 1592 2516 1640 4.
2544 1592 2717 1641 Nactus

675 1668 801 1718 Cid.
841 1666 1243 1729 vanderburgii.
1283 1692 1337 1700 —-
1375 1665 1424 1714 3.
1461 1666 1946 1726 inverecundumque
1977 1663 2198 1715 Bentleii
2233 1665 2395 1716 dubia
2427 1667 2675 1729 suspicio.

669 1845 865 1893 XXVII.
927 1843 1237 1892 Convivium
1294 1855 1418 1892 cum
1470 1841 1655 1891 amicis
1731 1846 1942 1891 ποτεΐν.
1993 1869 2048 1878 -
2086 1842 2254 1907 tollite]

2302 1842 2520 1893 «Procul
2564 1847 2778 1894 maneto

605 1915 932 1966 celebratum
967 1915 1132 1978 lyrice
1168 1915 1438 1965 describit,
1480 1917 1556 1979 (A.
1596 1930 1649 1966 u.
1729 1929 1761 1965 a
1795 1918 1975 1966 nostro
2014 1918 2254 1967 convivio
2291 1931 2408 1968 mos
2442 1917 2580 1967 ille.»

605 2004 649 2039 c.
706 1991 865 2052 7259)
939 1989 1121 2040 «Odes
1172 2003 1362 2040 sensus
1408 1992 1652 2053 sumptus

602 2066 685 2115 est
718 2064 786 2113 ab
821 2066 1153 2114 Anacreonte
1189 2065 1242 2113 in
1277 2063 1409 2113 libro
1441 2065 1648 2114 terti0.»

602 2141 849 2189 Ponrnra.
889 2139 1127 2187 Servavit
1144 2138 1320 2188 locum
1345 2139 1534 2188 Athen.
1565 2139 1645 2187 40.

602 2226 655 2276 p.
683 2211 797 2263 427.
836 2214 1026 2262 Anacr.
1058 2214 1139 2262 Fr.
1168 2214 1249 2263 62.
1274 2214 1486 2276 Bergk:
1509 2207 1651 2278 ’Ἄγε

602 2284 700 2352 δή,
744 2287 870 2353 φέρ’
907 2280 1080 2351 ἡμῖν,
1125 2278 1172 2334 ὦ
1207 2292 1335 2347 παῖ,
1371 2285 1647 2352 Κελέβην,

602 2355 753 2423 ὅκως
805 2357 1058 2425 ἄμυστιν
1107 2361 1373 2430 Προπίω,
1423 2356 1495 2411 τὰ
1539 2360 1649 2426 μὲν

600 2436 713 2488 δέκ’
759 2434 964 2504 ἐγχέας
988 2430 1242 2500 ’Τδατος,
1287 2433 1360 2488 τὰ
1402 2438 1568 2488 πέντε
1599 2434 1647 2486 ὅ

601 2509 763 2562 οἴνου
784 2508 1077 2573 Κυάθους,
1109 2507 1187 2574 ὥς
1203 2508 1508 2601 ἀνυβριστὶ
1519 2506 1649 2561 Ἀνὰ

598 2577 769 2652 δηῦτε
804 2583 1185 2672 βασσαρήσω
1235 2616 1288 2624 -
1313 2582 1442 2654 Ἄγε
1476 2577 1649 2652 δηυτε

597 2661 802 2727 μηκέθ
824 2652 975 2710 οὕτω
993 2659 1242 2727 Πατάγῳ
1265 2675 1326 2710 τε
1342 2655 1646 2728 κάλαλητῷ

597 2731 894 2801 Σκυθικὴν
928 2731 1102 2786 πόσιν
1136 2736 1268 2822 παρ’
1296 2733 1434 2801 οινῳ
1469 2736 1649 2786 Μελε-

598 2809 811 2877 τῶμεν,
848 2804 995 2860 ἀλλὰ
1032 2808 1232 2872 καλοῖς
1252 2805 1649 2874 Ττοπὶνοντες

598 2887 660 2938 ἐν
697 2878 925 2951 ὕμνοις.

667 2963 713 3010 4.
750 2960 974 3023 Ναιὶε]«
952 2956 1125 3008 «velut
1147 2960 1334 3007 natura
1359 2959 1537 3019 factis,
1577 2959 1645 3008 ad

598 3037 701 3086 hoc
734 3036 890 3084 unice
928 3033 1254 3083 destinatis.»
1291 3032 1464 3082 Schol.
1495 3046 1649 3083 com-

596 3111 750 3175 parat
784 3106 964 3158 Lucilii
997 3120 1072 3156 v.:
1109 3107 1293 3155 Iudicis
1325 3107 1556 3156 Hortensi
1578 3113 1649 3157 est

597 3186 666 3233 ad
687 3197 800 3233 eam
820 3195 928 3231 rem
947 3185 1074 3230 nata
1092 3181 1372 3242 palaestra,
1409 3181 1650 3232 similiter

600 3258 669 3308 de
715 3270 773 3306 re
818 3258 931 3306 arte
974 3254 1140 3315 facta;
1195 3255 1379 3318 sicque
1425 3255 1643 3307 Martial.

602 3331 682 3392 44,
722 3331 842 3380 ⁴02:
897 3329 1075 3392 Accipe
1115 3343 1216 3377 non
1257 3330 1346 3378 vili
1379 3330 1556 3380 calices
1589 3332 1649 3380 de

591 3406 802 3469 pulvere
821 3408 982 3452 natos.
1017 3431 1070 3439 —
1097 3404 1211 3452 Non
1235 3402 1482 3467 intellige,
1511 3418 1648 3467 quo-

600 3477 762 3529 modo
805 3476 1000 3526 indocti
1043 3475 1240 3526 librarii
1275 3479 1442 3527 errori
1475 3480 1651 3527 Nactis

601 3554 778 3604 Critici
813 3551 1121 3603 adscribere
1154 3553 1445 3616 potuerint:
1503 3555 1647 3602 «Non

601 3626 794 3677 male.»
824 3654 878 3662 —
914 3627 969 3675 in
991 3639 1138 3674 usian
1166 3625 1400 3690 laetitiae]
1428 3627 1512 3675 Sic
1536 3627 1645 3676 Cic.

601 3700 731 3753 Phil.
771 3700 860 3762 44,
901 3702 959 3762 4,
1010 3702 1065 3750 4ε
1112 3701 1332 3750 laetitiae
1372 3715 1490 3751 usus
1529 3702 1653 3751 satis

600 3781 673 3826 est
723 3776 998 3825 nia-rimae.
1059 3802 1111 3811 —-
1165 3776 1388 3836 Scyphus
1434 3777 1648 3841 proprie

603 3850 812 3900 Baccho
839 3863 1010 3900 sacer.
1048 3848 1281 3900 Macrob.
1321 3851 1377 3911 ὅ,
1415 3851 1497 3900 24.

668 3926 718 3973 2.
755 3924 1002 3987 Pugnare]
1051 3922 1253 3987 poculis
1293 3937 1388 3987 pro
1423 3922 1540 3974 telis
1574 3925 1651 3974 uti

605 4001 656 4051 in
680 3999 948 4068 παροινίᾳ
969 4000 1233 4049 Thracum
1257 4001 1364 4058 est,
1398 3999 1653 4048 hominum

600 4073 947 4123 violarum-mn.
1020 4074 1177 4124 Corn.
1221 4076 1351 4137 Nep.
1391 4075 1442 4125 in
1477 4072 1646 4124 Alcib.

1793 1991 1842 2041 3.
1883 1993 2101 2042 «Arcete
2146 1993 2312 2051 rian‚
2361 1991 2519 2043 nolite
2557 2006 2648 2043 eas
2684 2007 2780 2042 ex-

1728 2064 1918 2126 citare,
1964 2068 2051 2127 ut,
2101 2065 2559 2129 quemadmodum
2594 2067 2775 2127 debet,

1724 2141 2031 2189 verecundus
2052 2143 2268 2190 maneat
2283 2141 2524 2191 Bacchus
2543 2140 2776 2205 nihilque

1727 2214 2112 2274 committatur,
2183 2214 2330 2277 quod
2396 2215 2659 2266 dedeceat
2714 2230 2777 2266 ac

1724 2287 2006 2351 perturbet
2039 2290 2276 2353 quietam
2300 2292 2539 2341 nostram
2563 2303 2779 2355 compo-

1727 2362 2033 2412 tationem.»
2105 2363 2474 2426 Cuninghamii
2515 2366 2651 2415 coni.
2686 2379 2776 2415 va—

1722 2437 2027 2499 reo-undiquc
2059 2462 2089 2472 -
2113 2463 2143 2473 -
2169 2438 2424 2499 prohibeto
2456 2441 2776 2491 sententiam

1722 2525 1914 2575 prosae
1934 2512 2157 2562 orationi
2174 2513 2563 2563 accommodat.
2590 2515 2651 2566 Ut
2666 2515 2770 2576 hic,

1724 2586 1819 2634 Od.
1839 2587 1886 2646 4,
1911 2587 1989 2646 48,
2007 2587 2063 2635 7:
2088 2587 2313 2636 modicus
2323 2588 2482 2637 Liber.
2500 2589 2772 2639 Contraria

1724 2661 1945 2720 ratione,
1973 2674 2111 2723 quae
2136 2662 2223 2711 hic
2245 2665 2592 2725 praepostera
2617 2663 2768 2724 foret,

1724 2734 1873 2797 Epod
1909 2734 1996 2794 44,
2035 2734 2121 2783 43
2111 2749 2122 2760 ·
2160 2736 2520 2786 inverecundus
2550 2738 2775 2787 Bacchus

1723 2808 1782 2857 fit
1817 2806 2141 2858 temulentia.
2183 2807 2395 2860 Alexis
2381 2824 2433 2860 m
2457 2812 2581 2860 Exc.
2611 2812 2769 2862 Grotii

1721 2896 1775 2946 p.
1813 2883 1938 2931 597:
1978 2875 2047 2930 O
2079 2878 2188 2953 γὰρ
2230 2881 2486 2954 διμάτωρ
2518 2882 2774 2971 Βρόμιος

1723 2951 1794 3007 οὗ
1829 2957 2018 3026 χαίρει
2044 2951 2304 3027 Ἀνδράσι
2348 2965 2625 3031 πονηροῖς
2655 2954 2772 3012 οῦδ

1721 3025 2045 3096 ἀπαιδεύτῳ
2079 3030 2206 3097 βιῳ.

1790 3105 1837 3156 4.
1868 3106 2136 3171 prohibete]
2174 3106 2377 3157 Eadem
2421 3111 2615 3158 constr.
2656 3110 2765 3160 Cic.

1722 3178 1894 3229 Manil.
1950 3181 2005 3238 7,
2063 3180 2157 3229 ⁴8:
2219 3181 2437 3242 aliqu-em
2485 3183 2773 3233 calamitate

1716 3253 2006 3315 prohibere;
2053 3255 2185 3317 Epp.
2227 3255 2283 3316 4,
2332 3257 2391 3315 4,
2441 3256 2533 3305 34;
2592 3270 2773 3319 corpus

1715 3329 1978 3389 prohibere
2022 3329 2289 3393 cher-aym.
2376 3331 2484 3379 Liv.
2531 3331 2619 3391 34,
2677 3333 2767 3382 ’Ξδε

1722 3415 1875 3465 agros
1916 3403 2164 3452 sociomm
2198 3404 2604 3465 populationibus
2643 3419 2773 3466 pro-

1721 3478 1899 3527 hibero
1973 3477 2048 3528 Cr.
2100 3475 2362 3529 Halmium
2403 3479 2472 3528 ad
2508 3480 2615 3529 Cic.
2658 3478 2693 3528 l.
2733 3479 2766 3529 l.

1789 3554 1837 3601 5.
1878 3554 2001 3601 Post
2034 3553 2265 3603 Thracas
2289 3552 2505 3604 alterius
2531 3554 2773 3604 immani·

1722 3625 1844 3675 tatis
1878 3624 2142 3676 barbarae
2167 3625 2472 3690 exemplum
2494 3628 2648 3677 affert
2666 3628 2771 3677 Μο-

1725 3703 1812 3750 dos
1844 3714 1887 3751 s.
1926 3703 2116 3752 Persas
2152 3702 2507 3764 Parthosque,
2544 3702 2634 3764 qui
2657 3703 2769 3750 aci·

1724 3788 1872 3837 nace,
1907 3776 2125 3825 incurvo
2147 3774 2343 3838 gladic,
2370 3777 2592 3826 accincti
2613 3789 2770 3826 men-

1725 3863 1817 3901 sae
1869 3848 2287 3909 accumbebant,
2345 3863 2469 3899 cum
2524 3851 2769 3900 Romanis

1725 3939 1830 3975 non
1853 3923 2038 3974 liceret
2054 3937 2175 3973 cum
2195 3922 2299 3973 tclo
2316 3924 2368 3973 in
2391 3923 2525 3974 urbe
2543 3937 2684 3975 esse.
2709 3951 2765 3960 —

1730 4001 1850 4048 Vin-0
1883 4003 1931 4048 et
1962 3998 2192 4062 lucernis]
2233 3999 2305 4046 «A
2340 3999 2649 4064 συμποσίῳ
2670 4011 2769 4062 per

1725 4076 1937 4125 noctem
1978 4073 2239 4137 producto
2281 4070 2573 4122 abhorrent
2610 4071 2766 4122 tela.»

604 4149 660 4208 7,
712 4147 800 4206 44,
848 4146 897 4197 4.
937 4146 1240 4199 Callimachi
1283 4149 1487 4211 Fragm.
1533 4149 1644 4197 409.
1731 4175 1781 4186 -
1820 4149 2032 4199 Persico
2074 4161 2193 4198 voc.
2230 4139 2511 4212 ἀκινάκης
2549 4148 2769 4210 propter

605 4219 817 4270 Bloms.:

863 4222 977 4273 Καὶ
1014 4218 1122 4310 γὰρ
1158 4218 1193 4272 ὁ
1228 4221 1507 4294 Θρηϊκίην
1538 4221 1648 4287 μὲν
1719 4224 1954 4285 priorem
2007 4223 2084 4271 rei
2134 4221 2516 4284 ignorationem
2566 4219 2689 4271 inde
2736 4232 2765 4268 a

604 4291 860 4360 ἀνήνατο
902 4293 1115 4356 χανδὸν
1163 4291 1415 4361 ἄμυστιν
1455 4299 1646 4367 Ζωρο-
1722 4295 1873 4346 bellis
1938 4297 2161 4346 Persicis
2226 4296 2306 4345 usi
2374 4296 2496 4344 sunt
2560 4294 2761 4344 Graeci.
