3234 4975
1159 427 1276 477 Lm.
1314 428 1351 477 I.
1427 429 1485 477 C.
1524 429 1627 479 XV.

2458 432 2541 498 97

801 581 1244 671 Nequicquam
1285 583 1561 652 thalamo
1603 606 1833 672 graves

719 702 947 769 Hastas
991 714 1057 770 et
1098 704 1326 771 calami
1368 706 1617 793 spicula
1660 709 1874 775 Cnosii

720 823 959 891 Vitabis
1002 827 1468 915 strepitumque
1512 840 1577 894 et
1620 828 1901 897 celerem
1947 833 2133 918 sequi

717 945 1004 1025 Aiacem3
1050 957 1260 1015 tamen
1303 948 1430 1016 heu
1474 971 1662 1016 serus
1705 950 2033 1017 adulteros

514 1170 593 1219 46.
630 1173 802 1235 yravt's
832 1172 966 1222 BST.
1009 1199 1061 1208 —
1101 1173 1179 1221 ⁴7.
1216 1175 1377 1238 qno-sii
1415 1173 1669 1235 BbSTc‚J.

379 1372 723 1437 explicando:
762 1395 788 1422 α
807 1377 1004 1428 Cantus
1031 1376 1229 1429 vocalis
1261 1380 1316 1428 et
1347 1379 1426 1429 ci-

379 1448 565 1500 tharae
617 1452 733 1501 soni
765 1452 903 1503 inter
932 1466 994 1503 se
1038 1453 1304 1503 coniuncti
1342 1454 1428 1503 to·-

381 1525 492 1573 tam
549 1523 781 1576 efficiunt
845 1526 1249 1589 symphoniam3
1317 1528 1426 1578 iam

379 1596 679 1659 singulatim
727 1601 977 1664 spectatis
1026 1601 1109 1651 his
1166 1601 1423 1665 partibus,

380 1665 589 1736 ἀοιδὴν
667 1676 841 1726 dividit
904 1676 1137 1727 citharae
1218 1680 1423 1738 cantus,

380 1740 552 1813 ἀοιδὴ
577 1750 808 1801 citharae
838 1765 1017 1812 sonos»,
1054 1751 1105 1800 id
1131 1754 1228 1811 est,
1260 1750 1426 1802 altera

383 1824 500 1872 utra
517 1822 731 1874 dimidia
748 1827 909 1876 totius
931 1829 1282 1891 symphoniae
1301 1842 1426 1893 pars

381 1902 516 1947 esta·
582 1900 664 1949 Ad
695 1914 747 1950 v.
774 1902 992 1951 divide&
1017 1915 1272 1966 compara
1297 1906 1428 1953 Pro-

381 1975 518 2034 pert.
570 1974 621 2035 2,
673 1975 721 2036 4,
773 1975 830 2025 9;
878 1976 995 2026 Sive
1035 1976 1178 2037 lyrae
1224 1991 1428 2027 carmen

382 2046 552 2109 diqitis
575 2051 819 2109 percussit
848 2050 1061 2101 eburnis.
1132 2051 1236 2101 Sed
1285 2051 1427 2115 pleni

382 2124 751 2173 commentarii
774 2125 939 2175 instar
960 2127 1043 2176 est
1064 2124 1188 2176 illud
1213 2128 1427 2177 Luciani

381 2194 576 2258 lmagg.
605 2197 695 2248 ⁴4:
733 2192 980 2269 εὐκαίρῳ
1012 2197 1083 2269 τῇ
1123 2191 1301 2289 ἄρσει
1325 2202 1426 2251 καὶ

379 2267 542 2320 θέσει
595 2254 1089 2344 διαμεμετρῆσθαι
1137 2272 1205 2325 τὸ
1261 2266 1427 2343 ᾆσμα

379 2344 480 2393 καὶ
524 2344 784 2414 συνῳδὸν
828 2347 974 2400 εἶναι
997 2345 1131 2434 ,τὴν
1178 2347 1427 2437 κιθάραν

379 2420 478 2469 καὶ
551 2415 899 2495 ὁμοχρονεῖν
951 2421 1022 2497 τῇ
1078 2420 1298 2497 γλώττῃ
1353 2420 1426 2475 τὸ

380 2492 684 2567 πλῆκτρον.
755 2501 901 2551 Licet
946 2502 1033 2551 hic
1077 2515 1293 2566 quoque
1333 2502 1429 2552 du-

379 2570 574 2635 plicem
607 2576 842 2626 statuere
888 2579 1086 2628 constr.
1135 2591 1186 2627 v.
1231 2578 1428 2642 [mainis

377 2651 532 2709 prata
564 2650 619 2697 et
651 2650 839 2699 divides
864 2652 1078 2715 sentinis,
1110 2650 1211 2701 alio
1245 2655 1426 2703 tamen

379 2734 542 2772 sensu
576 2736 740 2787 quam
762 2723 867 2785 illo,
909 2739 1072 2790 quem
1104 2739 1265 2791 supra
1294 2729 1429 2779 reie-

380 2797 577 2847 cimus:
630 2797 844 2861 «lyram
889 2799 1125 2864 pulsabis
1163 2802 1425 2866 simulque

381 2871 639 2933 cantabis,
676 2874 745 2923 ita
781 2876 839 2924 ut
862 2888 987 2925 cum
1013 2875 1212 2926 Helena
1236 2890 1426 2927 omnes

379 2949 502 2997 tuae
532 2961 749 3000 sorores
782 2952 943 3013 atque
978 2950 1199 3001 stati-um
1233 2950 1426 3002 mulie-

378 3035 468 3072 res
495 3022 710 3073 dulcem
737 3032 930 3074 sonum
954 3026 1299 3089 percipiant.»
1335 3027 1427 3076 Mi-

380 3109 480 3147 nus
511 3101 760 3148 accurate
784 3098 1052 3162 explicant
1072 3103 1190 3149 aut:
1230 3098 1427 3149 «alter-

379 3171 531 3222 nabis
580 3173 819 3223 carmina
867 3187 1000 3223 voce
1051 3186 1170 3224 assa
1214 3177 1422 3223 cantata

377 3248 553 3297 sonitu
600 3248 832 3297 citharae
851 3263 907 3306 »ς
966 3250 1082 3297 aut:
1144 3248 1421 3297 «carmina

378 3322 613 3372 numeris
659 3323 769 3372 suis
812 3321 1171 3380 dimetierisn;
1224 3323 1421 3372 etenim

378 3397 486 3444 tam
535 3393 638 3446 late
690 3410 794 3447 non
833 3399 982 3461 patet
1010 3396 1161 3446 verbi
1206 3398 1425 3446 diffidere

378 3469 701 3532 significatio.

442 3546 522 3595 46.
569 3546 807 3610 melanio]
839 3548 1040 3598 Rursus
1071 3546 1418 3610 contemptim

377 3619 445 3669 de
511 3619 729 3670 homine
780 3620 1085 3670 effeminato
1137 3620 1237 3670 illic
1294 3633 1417 3670 cum

376 3692 612 3744 adultera
660 3708 721 3744 se
770 3694 1152 3746 abscondente.
1237 3696 1417 3744 Venus

375 3769 619 3820 Paridem
665 3769 810 3820 Iliad
863 3787 917 3836 y,
976 3770 1101 3820 38⁴:
1157 3766 1417 3832 ἐκάλυψε

373 3840 420 3892 δ’
453 3835 544 3914 ἄρ’
585 3838 718 3930 ἠέρι
756 3837 937 3915 πολλῇ
972 3840 1094 3894 Kaio
1127 3843 1173 3893 δ’
1209 3838 1313 3895 εἶα
1354 3843 1416 3894 ἐν

373 3913 616 3985 θαλαμῷ
657 3914 873 3980 εὐώδεϊ,
907 3915 1166 3986 κηώεντι.
1208 3947 1262 3956 —-
1296 3934 1418 3983 yra—

371 3993 468 4058 ves]
506 3994 926 4057 «ponderosam»
956 3995 1062 4045 boc
1091 3996 1258 4058 magis
1291 4000 1419 4059 poe-

373 4068 539 4117 ticum
570 4071 654 4119 est
685 4082 848 4133 quam
869 4109 880 4131 ‚
915 4072 978 4119 ut
1009 4068 1093 4119 alii
1124 4072 1411 4133 exponunt,

375 4161 400 4187 α
417 4143 663 4194 exitiosas
684 4182 698 4205 ,
773 4148 1002 4195 mortem
1065 4144 1365 4195 afferentes.
1387 4163 1411 4188 ι·

373 4217 670 4269 Recordare
728 4219 944 4271 Homeri
993 4212 1165 4285 ἔγχος
1218 4214 1412 4289 βριθύ,

371 4293 537 4358 μέγα,
580 4290 862 4364 στιβαρόν
902 4299 958 4344 et
1001 4294 1126 4344 Iliad
1186 4295 1233 4355 ζ,
1283 4294 1408 4343 348;

539 4385 721 4431 Horu-r.
757 4397 866 4431 vor..
897 4386 926 4431 1.
988 4398 1063 4434 an.
1098 4395 1251 4431 mon
1283 4383 1350 4428 114.

1497 1377 1560 1429 ἐν
1595 1377 1644 1430 δ’
1672 1373 1789 1452 ἄρα
1821 1382 1969 1454 χειρὶ
1998 1375 2172 1450 ἔγχος
2201 1377 2286 1444 ἔχ’
2321 1382 2545 1436 ἑνδεκά-

1498 1469 1674 1521 πηχυ.

1564 1531 1644 1580 47.
1671 1531 1872 1596 calami]
1893 1533 2143 1584 Harundo
2165 1534 2452 1595 Cretensis,
2479 1550 2545 1586 ex

1497 1617 1602 1667 qua
1621 1607 1834 1669 sagittas
1852 1607 2131 1667 faciebant,
2152 1621 2412 1671 perquam
2430 1612 2546 1660 erat

1498 1680 1650 1741 dura,
1686 1681 1841 1732 nodis
1874 1681 2029 1745 longe
2059 1683 2197 1732 inter
2228 1696 2287 1733 se
2312 1683 2546 1734 distanti-

1496 1753 1616 1805 bus.
1688 1757 1803 1805 Non
1836 1758 2014 1807 tamen
2045 1758 2099 1807 b.
2137 1755 2169 1806 l.
2204 1758 2543 1820 cogitandum

1498 1829 1566 1880 de
1603 1829 1910 1891 Idomeneo,
1948 1832 2037 1895 qui
2073 1845 2178 1882 non
2205 1831 2299 1882 fuit
2330 1834 2547 1895 sagitta·

1496 1906 1626 1955 rius.
1669 1931 1723 1939 -
1749 1906 1956 1969 spicula]
1993 1906 2135 1970 apud
2166 1909 2353 1970 poetas
2383 1908 2546 1970 sagit-

1498 1980 1599 2028 tae.
1651 1979 1790 2042 virg.
1830 1978 1937 2030 Ecl.
1979 1981 2059 2040 40,
2090 1981 2183 2030 59;
2219 1980 2334 2030 libet
2362 1983 2546 2032 Partho

1497 2058 1730 2114 torquere
1789 2054 2013 2115 Cydonia
2087 2069 2247 2105 cornu
2310 2058 2534 2118 Spectata.

1502 2154 1557 2163 -
1579 2128 1636 2177 In
1662 2129 1898 2178 numeris
1918 2131 2001 2178 est
2017 2129 2383 2191 ΚΝΩΣΙΩΝ,
2402 2131 2546 2182 unde

1499 2205 1774 2265 praestare
1810 2203 2022 2253 videtur
2053 2205 2315 2269 scriptura
2350 2206 2544 2265 Cnosii}

1498 2274 1564 2326 al.
1626 2278 1814 2327 Gnosii.
1885 2276 2031 2328 Illam
2089 2278 2337 2342 praetulit
2386 2280 2547 2331 etiam

1500 2351 1796 2415 Hertzberg
1840 2351 1909 2402 ad
1947 2354 2103 2416 Prop.
2145 2354 2195 2413 2,
2233 2354 2314 2415 42,
2354 2355 2432 2404 40.
2482 2366 2546 2403 ac

1498 2438 1659 2476 nemo
1709 2426 1949 2491 profecto
1991 2427 2038 2488 4,
2093 2428 2174 2490 24,
2221 2428 2269 2477 8.
2325 2430 2548 2495 recipiet

1500 2502 1661 2564 Gragi
1694 2515 1758 2550 ex
1792 2501 2034 2551 BbSTcd.

1565 2576 1644 2625 48.
1699 2575 1904 2625 celerem
1940 2576 2093 2640 seq-uf]
2142 2575 2283 2627 Iliad.
2319 2575 2377 2638 β,
2414 2578 2541 2627 527:

1491 2645 1725 2715 Ὀϊλῆος
1746 2646 1926 2712 ταχὺς
1960 2647 2117 2713 Αἴας.
2171 2652 2433 2714 Imprimis
2456 2666 2550 2702 au-

1498 2728 1609 2775 tem
1633 2727 1719 2775 hic
1744 2727 1858 2775 eius
1884 2725 2081 2775 mentio
2106 2725 2332 2787 quadrat
2354 2729 2476 2789 post
2491 2741 2542 2777 v.

1497 2801 1685 2860 Ιιαειασ,
1707 2800 1905 2849 etenim
1929 2800 2189 2850 Homerus
2208 2798 2333 2848 ibid.
2349 2814 2400 2849 v.
2418 2801 2542 2850 530:

1497 2874 1692 2944 ἐγχείῃ
1725 2871 1773 2922 δ’
1814 2874 2110 2924 ἐκέκαστο.
2162 2871 2260 2924 Alii
2295 2874 2363 2924 de
2387 2876 2546 2926 Aiace

1497 2951 1720 3011 maiore,
1760 2947 2058 2998 Telamonis
2096 2946 2231 3008 filio,
2282 2950 2547 3014 interpre-

1497 3026 1703 3083 tantur;
1751 3024 1843 3087 qui
1892 3035 2021 3072 sane
2063 3022 2204 3087 apud
2255 3025 2548 3075 Homerum

1498 3102 1580 3150 est
1612 3099 1788 3162 potius
1817 3098 2063 3148 statarius
2095 3095 2347 3159 bellator,
2386 3112 2547 3163 prae-

1496 3174 1681 3224 sertim
1712 3172 1805 3222 ubi
1849 3171 2139 3223 lentissime
2174 3187 2204 3221 e
2241 3186 2416 3236 pugna
2455 3187 2546 3224 re-

1497 3248 1698 3297 cedens
1716 3260 1840 3297 cum
1859 3247 2009 3297 asino
2034 3250 2379 3311 comparatur
2395 3247 2540 3297 Iliad.

1559 3398 1639 3446 ⁴9.
1711 3397 1893 3460 tamen]

1492 3472 1626 3523 sidio
1680 3473 1848 3522 fretus
1897 3472 1987 3522 diu
2045 3472 2275 3522 mortem
2330 3468 2537 3528 vitabis,

1491 3550 1670 3597 tamen
1713 3545 1996 3610 aliquando
2043 3545 2250 3607 (decem
2291 3545 2412 3607 post
2443 3555 2543 3592 an-

1491 3622 1634 3682 nos),
1680 3619 1910 3677 adulter,
1962 3618 2227 3669 occides·
2278 3643 2332 3651 —-
2377 3615 2535 3679 serus]

1487 3696 1757 3746 Adiectiva
1826 3693 2139 3759 temporalia
2203 3704 2366 3755 saepe
2430 3703 2531 3754 pro

1488 3769 1772 3821 adverbiis.
1853 3768 2002 3818 Iliad.
2045 3782 2109 3826 α,
2158 3764 2282 3816 424:
2336 3761 2538 3829 χθιζὸς

1487 3838 1614 3910 ἔβη.
1664 3844 1833 3908 Epod.
1863 3844 1951 3902 46,
1989 3843 2071 3891 5⁴:
2105 3841 2411 3902 vespertinus
2439 3855 2535 3890 m·-

1486 3934 1586 3969 εω.
1652 3920 1782 3982 Epp.
1824 3919 1885 3978 2,
1934 3917 1993 3976 4,
2045 3916 2167 3965 464;
2221 3915 2538 3965 Semenim

1489 3995 1694 4044 ercn's
1758 3992 1979 4041 admovit
2036 3991 2271 4040 acanum
2326 3990 2528 4040 chartis.

1487 4069 1628 4130 virg.
1666 4065 1841 4128 Eclog.
1880 4066 1928 4125 11,
1974 4065 2066 4115 28:
2120 4065 2360 4125 Libertas,
2403 4077 2534 4126 quae

1484 4157 1619 4202 sera,
1665 4147 1830 4191 tamon
1871 4142 2091 4203 reme-vit
2120 4142 2342 4190 inertem.
2414 4138 2527 4189 Tib.

1487 4218 1535 4278 4,
1580 4216 1671 4267 94:
1737 4214 1899 4276 sera,
1949 4220 2117 4266 tamen
2160 4215 2326 4264 tacitis
2364 4227 2533 4275 poena

1482 4293 1619 4342 venit
1643 4290 1866 4353 podibus.
1935 4292 2174 4354 Propert.
2225 4289 2274 4348 3,
2314 4289 2394 4347 45,
2432 4288 2523 4338 35:

2158 4381 2187 4424 7

1943 3396 2092 3447 «Etsi
2128 3396 2349 3446 Veneris
2391 3408 2546 3458 prae-
