3234 4975
1231 405 1347 454 LIB.
1389 407 1447 454 ΙΙ.
1523 407 1580 454 C.
1620 406 1748 455 XIX.

957 559 1274 633 Caudam,
1324 571 1388 626 et
1430 561 1793 628 recedentis
1841 560 2115 647 trilingui

1030 683 1166 747 Ore
1214 681 1419 768 pedes
1465 682 1799 769 tetigitque
1845 703 2052 748 crura.

437 905 548 954 beri
623 906 858 971 depingit
928 906 1007 966 (ut
1062 905 1266 955 Seneca
1325 907 1478 956 Herc.

438 979 535 1028 fur.
574 980 698 1030 843:
739 978 1010 1030 Cerberus
1043 979 1112 1029 ab
1141 978 1368 1031 Hercule
1391 981 1487 1031 do-

435 1054 594 1104 mitus
615 1055 898 1116 Hor-tamquo
917 1056 1106 1118 saum,
1141 1068 1229 1104 ore
1246 1055 1485 1105 subrui-3⁸0

434 1127 698 1189 obsequens
756 1130 1026 1190 Utrumque
1090 1130 1258 1179 cauda
1315 1130 1486 1191 pulsat

434 1202 704 1265 ‹inquiret-a
736 1203 931 1267 latua),
984 1203 1081 1253 sed
1125 1202 1483 1253 adulationem

435 1274 692 1327 adversus
748 1276 929 1327 deum.
995 1305 1049 1313 —-
1104 1279 1251 1328 Duae
1301 1281 1481 1328 autem

434 1352 558 1399 sunt
592 1351 874 1411 imagines,
929 1364 1032 1400 una
1075 1352 1127 1401 in
1162 1352 1359 1402 Orcum
1399 1352 1484 1401 in-

435 1425 618 1474 trantis
655 1421 854 1481 Liberi'‚
908 1423 1001 1474 ubi
1046 1425 1316 1476 Cerberus
1352 1438 1483 1476 cau-

433 1496 559 1548 dam
593 1496 783 1548 leniter
816 1501 1022 1558 movet,
1072 1498 1235 1549 altera
1278 1512 1482 1549 exeun-

433 1572 525 1631 tis,
571 1571 663 1622 ubi
703 1571 773 1623 illi
809 1573 977 1637 pedes
1019 1571 1233 1633 lambit;
1287 1572 1481 1637 quibus

433 1646 751 1709 imaginibus
795 1650 952 1711 poeta
995 1649 1350 1712 potentissimi
1394 1648 1482 1698 dei

432 1721 803 1781 securitatem,
858 1735 963 1784 qua
1015 1722 1304 1772 inferorum
1365 1719 1480 1771 loca

432 1793 780 1856 perambulat,
820 1796 1083 1860 exprimit.
1157 1797 1268 1846 Hoc
1303 1795 1480 1845 minus

432 1864 726 1930 intelligens
763 1870 931 1933 Upton
957 1869 1027 1919 ad
1050 1871 1253 1920 Arrian.
1281 1882 1332 1934 p.
1361 1871 1474 1919 222.

433 1939 484 1989 in
519 1954 681 1992 unam
714 1943 791 1993 sic
826 1944 1088 1995 confudit:
1128 1945 1297 1995 Cornu
1332 1945 1478 1994 deco-

431 2028 547 2064 rum
600 2021 671 2077 et,
728 2017 903 2068 leniter
958 2025 1175 2069 actorem
1223 2019 1475 2079 Caudam,

433 2090 701 2139 recedentis
734 2094 834 2140 cet.

1625 906 1704 955 34.
1756 906 1835 956 32.
1883 906 2111 970 trilinyui
2151 907 2271 971 Ore]
2321 920 2458 958 «uno
2494 921 2605 967 ore,

1560 980 1611 1029 in
1669 993 1777 1043 quo
1830 984 1939 1032 tres
1984 979 2193 1045 linguae
2261 982 2375 1032 sive
2437 979 2611 1044 lingua

1560 1052 1766 1114 trifida,
1813 1053 1982 1119 qualis
2016 1053 2153 1106 solet
2184 1055 2235 1104 in
2270 1054 2610 1118 serpentibus

1559 1127 1735 1190 tingi.»
1755 1129 2367 1193 NAsxsinProgr.4824.
2441 1131 2611 1189 Quam

1558 1202 1738 1251 tamen
1764 1203 2251 1268 interpretationem
2269 1204 2473 1253 rectam
2489 1216 2609 1254 esse

1559 1289 1665 1325 non
1723 1276 1912 1340 credo,
1970 1277 2070 1329 sed
2114 1276 2318 1342 explico
2363 1277 2432 1327 de
2485 1274 2612 1327 Cei·-

1556 1349 1693 1399 bero
1744 1351 1989 1415 tricipite.
2061 1352 2146 1401 Sic
2184 1349 2425 1401 Valerius
2468 1348 2613 1400 Flac-

1558 1438 1654 1475 cus
1677 1425 1738 1484 7,
1770 1424 1879 1475 ⁴84.
1920 1423 2107 1489 triplici
2143 1426 2373 1476 Hecatae
2402 1428 2610 1474 cantum

1555 1499 1843 1563 martynum
1890 1498 2088 1549 tribuit.
2159 1501 2331 1562 Atque
2392 1498 2609 1550 omnino

1555 1574 1743 1637 quaeri
1766 1575 1959 1636 potest,
1985 1587 2116 1624 num
2140 1572 2434 1624 Cerberum
2460 1571 2611 1622 aliter

1556 1660 1721 1712 quam
1737 1646 1821 1697 vel
1846 1648 2127 1711 tricipitem
2145 1646 2229 1697 vel
2249 1646 2609 1711 centicipitem

1556 1722 1938 1785 descripserint
1994 1723 2183 1785 poetae
2234 1721 2415 1770 Latini.
2496 1720 2604 1771 Ct'r.

1553 1797 1699 1859 Virg.
1740 1799 1868 1846 Aen.
1909 1797 1966 1857 6,
2016 1794 2130 1845 4⁴7.
2168 1795 2317 1845 Ovid.
2355 1796 2476 1845 Met.
2521 1794 2602 1853 40,

1553 1872 1636 1921 24.
1708 1869 2133 1921 Pseudotibullus
2167 1870 2225 1931 3,
2279 1869 2335 1929 4,
2375 1869 2454 1929 3.‚
2514 1869 2604 1932 qui

1553 1958 1742 1995 omnes
1767 1944 2005 1995 Cerbero
2028 1948 2128 1994 tres
2150 1944 2349 2008 linquas
2371 1942 2609 1993 tribuen-

1553 2023 1636 2069 tes
1693 2020 1790 2068 tria
1859 2020 1974 2070 eius
2047 2019 2219 2082 capita
2289 2018 2601 2081 significant.

1553 2093 1687 2143 Vide
1736 2093 1830 2143 Od.
1870 2093 1925 2159 3„
1967 2094 2055 2153 ⁴⁴,
2093 2094 2174 2142 20.

1152 2425 1881 2484 Excunsus

1341 2557 1679 2607 Anam.

559 2677 863 2740 Significat-e
910 2678 1081 2738 iuvat,
1136 2676 1407 2740 quomodo
1456 2689 1522 2727 ex
1566 2677 1796 2739 antiquis
1842 2674 2043 2740 aliquot
2083 2678 2443 2727 monumentis
2483 2675 2601 2726 illu-

425 2760 582 2811 strari
615 2760 783 2822 possit
826 2759 1167 2809 Horatianum
1201 2758 1305 2809 hoc
1339 2772 1575 2809 carmen.
1635 2758 1698 2809 V.
1736 2758 1787 2809 3.
1822 2759 2598 2823 Nymphasque-mamm]

425 2840 699 2892 ΧΑΙΡΑΣ
749 2841 859 2903 illa,
920 2841 1145 2891 ΣΙΜΟΣ
1195 2845 1250 2892 et
1297 2841 1559 2892 ΚΩΜΟΣ
1609 2843 1695 2892 est
1743 2842 1796 2891 in
1845 2843 2016 2892 Museo
2064 2841 2212 2892 Borb.
2269 2843 2331 2892 11.
2386 2842 2442 2892 Τ.
2492 2841 2596 2902 45.,

425 2924 730 2977 ΓΑΛΗΝΗ
775 2927 830 2977 et
879 2923 1090 2976 EYAIA
1139 2925 1417 2989 Nymphae
1468 2925 1610 2989 apud
1657 2923 1920 2989 Millingen
1966 2923 2182 2989 Coghill.
2231 2925 2286 2975 T.
2332 2925 2410 2975 49.
2453 2953 2508 2962 -
2546 2927 2593 2976 8.

423 3011 680 3060 metuende
712 3009 896 3073 thyrso]
943 3010 1028 3059 Sic
1071 3009 1125 3059 in
1157 3022 1284 3059 vase
1325 3010 1469 3073 picto
1504 3008 1648 3073 apud
1682 3007 1944 3072 Millingen
1982 3010 2131 3060 Uned.
2169 3011 2305 3060 Mon.
2345 3010 2381 3059 1.
2419 3009 2475 3059 Τ.
2512 3010 2595 3060 25.

423 3093 664 3144 Bacchus
699 3093 957 3157 Eurytum
990 3089 1077 3142 vel
1111 3091 1425 3153 Deriadem,
1480 3093 1570 3156 qui
1615 3090 1788 3156 gladio
1822 3092 2077 3144 destricto
2112 3106 2237 3144 cum
2271 3106 2337 3143 eo
2372 3105 2599 3155 congre-

426 3175 592 3236 ditur,
646 3176 830 3240 thyrso
875 3176 1171 3228 transfodit.
1225 3203 1279 3213 —
1319 3177 1399 3227 ⁴3.
1437 3177 1611 3228 beaw
1643 3177 1884 3241 coniuqis]
1933 3178 2068 3228 Satis
2103 3177 2412 3241 frequentes
2445 3176 2599 3226 Aria-

426 3258 563 3309 dnae
600 3262 725 3310 sunt
746 3260 1026 3323 imagineS,
1063 3259 1227 3311 veluti
1267 3261 1407 3311 duae
1441 3259 1559 3310 illae
1593 3262 1648 3312 in
1678 3261 1904 3313 Beckeri
1936 3262 2184 3325 Augustae
2217 3260 2272 3310 T.
2302 3260 2350 3309 7.
2392 3258 2503 3322 (cfr.
2535 3272 2591 3323 p.

426 3341 560 3404 407.)
586 3343 641 3391 et
656 3342 713 3392 T.
732 3343 813 3393 67.
851 3343 1111 3394 Ariadnae
1135 3357 1166 3393 a
1189 3344 1398 3395 Theseo
1421 3344 1670 3395 desertae
1694 3358 1800 3394 una
1823 3357 1950 3394 cum
1974 3344 2232 3407 Cupidine
2253 3341 2597 3406 longinquam

425 3425 532 3474 iam
555 3424 711 3473 huius
734 3437 927 3475 navem
944 3426 1344 3477 demonstrante
1370 3428 1656 3490 imaginem
1674 3427 1845 3477 habes
1868 3426 2013 3492 apud
2030 3427 2313 3490 Inghirami
2331 3425 2463 3475 Gall.
2485 3424 2593 3473 Om.

424 3507 508 3556 111.
536 3520 589 3570 p.
617 3506 731 3555 24⁴.
753 3544 765 3567 ,
807 3505 963 3557 aliam
987 3509 1129 3571 apud
1158 3510 1394 3561 Gerhard
1435 3512 1719 3575 Vasenqem.
1757 3512 1813 3560 T.
1849 3509 1931 3561 48.
1990 3510 2199 3574 Inspice
2232 3509 2393 3558 etiam
2426 3508 2598 3557 Mmo

423 3588 702 3640 Borbom‘co
744 3589 873 3639 XIII.
908 3592 963 3640 T.
993 3591 1075 3640 VI.
1117 3594 1171 3641 et
1201 3592 1307 3642 Vn.
1359 3593 1465 3646 Cfr.
1495 3593 1734 3644 Avellino
1764 3594 1893 3643 Bau.
1929 3593 2071 3642 arch.
2102 3593 2161 3642 A.
2199 3593 2282 3641 111.
2319 3603 2373 3654 p.
2404 3590 2486 3640 26.
2536 3616 2592 3626 —

424 3672 710 3723 Ariadnam
742 3673 1010 3724 desertam
1038 3673 1342 3726 consolatur
1356 3678 1597 3728 Bacchus
1616 3679 1944 3741 inspectante
1963 3676 2221 3741 Cupidine
2240 3676 2293 3724 in
2308 3686 2436 3725 vase
2454 3674 2595 3737 picto

424 3756 565 3820 apud
589 3755 852 3821 Millingen
879 3759 1027 3808 Uned.
1054 3759 1192 3807 Mon.
1220 3759 1258 3807 Ι.
1285 3760 1341 3809 T.
1366 3761 1449 3809 26.
1487 3760 1741 3811 Eiusdem
1768 3773 1798 3808 a
1822 3762 2046 3821 Somne,
2083 3759 2173 3822 qui
2197 3756 2365 3808 alatus
2384 3756 2592 3822 puellae

423 3841 648 3904 assidet,
702 3843 933 3906 sopitae,
989 3843 1044 3892 et
1076 3855 1107 3891 a
1140 3842 1352 3892 Baccho
1395 3844 1613 3906 totoque
1659 3845 1773 3894 eius
1812 3843 1977 3893 choro
2011 3854 2077 3892 ex
2109 3841 2257 3891 Naxo
2291 3839 2460 3891 insula
2492 3841 2593 3892 ab-

423 3925 616 3976 ductae
661 3926 867 3989 pictura
900 3926 1222 3990 Pompeiana
1257 3928 1340 3976 est
1382 3927 1436 3975 in
1477 3928 1606 3976 Mus.
1653 3927 1801 3976 Borb.
1850 3926 1980 3976 xm.
2018 3926 2073 3974 T.
2113 3925 2161 3974 6.
2233 3923 2338 3973 Sed
2371 3938 2592 3989 prorsus

422 4009 634 4074 egregia
676 4011 761 4060 est
803 4010 978 4073 imago
1020 4010 1214 4060 Bacchi
1260 4012 1314 4059 et
1354 4008 1620 4061 Ariadnae
1662 4023 1788 4060 cum
1823 4005 2016 4073 Comoj,
2071 4006 2206 4058 illius
2243 4006 2329 4057 vel
2364 4007 2469 4059 tilio
2503 4008 2589 4059 vel

422 4092 661 4154 alumno,
701 4095 860 4157 atque
883 4093 1174 4157 Tragoedia
1207 4093 1348 4158 apud
1372 4092 1612 4143 Get-hard
1642 4094 1925 4156 Vasenqem.
1965 4092 2020 4141 T.
2049 4092 2139 4152 56,
2177 4092 2225 4142 2.
2255 4092 2513 4156 (Bacchus
2537 4094 2593 4143 et

420 4176 648 4228 Ariadne
672 4178 882 4241 egregie
906 4176 1158 4241 descripti
1184 4179 1305 4227 sunt
1328 4176 1396 4226 ab
1423 4175 1608 4226 ovidio
1634 4178 1692 4225 A.
1717 4177 1776 4225 A.
1802 4176 1849 4235 ⁴,
1873 4176 1968 4225 527
1988 4176 2127 4238 sqq.)
2169 4203 2223 4211 -
2263 4174 2342 4225 ⁴4.
2378 4176 2590 4239 Penthei]

421 4262 642 4312 Pausan.
685 4262 739 4322 ⁴,
776 4261 866 4323 20,
905 4260 960 4310 3:
1010 4255 1325 4327 (Ἀθήνησι)
1361 4255 1648 4313 Διονύσου
1685 4257 1803 4310 ἐστὶ
1843 4253 1984 4328 πρὸς
2016 4255 2093 4327 τῷ
2126 4255 2349 4331 θεάτρῳ
2383 4254 2453 4308 τὸ
2487 4252 2592 4328 ἀρ-
