3234 4975
662 373 687 439 l
703 375 784 440 42

1432 379 1689 428 nolum
1723 377 2061 430 maumam
2128 445 2132 448 Α

998 535 1159 600 Cum
1203 533 1314 600 tibi
1358 532 1637 623 flagrans
1680 554 1861 600 amor
1903 542 1967 600 et
2007 533 2232 611 libido,

999 657 1181 735 Quae
1227 654 1393 721 solet
1433 665 1672 721 matres
1714 654 1951 721 furiare
1964 676 2344 743 ,equorum,

996 777 1253 842 Saeviet
1293 777 1464 843 circa
1508 776 1690 842 iecur
1733 775 2133 853 ulcerosum,

1165 900 1305 963 Non
1348 898 1489 963 sine
1532 908 1800 986 questu,

994 1058 1188 1122 Laeta
1233 1054 1412 1144 quod
1455 1055 1668 1143 pubes
1712 1055 1955 1122 hedera
1996 1057 2242 1123 virente

788 1246 867 1295 43.
904 1246 1085 1307 cupido
1121 1257 1200 1307 pr.
1236 1245 1295 1294 B.
1328 1271 1382 1281 -—
1421 1245 1500 1294 47.
1536 1245 1719 1293 virenti
1751 1244 1833 1295 ΒΤ
1867 1247 1920 1293 et
1944 1243 2263 1308 «plerique»
2300 1243 2490 1308 Bentl.,
2529 1249 2649 1297 LCt.
2682 1248 2759 1310 (Ut

720 1333 835 1381 noS,
874 1320 1039 1369 ceteri
1074 1319 1238 1369 nostri
1272 1320 1328 1368 et
1357 1316 1415 1379 β.
1485 1320 1683 1370 Marius
1714 1319 2015 1368 Victorinus
2047 1333 2101 1383 p.
2138 1318 2306 1382 2604.)

656 1489 868 1553 yiportis
898 1487 1064 1538 Glubn‘t
1093 1488 1444 1550 maqnam‘mos
1463 1488 1600 1537 Remi
1621 1501 1707 1536 no-
1776 1499 1900 1536 care
1954 1487 2119 1551 mayis
2183 1487 2591 1539 «vehementius
2657 1501 2821 1553 quam

643 1560 807 1627 ‘pote-³.
876 1561 1110 1613 Alteram
1143 1561 1368 1612 sormam
1404 1560 1567 1611 habet
1599 1562 1704 1610 Te-

658 1641 792 1689 rent.
829 1636 1067 1686 Eunuch.
1094 1638 1144 1697 5,
1169 1636 1219 1697 2,
1246 1636 1303 1685 6:
1340 1635 1424 1685 ubi
1453 1637 1575 1695 vidi,
1612 1649 1703 1698 cao

656 1727 735 1762 mc
765 1712 1019 1772 tripodes,
1056 1714 1300 1772 quantam
1333 1723 1483 1771 queo,
1520 1711 1574 1759 in
1608 1723 1702 1759 an—

655 1789 908 1851 9iportum
982 1785 1232 1846 quoddam
1306 1785 1566 1833 deseram.
1641 1811 1698 1819 -

659 1859 863 1911 «Flebis
897 1861 1029 1919 tum,
1067 1871 1191 1908 cum
1215 1857 1390 1921 aquilo
1411 1859 1704 1908 vehemen-

655 1936 759 1985 tius
811 1934 969 1983 etiam
1016 1931 1168 1983 solito
1203 1931 1352 1982 flabit
1384 1934 1543 1995 atque
1578 1945 1702 1982 sae-

655 2011 764 2059 viet
813 2009 1277 2072 spississimaeque
1328 2011 1483 2057 erunt
1531 2007 1702 2057 noctis

655 2082 929 2143 tenebrae,
966 2085 1149 2146 utpote
1172 2083 1224 2131 in
1251 2080 1581 2141 interlunio»,
1619 2085 1702 2130 in-

656 2159 1048 2217 termenstru0‚
1096 2152 1506 2221 μεσοσελήνῳ,
1555 2155 1698 2220 quod

655 2233 815 2281 etiam
850 2232 1023 2280 lunam
1054 2232 1301 2291 silentovn,
1337 2231 1587 2280 sitentium
1619 2232 1701 2280 lw-

653 2320 753 2356 nae
817 2304 1180 2370 appellabant;
1259 2304 1485 2355 biduum
1550 2305 1697 2367 illud,

656 2393 763 2445 quo
805 2381 857 2429 iu
901 2381 1041 2429 coitu
1084 2377 1210 2431 solis
1253 2378 1374 2430 luna
1422 2393 1528 2430 non
1569 2394 1702 2430 con-

655 2455 892 2519 spicitur.
949 2455 1296 2540 Theophrast.
1334 2455 1403 2505 de
1435 2456 1609 2506 ventis
1638 2456 1695 2506 3.

655 2530 723 2579 αἱ
767 2526 1006 2580 σύνοδοι
1046 2526 1163 2580 τῶν
1201 2527 1405 2595 μηνῶν
1449 2545 1701 2602 χειμερι-

652 2600 911 2673 νωτεραι.
980 2605 1230 2668 Vegetius
1275 2605 1343 2655 de
1391 2607 1464 2655 Re
1499 2605 1607 2656 mil.
1647 2608 1695 2666 ὃ,

656 2679 1172 2731 ⁴0:1ntcrlanionan
1205 2680 1309 2729 dies
1338 2681 1704 2742 tempestatibus

651 2756 821 2817 plenos
864 2759 910 2803 ot
948 2755 1302 2818 nwiyantibus
1342 2768 1495 2817 quam
1533 2758 1704 2805 mati-

651 2843 732 2879 mc
760 2831 1044 2878 metuendos
1073 2843 1176 2879 non
1193 2830 1354 2879 solum
1379 2831 1596 2891 peritiae
1615 2844 1703 2880 ra-

653 2905 751 2965 tio,
804 2904 889 2953 sod
928 2904 1080 2952 ctiam
1124 2903 1260 2966 volqi
1302 2918 1422 2954 usus
1451 2905 1696 2969 intelligit.

654 2977 917 3027 Eflrenata
938 2979 1117 3026 autem
1141 2977 1222 3026 his
1244 2991 1330 3027 vv.
1352 2978 1550 3041 Lydiae
1572 2992 1702 3028 exa-

653 3052 846 3113 gitatur
881 3049 1070 3108 libido,
1119 3052 1314 3117 quippe
1354 3066 1490 3116 quae
1538 3054 1698 3103 etiam

652 3123 948 3189 procellosa
970 3126 1125 3174 nocte
1149 3125 1203 3174 in
1224 3127 1500 3189 angiportu
1523 3126 1700 3190 aliquo

654 3197 923 3248 adulteros
967 3201 1257 3261 exspectet.
1305 3227 1359 3236 —-
1407 3200 1701 3251 Incredibi-

651 3271 760 3323 lem
796 3274 848 3323 in
884 3272 1106 3323 modum
1137 3286 1309 3337 nuper
1331 3289 1598 3326 nonnemo
1622 3277 1699 3327 sic

653 3348 919 3412 exposuit:
945 3348 1032 3398 «In
1048 3346 1279 3399 solitario
1296 3351 1589 3414 angiportu,
1607 3353 1697 3414 qui

653 3423 956 3486 angiportus
997 3421 1292 3473 bacchatur
1331 3426 1499 3487 magis
1535 3438 1697 3488 quam

652 3496 889 3561 aquilo.»
957 3497 1086 3548 Mire
1130 3499 1290 3549 etiam
1330 3498 1700 3564 Dillenburger

653 3575 721 3637 (in
765 3571 890 3622 edit.
927 3572 1008 3636 1.):
1071 3571 1280 3623 «Flebis
1323 3575 1491 3637 magis
1534 3589 1696 3639 quam

651 3647 904 3699 Thracius
938 3649 1157 3707 ventus,
1196 3659 1320 3697 cum
1355 3649 1457 3699 sub
1483 3648 1699 3699 interlu-

651 3724 736 3773 nia
770 3720 1113 3784 bacchatur»,
1151 3721 1205 3771 id
1227 3724 1325 3784 est,
1365 3724 1551 3774 «fletus
1574 3727 1696 3773 tuus

650 3795 926 3860 superabit
948 3797 1229 3860 strepitum
1252 3795 1563 3860 aquilonis.»
1597 3797 1695 3847 Alii

651 3871 852 3919 mutata
887 3869 1219 3921 distinctione
1254 3871 1357 3921 sic:
1398 3872 1561 3922 «Cum
1598 3870 1694 3921 tibi

651 3957 803 3994 amor
858 3947 912 3994 et
965 3943 1126 3995 libido
1173 3947 1312 3996 circa
1368 3946 1518 3996 iecur
1570 3959 1697 3997 sae-

649 4019 759 4068 viet
790 4020 959 4082 magis
993 4032 1157 4084 quam
1197 4021 1447 4072 Thracius
1480 4024 1691 4083 ventus,

651 4094 741 4157 qui
763 4092 864 4144 sub
886 4094 1166 4144 interlunia
1189 4093 1532 4146 bacchatur.»
1587 4096 1693 4147 Sed

649 4168 786 4217 haec
818 4169 1143 4218 constructio
1165 4181 1429 4233 perquam
1448 4172 1531 4222 est
1552 4170 1695 4220 diffi-

650 4241 761 4294 cilis
796 4245 851 4292 et
883 4244 1122 4294 contorta
1155 4247 1497 4308 praestatque
1533 4243 1694 4309 expli-

1774 1560 1902 1611 alias
1939 1559 2124 1611 solet.»
2182 1560 2329 1611 Ovid.
2360 1563 2513 1612 Trist.
2541 1562 2562 1611 4
2588 1600 2599 1623 ,
2637 1564 2696 1623 2,
2724 1564 2815 1613 29:

1771 1636 1962 1686 Boreas
2009 1636 2280 1684 bacchatur
2328 1634 2392 1685 ab
2436 1637 2602 1687 Arcto.
2680 1639 2822 1688 Con—

1774 1710 1976 1758 iectura
2027 1722 2124 1760 sua
2175 1710 2416 1760 bacchata
2465 1710 2567 1760 boc
2608 1710 2823 1762 volebat

1774 1783 2069 1834 Bentleius:
2109 1785 2285 1833 «Cum
2320 1787 2374 1834 tu
2398 1787 2566 1848 magis
2587 1785 2823 1836 baccha-

1775 1857 1904 1908 bere
1940 1871 2103 1921 quam
2124 1860 2314 1909 ventus
2336 1859 2587 1910 Thracius
2611 1860 2711 1911 sub
2736 1862 2823 1911 in-

1773 1932 2057 1983 terlunia.»

1774 2011 1829 2057 et
1860 2008 2067 2058 meritO.

2126 1934 2294 1983 Nemo
2337 1934 2513 1984 adhuc
2554 1935 2816 1999 probavit,

1841 2108 1917 2159 44.
1972 2109 2185 2174 furiare]
2222 2110 2273 2158 in
2310 2110 2543 2161 furorem
2578 2111 2813 2175 adigere,

1773 2185 1832 2234 ut
1863 2184 2002 2246 Virg.
2043 2186 2173 2233 Aen.
2199 2185 2248 2245 2,
2287 2183 2408 2235 407:
2445 2185 2641 2249 furiata
2659 2191 2821 2236 mento

1774 2258 2031 2308 Coroebus,
2103 2257 2242 2321 Virg.
2291 2260 2381 2308 Ge.
2419 2260 2478 2320 3,
2530 2260 2652 2311 266:
2707 2262 2820 2310 Sci—

1772 2333 1883 2382 licet
1932 2338 2049 2382 antc
2097 2346 2264 2382 omnes
2309 2333 2458 2396 furor
2500 2341 2569 2385 cst
2612 2337 2820 2400 insiqm's

1773 2422 2033 2471 aquarum.

1839 2514 1919 2563 ⁴5.
1955 2514 2254 2579 ulcerosum]

1773 2586 1877 2637 bus
1912 2601 2213 2649 corrosum,
2266 2590 2462 2639 misere
2497 2591 2818 2652 exagitatum

1773 2665 1994 2726 propter
2047 2663 2299 2713 ardorem
2355 2662 2606 2724 libidinis,
2667 2665 2816 2715 cuius

1773 2736 1933 2787 sedes
1966 2739 2050 2787 est
2083 2738 2280 2786 iecur.»
2348 2738 2500 2788 Idem
2534 2741 2632 2798 est,
2671 2737 2816 2801 quod

1773 2812 2048 2861 Petronius
2073 2811 2166 2861 ⁴7:
2202 2813 2359 2861 saevit
2387 2814 2442 2862 in
2466 2813 2816 2874 praecordiis:

1773 2887 1827 2933 et
1849 2885 1925 2934 sic
1950 2885 2255 2948 frequenter
2282 2885 2467 2937 Celsus
2491 2887 2630 2937 circa
2648 2892 2817 2948 pectus

1770 2985 1801 2995 -
1833 2960 1976 3008 dolor
2010 2959 2074 3022 (2,
2111 2958 2180 3020 8.)
2205 2973 2269 3009 ac
2298 2958 2504 3011 similia.
2532 2960 2635 3011 Cfr.
2663 2960 2816 3010 Hand

1773 3034 1922 3084 Turs.
1965 3034 2029 3083 11.
2075 3047 2128 3097 p.
2175 3034 2256 3084 62.
2322 3035 2543 3085 Theocr.
2583 3038 2663 3096 44,
2719 3036 2812 3086 46;

1775 3122 1926 3167 exam
1959 3102 2308 3196 ὑποκάρδιον
2350 3101 2517 3172 ἕλκος
2560 3105 2816 3180 Κύπριος

1772 3183 1837 3234 ἐκ
1889 3178 2170 3248 μεγάλας,
2230 3176 2270 3233 ἅ
2329 3184 2389 3233 οἱ
2442 3178 2618 3249 ἥπατι
2672 3180 2815 3247 πᾶξε

1771 3255 2068 3322 βέλεμνον.
2138 3256 2214 3307 Id.
2287 3257 2367 3318 43,
2436 3260 2525 3309 7⁴:
2594 3255 2815 3319 χαλεπὰ

1770 3327 1880 3403 γὰρ
1932 3325 2049 3382 ἴσω
2102 3327 2242 3394 θεὸς
2307 3323 2463 3403 ἧπαρ
2527 3348 2811 3398 αμυσσεν.

1770 3409 1901 3472 Epp.
1950 3408 1998 3468 4,
2039 3408 2119 3468 48,
2157 3408 2249 3458 72:
2308 3409 2816 3458 Nonancillatuwn

1767 3483 1907 3532 iecur
1937 3482 2120 3531 ulceret
2149 3482 2257 3531 ulla
2281 3495 2486 3543 puerve.
2557 3483 2816 3544 Hierony-

1771 3569 1892 3607 mus
1933 3557 2028 3620 Ep.
2067 3555 2147 3607 64.
2185 3569 2238 3620 p.
2285 3557 2398 3607 355
2436 3557 2599 3606 Ven.:
2664 3557 2813 3605 Vola-

1760 3637 1881 3693 ptas
1910 3636 1959 3681 et
1990 3632 2389 3693 concupiscentia
2418 3631 2569 3680 iuxta
2602 3644 2701 3693 003,
2726 3631 2813 3692 qui

1769 3707 1828 3756 de
1885 3707 2104 3768 physicis
2158 3706 2431 3769 disputant,
2488 3707 2707 3756 consistit
2757 3706 2813 3755 in

1766 3793 1941 3830 secoro.

1833 3873 2008 3924 47-49.
2048 3873 2218 3937 pubes]
2256 3872 2352 3923 Od.
2376 3875 2426 3934 2,
2452 3873 2502 3935 8,
2529 3875 2620 3924 ⁴7:
2654 3874 2809 3934 Adde,

1767 3950 1899 4009 quod
1902 3947 2058 4010 pubes
2068 3948 2155 3997 libi
2164 3949 2343 3997 crescit
2359 3951 2531 3997 oms.
2552 3974 2581 3985 -
2600 3949 2813 3998 «hodera

1762 4023 1953 4084 virens,
1988 4023 2267 4087 helim-{ines
2288 4024 2476 4085 Epheu,
2500 4025 2646 4086 pulla
2664 4037 2813 4084 myr-

1764 4102 1869 4159 tus,
1905 4097 2244 4161 dunkelyria'na
2259 4099 2474 4159 Mum.»
2498 4099 2684 4150 Voss«
2718 4099 2811 4149 Est

1765 4172 1909 4223 enim
1918 4175 2125 4235 myrtus
2136 4172 2317 4223 viridis
2327 4175 2381 4223 et
2389 4173 2659 4237 subnigra,
2681 4187 2812 4237 qua-

1764 4245 1842 4297 les
1877 4249 2001 4297 sunt
2037 4247 2087 4296 in
2131 4246 2277 4297 Italia
2313 4246 2804 4311 frequentissimae;

2293 2507 2594 2577 «tamquam
2630 2513 2818 2564 ulceri-
