3234 4975
1197 400 1315 448 [ΑΒ.
1355 400 1392 447 1.
1467 398 1524 447 C.
1564 398 1783 448 xxvffl.

832 554 1092 618 Tartara
1138 552 1534 619 Panthoiden
1579 555 1812 619 iterum
1856 554 2029 619 Orco

489 675 886 750 hemissum,
935 673 1250 759 quamvis,
1298 672 1509 760 clipeo
1555 673 1827 739 Troiana
1872 673 2072 739 refixo

822 797 1139 882 Tempora
1182 804 1478 870 testatuS,

1526 792 1680 859 nihil
1723 792 1889 859 ultra

485 957 729 1020 Nervos
773 962 968 1038 atque
1014 963 1229 1018 cutem
1272 951 1460 1017 morti
1506 961 1919 1017 concesserat
1963 961 2172 1027 atrae,

823 1071 1042 1138 Iudice
1087 1082 1149 1137 te
1198 1092 1326 1137 non
1372 1070 1677 1137 sordidus
1721 1082 1947 1138 auctor

532 1262 611 1313 44.
651 1261 711 1323 te]
747 1273 825 1310 mo
856 1260 1048 1310 Nescio
1083 1260 1202 1323 quis
1238 1258 1382 1323 apud
1417 1259 1879 1322 Cuninghamium.

401 1433 488 1479 tur
521 1442 580 1477 «a
615 1431 757 1478 terra
780 1429 1018 1487 amotus,
1055 1423 1315 1475 ablatus»
1355 1423 1455 1488 (Al-
1527 1426 1752 1475 Pausan.
1791 1426 1852 1485 2,
1905 1426 1983 1475 ⁴7.
2034 1427 2178 1489 Diog.
2219 1430 2388 1478 Laert.
2428 1431 2483 1489 8,
2523 1431 2571 1479 5.

402 1508 572 1554 teram
609 1502 1100 1566 interpretationem
1129 1502 1347 1550 secutus
1372 1501 1452 1549 est
1526 1499 1700 1549 Schol.
1748 1500 1817 1550 ad
1859 1501 2018 1564 Soph.
2066 1501 2255 1552 Electr.
2302 1504 2384 1552 62.
2424 1505 2571 1553 Ovid.

403 1577 640 1635 Liibker‚
677 1589 784 1625 non
819 1575 946 1625 satis
981 1573 1263 1623 attendens
1291 1564 1452 1624 ἀντί-

402 1652 595 1713 θεσιν,
645 1650 774 1712 (etsi)
812 1649 1034 1698 conviva
1084 1647 1308 1697 deorum
1344 1649 1448 1696 cet.

403 1729 588 1777 Nostra
639 1738 706 1774 ex
751 1725 952 1774 ratione
1001 1725 1110 1772 est:
1166 1722 1449 1781 Tithonus,

404 1802 500 1851 etsi
544 1802 597 1849 in
640 1797 850 1849 caelum
896 1796 964 1847 ab
1000 1798 1202 1846 Aurora
1248 1798 1449 1860 raptus,

403 1878 580 1925 tamen
606 1873 836 1935 denique
861 1869 1079 1932 occidit,
1115 1872 1237 1933 quia
1263 1870 1454 1919 coniux

405 1945 852 1998 immortalitatem
899 1946 948 1995 ei
1000 1958 1031 1992 a
1082 1945 1204 1994 love
1256 1942 1454 2008 pacisci

405 2021 566 2071 oblita
603 2020 753 2083 erat.)

466 2096 515 2145 9.
567 2095 747 2158 Minos]
785 2092 975 2155 Odyss.
1028 2107 1087 2153 τ,
1138 2091 1261 2141 479ε
1314 2086 1452 2152 Διὸς

402 2167 658 2237 μεγάλου
695 2162 1001 2238 ὀαριστής,
1050 2167 1141 2229 qui
1186 2166 1453 2216 admissus

402 2245 622 2295 secretis
647 2244 782 2292 lovis
806 2240 1079 2304 colloquiis
1103 2240 1171 2289 ab
1197 2254 1262 2290 eo
1286 2239 1449 2302 legeS‚

404 2332 535 2382 quas
572 2316 819 2367 Cretibus
843 2315 1023 2377 daret,
1061 2316 1361 2377 acceperat.
1394 2340 1448 2349 —

402 2392 690 2455 habentque]
744 2393 804 2440 ut
850 2390 990 2453 Virg.
1041 2391 1171 2439 Aen.
1212 2389 1268 2448 ⁴,
1322 2389 1448 2437 555:

405 2468 496 2518 Sin
531 2472 576 2517 te
597 2494 620 2503 -
645 2468 830 2516 Pontus
858 2464 1017 2515 habet.

470 2543 548 2591 ⁴0.
588 2542 667 2590 44.
711 2539 943 2604 Tartara]
982 2535 1228 2589 hocloco
1253 2551 1357 2587 non
1383 2537 1450 2587 de

404 2617 777 2667 damnatorum
801 2614 931 2664 sede
950 2651 962 2673 ,
990 2612 1088 2663 sed
1111 2612 1179 2662 de
1202 2614 1452 2662 universo

403 2693 565 2751 Or00,
604 2691 658 2739 et
690 2689 767 2739 sic
803 2689 907 2738 iam
932 2688 1134 2737 Graeci.
1189 2687 1452 2750 Theognis

405 2764 558 2814 4036:
596 2755 738 2813 ὅταν
771 2756 951 2812 αὐτὸν
986 2756 1221 2826 (θνητὸν
1249 2754 1451 2830 ἄνδρα)

403 2832 510 2908 ἔχῃ
546 2834 840 2909 Τάρταρος
874 2832 1113 2906 ἢερόεις.
1145 2864 1199 2871 -
1224 2837 1456 2886 Panthoi-

404 2913 523 2976 den]
581 2912 726 2962 Iliad.
788 2925 829 2960 π
850 2947 864 2971 ,
923 2911 1055 2961 808:
1117 2907 1452 2975 Πανθοίδης

405 2980 744 3056 Εὔφορβος,
797 2981 866 3048 ὃς
909 2979 1139 3051 ἡλικίην
1171 2984 1453 3035 ἐκέκαστο

387 3055 589 3126 ’Ἐγχεΐ
615 3060 669 3110 θ’
703 3056 996 3130 ἱπποσύνῃ
1030 3074 1092 3109 τε
1127 3055 1372 3110 πόδεσσί
1392 3074 1453 3109 τε

403 3133 869 3206 καρπαλίμοισιν.
913 3139 956 3184 Α
980 3133 1220 3184 Menelao
1243 3134 1453 3184 occisus

406 3211 515 3268 est;
561 3211 845 3274 propterea
895 3209 1045 3271 Argis
1094 3206 1295 3272 clipeus
1339 3209 1453 3258 eius

403 3286 608 3335 dicatus
659 3284 844 3333 lunoni
899 3282 997 3345 (vel
1047 3283 1342 3342 Minervae,
1399 3285 1458 3331 ut

402 3360 476 3408 ait
509 3358 766 3408 Maximus
800 3358 990 3419 Tyrius
1026 3357 1109 3417 ⁴6,
1145 3358 1195 3406 2.
1233 3356 1325 3405 ubi
1351 3354 1457 3406 ele-

402 3437 588 3495 ganter
618 3433 898 3482 historiam
931 3431 1147 3494 narrat).
1219 3432 1360 3493 lam,
1398 3433 1457 3480 ut

403 3509 615 3556 veteres
666 3505 1072 3568 fabulabantur,
1127 3506 1454 3569 Pythagoras

405 3579 707 3629 affirmabat
740 3593 799 3630 se
839 3581 1049 3630 Troiani
1083 3578 1209 3630 belli
1244 3582 1455 3645 tempo—

406 3654 553 3704 ribus
599 3655 759 3705 fuisse
803 3654 1177 3718 Euphorbum,
1231 3659 1344 3706 tum
1389 3670 1455 3706 ex

404 3727 517 3779 aliis
551 3729 603 3778 in
637 3728 736 3778 alia
771 3730 1030 3791 migrasse
1054 3742 1305 3793 corpora,
1342 3733 1457 3780 tan-

404 3803 530 3852 dem
565 3804 922 3866 Pythagoram
959 3803 1174 3853 sactum.
1247 3806 1342 3854 Cui
1376 3806 1453 3854 rei

404 3880 464 3926 ut
499 3876 659 3926 fidem
695 3877 923 3938 faceret,
967 3875 1196 3940 clipeum
1233 3879 1286 3928 in
1321 3882 1456 3930 tem-

403 3948 491 4013 plo
527 3950 664 3999 inter
696 3950 794 4000 alia
828 3945 1185 4017 ἀναθήματα
1215 3953 1448 4014 affixum,

404 4037 589 4085 suum,
618 4038 739 4074 cum
763 4026 1082 4091 Euphorbus
1105 4030 1266 4086 esset,
1293 4028 1453 4079 fuisse

405 4098 782 4158 contendebat,
820 4102 1028 4163 hocque
1060 4102 1233 4164 ipsum
1259 4115 1452 4151 nomen

407 4173 718 4236 inscriptum
753 4171 923 4237 clipeo
960 4188 1080 4224 mox
1115 4178 1305 4239 rostro,
1356 4177 1453 4226 de·

405 4250 599 4307 trac‘t0,
649 4261 715 4298 eo
766 4251 1039 4312 repertum
1085 4263 1206 4300 esse
1256 4250 1449 4300 ferunt.

1526 1574 1649 1624 Met.
1690 1575 1781 1635 ⁴5,
1834 1574 1947 1624 ⁴63.
2004 1601 2057 1610 —
2097 1578 2277 1625 iter-tem
2312 1578 2439 1628 Orco
2472 1580 2576 1629 De-

1523 1648 1746 1713 missum]
1786 1668 1810 1694 α
1824 1649 1933 1699 Etsi
1968 1647 2425 1716 παλιγγενεσίαν,
2471 1667 2577 1716 με·-

1524 1720 1936 1786 τεμψύχωσιν,
1986 1738 2148 1788 quam
2185 1727 2443 1787 docebat,
2491 1726 2576 1777 illo

1527 1797 1689 1847 modo
1725 1801 1946 1850 testatus
1982 1803 2125 1862 erat,
2176 1804 2357 1852 tamen
2398 1802 2577 1851 denuo

1526 1872 1662 1920 mori
1698 1873 1746 1921 ei
1782 1886 2007 1924 necesse
2043 1875 2140 1924 fuit
2171 1889 2420 1939 nuncque
2450 1888 2575 1925 eum

1528 1946 1720 1996 retinet
1742 1947 1926 2009 Orcus,
1954 1948 2112 1998 hodie
2137 1962 2402 2013 nusquam
2426 1962 2577 2000 com-

1527 2022 1738 2082 paret.»
1796 2022 1874 2071 De
1924 2025 2318 2073 constructione
2358 2023 2423 2073 cs.
2467 2026 2571 2074 Sat.

1526 2094 1576 2154 2,
1627 2095 1688 2155 ὅ,
1736 2093 1817 2145 49.
1864 2094 2030 2145 Plaut.
2082 2098 2232 2162 Capt.
2273 2098 2330 2157 3,
2375 2100 2431 2157 5,
2482 2097 2570 2148 34:

1529 2169 1740 2229 Quando
1777 2196 1807 2206 -
1844 2196 1873 2207 -
1913 2175 1959 2220 te
1994 2173 2146 2220 morti
2185 2174 2384 2222 misero.
2430 2172 2571 2235 Virg.

1525 2243 1657 2292 Aen.
1707 2244 1768 2303 2,
1814 2243 1938 2293 398:
1984 2246 2166 2294 multos
2206 2247 2448 2296 Danaum
2489 2248 2577 2296 de—

1524 2316 1766 2365 mittimus
1800 2318 1944 2367 Orco.

1593 2390 1673 2438 42.
1713 2390 1792 2439 43.
1828 2391 1953 2441 nihil
1982 2392 2121 2442 ultra
2144 2393 2266 2457 cet.]
2295 2395 2575 2458 «corporis

1527 2463 1803 2514 dumtaxat
1864 2468 2139 2517 exuvias.»
2219 2467 2576 2539 Περίφρασις

1527 2538 1627 2587 ista
1678 2552 1783 2588 non
1836 2543 1945 2590 tam
1998 2542 2195 2591 ironica
2240 2541 2325 2592 vel
2372 2544 2573 2592 comica

1526 2615 1634 2673 est,
1674 2615 1733 2662 ut
1755 2613 1950 2676 opinati
1973 2617 2097 2664 sunt
2116 2617 2434 2680 interpretes
2458 2619 2578 2680 qui-

1526 2686 1683 2746 dam,
1722 2700 1883 2750 quam
1919 2689 2180 2750 significat
2202 2692 2573 2753 Pythagoram,

1527 2760 1800 2824 Euphorbi
1831 2774 1956 2810 cum
1981 2761 2212 2826 clipeum
2234 2768 2573 2826 monstraret,

1527 2834 1855 2895 affirmasse,
1883 2850 1960 2896 se,
1989 2838 2147 2887 animi
2173 2838 2577 2889 immortalitatis

1527 2912 1763 2970 certum,
1807 2924 2002 2975 corpus
2037 2914 2194 2962 morti
2229 2912 2575 2965 libentissime

1529 2986 1892 3047 concessisse,
1948 3000 2073 3036 cum
2118 2989 2232 3050 ipse
2278 3002 2342 3037 ex
2388 2988 2488 3039 alia
2523 2991 2574 3040 in

1528 3058 1687 3109 aliam
1723 3059 1949 3109 formam
1985 3063 2300 3112 transiturus
2325 3066 2486 3114 esset.
2518 3091 2573 3101 —

1528 3136 1718 3184 Nervos
1750 3139 1901 3195 atque
1933 3136 2108 3199 cutem]
2146 3138 2416 3187 Immerito
2440 3138 2575 3189 haec

1529 3222 1558 3257 a
1595 3209 1778 3258 nescio
1824 3222 1931 3270 quo
1973 3211 2247 3273 tamquam
2282 3212 2439 3262 nimis
2473 3214 2575 3262 hu-

1530 3281 1672 3332 milia
1728 3283 1890 3345 atque
1947 3282 2155 3334 abiecta
2211 3289 2335 3335 sunt
2390 3300 2578 3349 repre-

1527 3358 1715 3407 hensa.
1790 3352 1870 3406 Τό
1917 3355 2100 3428 δέρμα
2147 3355 2322 3409 τοῦτο
2363 3361 2463 3410 καὶ
2505 3356 2579 3410 τὰ

1531 3424 1679 3481 ὀστᾶ
1713 3431 1810 3481 καὶ
1834 3428 1937 3493 τὰς
1959 3430 2209 3501 σάρκας,
2244 3431 2350 3496 τῆς
2370 3431 2577 3498 ψυχῆς

1527 3503 1816 3565 χλαινίδια
1856 3506 1957 3556 καὶ
1995 3500 2174 3575 ῥάκια
2213 3501 2436 3571 ἀσθενῆ
2478 3510 2578 3557 καὶ

1527 3577 1771 3652 τρύχινα
1790 3617 1803 3640 ,
1880 3574 2255 3651 ἄπορῥίπτειν
2319 3575 2577 3646 ἄσμενον

1527 3655 1720 3707 suadet
1753 3657 2011 3706 Maximus
2045 3658 2168 3718 Tyr.
2208 3655 2294 3716 ⁴3,
2334 3658 2381 3705 5.

1595 3731 1675 3781 44.
1744 3732 1911 3780 Iudice
1943 3732 2004 3795 te]
2040 3732 2138 3790 Qui
2161 3731 2452 3793 Archytam
2475 3731 2577 3781 hoc

1528 3807 1720 3854 nautae
1756 3805 1935 3855 dicere
1973 3807 2237 3865 statuunt,
2292 3804 2576 3870 explicant:

1530 3879 1736 3929 «iudice
1782 3881 1982 3943 pariter
2015 3883 2070 3930 et
2114 3883 2167 3930 te
2211 3884 2266 3931 et
2307 3880 2573 3938 omnibus,

1528 3955 1619 4017 qui
1653 3954 1721 4004 de
1758 3955 2055 4016 Pythagora
2096 3968 2335 4019 unquam
2369 3955 2577 4004 inaudi-

1526 4030 1770 4077 verunt.»
1833 4028 2206 4079 coniecturam
2238 4030 2404 4079 Iudico
2433 4042 2513 4077 me
2545 4041 2573 4076 a

1530 4102 1670 4151 lanio
1706 4103 1980 4165 receptam
2017 4104 2284 4153 neminem
2322 4104 2425 4152 iam
2450 4115 2577 4165 pro-

1528 4176 1778 4226 baturum
1814 4190 1936 4228 esse
1973 4177 2199 4227 confido.
2248 4206 2300 4214 —
2338 4191 2437 4226 non
2472 4189 2578 4226 sor-

1527 4250 1688 4314 didus]
1724 4252 1807 4301 Sic
1842 4253 2016 4302 Livius
2051 4251 2141 4313 30,
2180 4251 2259 4302 45.
2298 4250 2575 4313 Polybium
