3234 4975
1220 400 1422 450 LIBER.
1495 401 1691 451 CARM.
1735 403 1796 451 11.

2548 404 2619 438 'QG-0

2562 425 2626 465 )ἷ)

797 557 919 620 Aut
962 555 1153 620 amite
1200 553 1322 620 levi
1368 575 1515 620 rara
1561 554 1764 621 tendit
1809 557 1998 630 retia,

886 674 1115 740 Turdis
1159 674 1469 741 edacibus
1516 674 1736 752 doloS,

790 794 1236 882 Pavidumque
1260 794 1553 882 leporem
1578 807 1645 862 et
1665 795 1984 864 advenam
2008 796 2244 885 laqueo
2271 820 2497 886 gruem
2542 803 2623 866 35

876 915 1163 982 Iucunda
1209 924 1422 1002 captat
1465 918 1773 1003 praemia.

787 1035 948 1114 Quis
989 1055 1118 1101 non
1163 1035 1510 1110 malarum,
1558 1058 1725 1124 quas
1769 1058 1952 1106 amor
1995 1060 2188 1108 curas
2234 1040 2461 1118 habet,

871 1157 1047 1222 Haec
1092 1155 1256 1222 inter
1301 1155 1755 1225 obliviscitur?

515 1372 594 1422 35.
632 1373 937 1421 Pavidumve
987 1370 1253 1421 Bentleius
1304 1373 1443 1422 coni.
1484 1398 1540 1408 —
1602 1373 1684 1422 36.
1725 1374 1820 1424 Hic
1854 1387 1906 1424 v,
1945 1376 1996 1426 in
2032 1376 2070 1425 B
2105 1375 2321 1426 ultimus
2356 1380 2453 1428 est.
2495 1404 2551 1414 —

515 1445 594 1494 37.
632 1445 884 1494 maloi-tom
915 1443 1081 1508 pr.b,
1119 1446 1246 1495 item
1272 1443 1523 1506 Aldinae,
1560 1446 1747 1496 Bothe.
1789 1448 1866 1510 (Ut
1889 1460 2015 1508 noS,
2053 1448 2199 1499 BScd
2235 1452 2290 1499 et
2310 1463 2449 1499 corr.
2479 1452 2553 1510 b.)

450 1639 552 1690 bus
608 1637 920 1703 piscatoriis,
991 1635 1161 1700 Plagis
1212 1639 1393 1689 autem
1442 1640 1498 1688 et

450 1712 691 1764 cassibus
749 1711 1035 1762 utebantur
1089 1712 1142 1761 in
1204 1725 1458 1777 aprorum
1480 1750 1492 1771 ,

449 1799 797 1852 caprearum,
850 1798 1135 1836 cervorum
1184 1787 1491 1848 venatione,

449 1860 651 1911 retibus
695 1861 747 1910 in
792 1860 979 1910 avibus
1026 1862 1081 1909 et
1129 1860 1368 1923 piscibus
1403 1874 1497 1910 ca-

447 1935 673 1999 piendis.
709 1933 930 1985 Martial.
958 1934 1016 1994 3,
1041 1934 1105 1983 58
1123 1972 1134 1993 ,
1160 1935 1251 1984 28:
1285 1935 1384 1985 Aut
1403 1936 1497 1985 im-

440 2010 665 2071 peditam
714 2008 932 2058 cassibus
975 2010 1129 2071 res'ere
1176 2010 1397 2059 daniam.
1437 2038 1492 2046 —

445 2083 597 2147 dolos]
617 2083 895 2133 manifesto
915 2084 997 2132 est
1013 2083 1274 2147 appositio
1291 2084 1359 2132 ad
1384 2085 1498 2133 ten-

448 2171 508 2208 sa
530 2158 660 2208 retia
677 2195 689 2216 ‚
729 2170 830 2206 nec
856 2156 1115 2218 significat
1143 2170 1293 2206 escas.
1332 2157 1492 2207 Turdi

446 2231 627 2295 (cordi,
665 2244 692 2281 e
724 2230 1001 2293 beccafichi)
1038 2231 1344 2280 etiamnunc
1377 2232 1492 2280 sine

447 2304 550 2355 ulla
601 2317 726 2354 esca
776 2304 845 2352 ab
900 2302 1039 2353 italis
1090 2303 1245 2353 buius
1284 2304 1493 2366 aucupii

447 2390 708 2442 perquam
740 2376 992 2426 studiosis
1028 2377 1308 2440 capiuntur
1341 2376 1494 2428 illici-

447 2450 548 2501 bus
571 2450 798 2516 (civeoee),
835 2450 1115 2501 formidine
1140 2450 1373 2517 (loyoro),
1411 2464 1495 2502 re-

447 2525 619 2585 tibus,
664 2525 885 2589 laqueis.
954 2526 1147 2576 Edaces
1180 2529 1362 2577 autem
1395 2540 1494 2575 vo·-

447 2603 657 2660 cantur,
711 2600 833 2662 quia
868 2599 1074 2649 semina
1108 2602 1269 2663 atque
1305 2600 1494 2664 impri-

446 2676 548 2725 mis
583 2674 804 2737 iuniperi
840 2672 1002 2723 bacas
1025 2675 1274 2723 continuo
1303 2675 1492 2724 rostris

446 2749 719 2811 appetunt.
757 2745 976 2797 Martial.
1013 2745 1049 2796 l.
1075 2745 1108 2797 l.
1135 2747 1225 2796 26:
1263 2747 1360 2796 Sed
1383 2751 1493 2796 ten-

445 2821 518 2870 dit
549 2821 710 2870 avidis
740 2825 845 2869 rete
876 2820 1134 2869 subdolum
1166 2821 1342 2869 turdis.
1381 2819 1494 2870 Pal-

445 2893 616 2945 ladius
666 2893 952 2944 Decembri
997 2894 1057 2943 6:
1121 2895 1354 2956 Tempore
1400 2894 1492 2943 hoc

439 2982 534 3031 per
580 2969 786 3018 hunnile-5
817 2968 971 3017 silvas
1012 2973 1059 3017 et
1104 2967 1239 3017 bacis
1276 2967 1492 3030 secunda

441 3044 668 3107 virgulta
716 3044 786 3093 ad
834 3043 1008 3091 turdos
1048 3046 1096 3092 et
1143 3047 1333 3092 ceteras
1375 3054 1493 3091 aves

443 3118 710 3179 capiendas
762 3117 966 3178 laqueos
1018 3116 1257 3178 eaepedire
1309 3127 1492 3165 conve-

443 3191 561 3240 niet.
612 3192 714 3240 Hoc
733 3204 889 3253 usque
921 3191 974 3239 in
1005 3191 1253 3240 Martium
1278 3200 1493 3239 mensem

444 3266 670 3314 tendetur
700 3266 988 3327 aucupium.
1032 3292 1087 3300 —
1129 3263 1390 3327 advenoen]
1430 3277 1490 3313 «e

445 3351 641 3400 genere
675 3340 1028 3389 adventicio.»
1077 3339 1243 3388 Varro
1268 3340 1325 3389 R.
1353 3340 1410 3387 R.
1438 3337 1488 3398 3,

444 3413 502 3472 ὅ,
539 3412 587 3460 7.
627 3410 753 3461 Plin.
782 3414 841 3462 H.
870 3415 930 3462 N.
972 3413 1065 3471 40,
1103 3412 1193 3473 23,
1232 3412 1325 3462 3οτ
1365 3411 1490 3462 Cor-

447 3484 606 3534 nelius
627 3486 791 3546 Nepos
811 3511 841 3522 -
861 3512 890 3522 -
912 3498 1026 3534 cum
1058 3485 1290 3535 scriberet
1322 3486 1496 3534 turdos

439 3558 614 3620 penaio
646 3563 764 3607 ante
794 3564 988 3620 coeptos
1006 3558 1263 3620 saqinari,
1299 3558 1493 3607 addidit

443 3633 663 3681 ciconias
691 3633 856 3695 mais
890 3632 1096 3694 placere
1128 3644 1283 3692 quam
1311 3645 1487 3693 erues,

443 3705 1556 3773 ewnhaecnuncalesinterpfimas‚

442 3784 742 3842 metatur,
781 3779 922 3829 illam
951 3792 1094 3828 nenio
1124 3778 1241 3827 velit
1271 3779 1492 3842 actiqisse

445 3859 600 3916 (nunc
620 3851 728 3903 itali
754 3855 996 3903 neutram
1020 3851 1315 3915 attingunt).
1356 3851 1484 3902 ibid.

443 3928 498 3978 34
524 3941 535 3975 :
590 3928 633 3976 Ε
682 3927 951 3990 lonqinquo
999 3927 1170 3976 venire
1220 3926 1485 3989 (ciconias)

441 4015 542 4052 non
573 4001 798 4063 dubim,
835 4002 1002 4051 eodem
1035 4014 1133 4062 quo
1153 4012 1304 4064 qrues
1322 4001 1487 4061 modo,

385 4114 392 4119 ,
442 4076 556 4125 illas
602 4075 800 4136 hiemis,
857 4076 949 4124 lias
996 4075 1202 4124 aestatis
1250 4074 1486 4124 advenas.

447 4178 501 4187 -
522 4150 806 4214 Anapaesti
832 4148 938 4199 duo
955 4149 1259 4212 pavidumvo
1273 4174 1295 4184 -
1311 4147 1489 4210 laqueo

1567 1636 1765 1702 leporis
1781 1651 2001 1690 cursum
2018 1643 2074 1689 et
2088 1639 2323 1691 volatum
2339 1643 2483 1705 gruis
2500 1643 2620 1695 imi-

1569 1712 1791 1764 tandum
1814 1711 2057 1764 consulto
2080 1713 2273 1765 delecti
2295 1715 2561 1767 videntur.

1634 1787 1715 1836 37.
1761 1787 1844 1838 38.
1884 1788 2128 1849 Qus-‘snos
2151 1789 2275 1853 cet.]
2316 1790 2475 1850 «Quis
2510 1804 2616 1841 non

1566 1860 1847 1922 malarum,
1887 1859 2234 1912 molestarum
2269 1876 2522 1914 curarum
2555 1877 2620 1914 ac

1567 1934 1979 1985 sollicitudinum
2001 1974 2013 1995 ,
2084 1949 2223 2000 quae
2297 1936 2618 1988 seminarum

1567 2021 1782 2059 amores
1806 2009 2154 2068 comitantur,
2192 2023 2284 2061 rus
2313 2010 2496 2062 colens
2525 2012 2621 2062 ob-

1566 2080 1887 2133 liviscitur‘i»
1955 2084 2101 2133 Inter
2139 2085 2338 2135 amoris
2378 2085 2617 2135 remedia

1565 2157 1729 2205 vitam
1764 2157 2014 2207 rusticam
2054 2161 2109 2207 et
2130 2160 2471 2208 venationem
2508 2159 2620 2210 lau-

1566 2227 1660 2277 dat
1674 2229 1835 2278 etiam
1855 2230 2069 2280 Ovidius
2088 2231 2144 2280 R.
2167 2235 2227 2280 Α.
2252 2246 2335 2281 vv.
2376 2233 2473 2282 469
2491 2246 2612 2297 sqq.

1567 2299 1716 2352 Nulla
1759 2315 1980 2365 prorsus
2021 2304 2157 2353 inest
2202 2302 2483 2355 difficultas
2517 2320 2616 2357 ne-

1566 2388 1672 2438 que
1726 2376 1779 2424 in
1835 2378 2245 2427 constructionis
2301 2380 2614 2431 attractione

1564 2448 1673 2513 (τις
1706 2441 1777 2500 οὗ
1813 2450 2129 2511 κακίστων,
2165 2445 2238 2515 ἃς
2271 2446 2416 2523 ἔρως
2447 2446 2616 2517 ἀνίας

1564 2519 1718 2585 ἔχει,
1754 2522 2135 2586 λανθάνεται;
2170 2528 2276 2576 Sat.
2306 2529 2327 2576 4
2355 2566 2366 2587 ,
2394 2528 2483 2588 40,
2523 2528 2610 2578 46:

1563 2599 1669 2660 Illi,
1722 2600 1913 2661 scripta
1944 2600 2122 2659 quibus
2152 2601 2410 2651 comoedia
2440 2603 2615 2663 prisca

1561 2673 1796 2722 viri-sest.
1833 2673 2014 2736 virgil.
2049 2678 2181 2724 Aen.
2208 2675 2266 2735 8,
2306 2675 2439 2738 469.)
2463 2713 2474 2735 ,
2513 2688 2613 2725 ne-

1546 2759 1672 2809 .que
1708 2748 1761 2796 in
1812 2747 1993 2797 verbis
2044 2749 2192 2811 ipsis.
2261 2746 2393 2798 Illud
2436 2749 2615 2812 potius

1565 2820 1789 2870 concedi
1824 2823 2026 2884 potest,
2064 2822 2203 2872 hanc
2225 2822 2278 2871 in
2302 2820 2615 2873 feneratoris

1564 2907 1658 2943 ore
1709 2907 1956 2945 amorum
2018 2896 2348 2946 mentionem
2408 2894 2614 2946 ridiculi

1563 2967 1764 3032 aliquid
1796 2970 2101 3031 continere,
2152 2971 2251 3021 etsi
2286 2970 2445 3034 ipsis,
2493 2970 2613 3033 qui-

1563 3042 1667 3092 bus
1709 3044 1873 3093 utitur
1912 3045 2053 3095 vitae
2095 3044 2325 3095 rusticae
2370 3044 2614 3108 imagini—

1562 3116 1668 3167 bus
1718 3115 1883 3168 Alfius
1933 3119 2109 3167 virum
2160 3117 2440 3169 robustum
2488 3131 2611 3169 sese

1563 3204 1686 3242 esse
1723 3189 1864 3242 clare
1900 3191 2175 3254 siguificat.
2245 3191 2489 3243 Aldinam
2530 3189 2611 3243 le-

1563 3267 1796 3317 ctionem
1823 3267 2103 3326 mtim-um,
2143 3279 2282 3330 quae
2318 3268 2497 3316 tamen
2522 3278 2613 3315 an-

1560 3341 1782 3404 tiquitus
1826 3341 1933 3391 iam
1974 3340 2208 3390 fautores
2243 3339 2496 3388 habuisse
2530 3339 2614 3387 vi-

1561 3413 1721 3463 detur
1757 3415 1894 3464 teste
1930 3413 2062 3463 Cod.
2100 3411 2155 3461 b.
2193 3424 2224 3459 a
2257 3423 2340 3473 pr.
2379 3423 2475 3469 m.,
2511 3412 2611 3461 nisi

1563 3490 1742 3538 tamen
1809 3487 1860 3536 in
1928 3486 2031 3534 hoc
2099 3483 2195 3534 suit
2261 3496 2414 3532 error
2481 3496 2611 3533 casu

1561 3561 1883 3610 commissus
1907 3561 2223 3619 matureque
2248 3569 2279 3605 a
2304 3558 2611 3606 correctore

1560 3633 1912 3693 emendatuS,
1950 3631 2145 3681 nostris
2180 3642 2366 3679 rursus
2401 3630 2614 3693 tempo-

1561 3706 1711 3757 ribus
1747 3708 2032 3770 patronum
2068 3704 2336 3753 invenisse
2370 3703 2455 3752 vix
2490 3714 2612 3753 cre-

1560 3779 1721 3831 dibile
1769 3780 1997 3830 videtur.
2056 3775 2315 3827 Videlicet
2364 3776 2433 3826 ita
2479 3787 2612 3827 con-

1559 3854 1778 3904 struxit:
1835 3853 1945 3915 quis
1977 3853 2108 3901 inter
2147 3851 2268 3899 haec
2300 3863 2401 3899 non
2433 3848 2611 3899 oblivi-

1557 3928 1715 3976 scitur
1761 3939 1940 3986 curas,
1993 3936 2120 3986 quas
2163 3935 2311 3972 amor
2357 3923 2611 3973 malem

1558 4000 1739 4052 habet?
1762 4002 2070 4063 comparato
2089 3998 2237 4047 Ovid.
2258 3999 2381 4049 Met.
2405 3997 2453 4057 4,
2480 3996 2603 4048 ⁴40:

1561 4088 1677 4136 opes
1696 4074 2018 4122 imitamenta
2037 4071 2305 4122 malorum.
2344 4070 2448 4121 Sed
2472 4083 2612 4120 amo-

1559 4161 1669 4198 rem
1688 4147 1944 4197 malomm
1966 4146 2070 4197 hoc
2095 4158 2257 4197 sensu
2273 4145 2455 4195 dicere
2480 4157 2611 4193 nun-

443 4227 497 4274 et
530 4224 831 4287 tribrachys
875 4237 968 4286 que
1007 4223 1115 4286 lopo
1149 4223 1217 4272 ad
1252 4221 1486 4272 celerem
1563 4234 1723 4285 quam
1740 4219 2446 4284 poteratHoratius.—Haec
2461 4218 2607 4282 inter]
