3234 4975
1256 935 1712 1039 Q.HORAT11
1742 934 1963 1026 FLAG
1975 934 2058 1026 CI

1052 1151 2285 1333 CARMINUM

1364 1448 1596 1515 LIBER
1639 1448 1986 1516 TERTIUS.

1373 1800 1972 1863 cml-

1018 1978 1145 2046 Odi
1189 1980 1529 2066 profanum
1572 1978 1800 2067 volgus
1844 1990 1909 2046 et
1952 2002 2185 2059 arce0;

720 2161 757 2208 1.
805 2160 972 2208 inser.
1009 2156 1147 2221 volg.
1181 2158 1258 2207 Aa
1289 2159 1496 2208 chortam
1525 2159 1783 2222 viminum
1814 2165 1859 2209 et
1884 2172 2181 2223 puerorum,
2220 2164 2274 2211 et
2297 2162 2373 2211 sic
2396 2162 2485 2212 Bc.
2529 2189 2582 2198 —-
2617 2164 2695 2213 Ad

664 2234 840 2283 choros
870 2232 1127 2296 virginum
1158 2238 1206 2283 σι
1231 2245 1512 2294 puerorum
1544 2233 1610 2293 T,
1668 2233 1795 2284 item
1830 2247 1967 2283 corr.
2005 2234 2060 2284 b.
2128 2262 2181 2270 —
2255 2236 2333 2285 Aa
2364 2236 2585 2286 indoctos
2614 2237 2650 2286 b
2676 2275 2687 2298 ‚

655 2309 786 2358 item
823 2322 852 2358 c
887 2309 1009 2372 post
1041 2308 1275 2370 priorem
1310 2308 1467 2359 inser.
1511 2335 1566 2346 —-
1604 2309 1719 2358 Om.
1759 2308 1809 2357 S.

655 2469 692 2517 Ι.
765 2469 989 2518 Rectum
1044 2467 1112 2517 de
1168 2465 1334 2517 rebus
1388 2466 1636 2517 humanis

588 2541 842 2593 iudicium
893 2555 958 2592 ac
1016 2542 1313 2605 sapientem
1363 2542 1502 2590 vitae
1552 2539 1638 2589 fu-

587 2618 731 2679 gacis
773 2628 931 2667 usum
977 2614 1321 2666 commendat
1352 2616 1510 2678 poeta
1545 2627 1636 2664 se-

586 2704 693 2755 que
728 2691 903 2755 ipsum
946 2688 1155 2740 felicem
1190 2688 1489 2754 praedicat,
1544 2688 1636 2752 qui

587 2764 732 2828 quod
765 2763 991 2814 voluerit
1023 2766 1128 2813 iam
1162 2763 1389 2827 adeptus
1422 2763 1490 2813 sit
1537 2775 1638 2812 ne-

586 2852 691 2901 que
716 2837 849 2890 ultra
871 2837 1165 2901 quidquam
1193 2838 1425 2902 appetat.
1483 2835 1638 2886 Prin-

585 2912 768 2976 cipalis
819 2914 903 2962 est
951 2908 1153 2978 γνώμη
1203 2925 1256 2960 v.
1293 2913 1386 2961 25:
1449 2911 1637 2962 «Desi-

585 2986 741 3046 dera,
796 2986 940 3049 quod
991 2987 1119 3037 satis
1166 2986 1299 3036 est.»
1368 2987 1483 3035 Non
1518 2986 1634 3035 sine

585 3073 748 3111 causa
790 3062 970 3109 autem
1007 3060 1311 3121 sententiis,
1366 3072 1503 3122 quas
1537 3058 1635 3108 ali-

584 3134 794 3198 quoties
843 3135 949 3184 iam
995 3135 1345 3194 tractaverat,
1398 3132 1635 3197 splendi-

583 3209 864 3259 dissimum
898 3210 1174 3273 praemisit
1223 3207 1526 3269 exordium,
1575 3211 1635 3258 ut

584 3285 754 3333 totum
804 3296 1021 3334 carmen
1072 3281 1230 3333 simul
1280 3285 1424 3334 esset
1471 3281 1633 3333 veluti

581 3358 917 3421 prooemium
959 3355 1079 3408 libri
1110 3354 1300 3422 μελῶν
1336 3358 1473 3407 tertii
1505 3372 1537 3408 a
1572 3370 1632 3407 se

583 3433 740 3493 editi,
818 3446 1031 3483 memor
1082 3432 1306 3484 fortasse
1359 3434 1631 3498 praecepti

581 3508 839 3558 Pindarici
887 3507 1095 3573 Olymp.
1139 3509 1198 3570 6,
1243 3511 1301 3558 ⁴:
1361 3507 1632 3578 Χρυσέας

581 3577 1015 3646 ὑποστάσαντες
1064 3576 1312 3643 εὐτειχεῖ
1358 3579 1629 3654 προθύρῳ

578 3654 851 3722 θαλάμου
883 3658 1124 3719 Κίονας,
1161 3651 1240 3720 ὥς
1274 3650 1372 3708 ὅτε
1403 3654 1628 3724 θαητὸν

577 3734 831 3802 μέγαρον
852 3769 865 3792 ,
941 3727 1233 3798 Πάξομεν·
1292 3726 1626 3803 ἀρχομένου

577 3804 625 3856 δ’
684 3800 853 3876 ’ἔργου
911 3804 1224 3877 πρόσωπον
1279 3803 1392 3878 χρὴ
1448 3807 1627 3873 θέμεν

579 3879 872 3948 τηλαυγές.
898 3909 951 3920 --
980 3883 1390 3948 compositionis
1411 3885 1625 3946 tempus

577 3956 784 4006 definiri
842 3957 1054 4020 nequit:
1116 3957 1315 4007 Franke
1369 3970 1418 4006 a.
1473 3956 1622 4018 726.‚

577 4031 834 4080 Kirchner
893 4035 948 4080 et
998 4031 1345 4082 Walckenaer
1402 4044 1450 4080 a.
1505 4031 1621 4081 736.

578 4105 830 4155 Ceterum
866 4107 963 4156 etsi
999 4119 1090 4156 sex
1126 4107 1302 4170 priora
1326 4106 1483 4156 huius
1505 4104 1626 4156 libri

578 4181 814 4230 carmina
839 4180 1022 4232 similis
1047 4183 1228 4247 utique
1247 4183 1457 4245 generis
1481 4183 1622 4243 sunt,

577 4255 630 4304 id
664 4259 774 4318 est,
824 4256 1069 4308 didactici
1105 4259 1247 4320 (nam
1271 4258 1352 4307 his
1376 4256 1625 4308 omnibus

1711 2466 1968 2529 castigare
1992 2468 2277 2532 praecipua
2299 2468 2600 2532 aequalium
2633 2469 2756 2519 vitia

1711 2542 1766 2590 et
1785 2540 1986 2603 bonos,
2013 2543 2299 2593 iuventutis
2322 2543 2608 2607 imprimis,
2637 2557 2758 2593 mo-

1709 2628 1799 2666 res
1822 2615 2141 2667 confirmare
2165 2616 2387 2678 studet),
2426 2615 2530 2666 noli
2554 2618 2752 2677 tamen,

1710 2691 1769 2739 ut
1808 2702 1950 2739 nunc
1990 2702 2109 2740 mos
2156 2693 2268 2750 est,
2328 2692 2379 2739 in
2422 2691 2602 2741 nescio
2648 2703 2756 2753 quo

1710 2762 1863 2827 cyclo
1915 2765 2029 2814 sive
2081 2777 2279 2815 arcano
2329 2765 2468 2814 inter
2517 2778 2581 2815 ea
2616 2777 2755 2815 nexu

1709 2838 1992 2889 statuendo
2036 2839 2194 2888 nimis
2235 2853 2299 2889 ac
2331 2851 2499 2903 prope
2536 2837 2754 2889 ridicule

1708 2914 1968 2975 argutam
2005 2912 2376 2963 huiuscemodi
2413 2915 2554 2964 enim
2590 2914 2756 2963 artifi-

1708 2987 1790 3036 cia
1825 3000 1855 3036 a
1888 3000 2018 3037 vera
2050 2988 2201 3051 poesi
2233 3001 2455 3051 prorsus
2489 2991 2613 3039 sunt
2634 2987 2757 3038 alie-

1707 3074 1793 3111 na.
1843 3062 2177 3125 Quamquam
2202 3062 2370 3125 magis
2393 3061 2571 3112 sobrie
2595 3064 2754 3125 atque

1707 3134 2080 3199 intelligentius
2135 3135 2188 3185 in
2246 3149 2366 3186 eam
2434 3136 2753 3187 sententiam

1708 3210 1993 3274 disputavit
2017 3204 2385 3274 Dillenburger
2406 3224 2459 3275 p.
2480 3211 2536 3261 8⁴
2551 3249 2562 3260 .
2590 3223 2755 3274 quam

1707 3285 1953 3336 Monich..
1982 3312 2037 3320 —
2073 3286 2236 3336 Recte
2278 3286 2479 3335 Franke
2517 3298 2572 3349 p.
2621 3285 2751 3334 487:

1707 3361 2098 3419 «Quaerentem
2122 3371 2237 3421 me,
2277 3373 2385 3424 quo
2410 3360 2625 3410 tandem
2652 3360 2756 3409 im-

1704 3432 1863 3498 pulsu
1897 3434 2198 3484 Venusinus
2231 3434 2301 3485 ad
2334 3435 2470 3484 haec
2517 3435 2753 3484 carmina

1705 3521 1927 3572 prorsus
1967 3506 2249 3572 singularia
2294 3508 2582 3560 scribenda
2625 3521 2754 3573 per-

1704 3584 1881 3632 motus
1925 3583 2018 3642 sit,
2072 3596 2177 3633 non
2220 3584 2389 3647 pudet
2431 3596 2619 3634 eorum
2654 3582 2754 3633 ad-

1703 3656 1942 3722 stipulari
1994 3658 2317 3718 sententiae,
2395 3659 2484 3721 qui
2536 3659 2752 3707 Horatio

1700 3729 1785 3781 vel
1821 3744 1851 3780 a
1886 3733 2194 3783 Maecenate
2237 3729 2322 3781 vel
2358 3732 2426 3781 ab
2463 3733 2579 3795 ipso
2615 3733 2753 3782 Cae-

1700 3819 1819 3856 sare
1866 3807 1917 3856 id
1964 3808 2159 3870 negotii
2200 3806 2585 3856 demandatum
2630 3817 2753 3856 esse

1701 3882 1953 3945 suspicati
1980 3882 2105 3931 sunt
2120 3919 2132 3941 ,
2169 3881 2229 3930 ut
2249 3881 2456 3930 virtutis
2480 3892 2755 3931 commen-

1699 3956 1911 4006 datione
1962 3954 2161 4005 labenti
2194 3954 2553 4004 Romanorum
2590 3953 2753 4004 disci-

1697 4029 1870 4096 plinae
1905 4029 2247 4080 succurreret
2265 4030 2426 4091 atque
2449 4027 2752 4092 aequalium

1700 4107 1916 4171 pectora
1952 4104 2106 4154 bonis
2141 4102 2569 4166 salutaribusque
2591 4115 2751 4166 prae·
2812 4144 2823 4150 -

1701 4181 1870 4246 ceptis
1903 4179 2222 4230 imbueret.»

1766 4256 1812 4305 4.
1875 4253 1996 4318 Odi]
2047 4252 2272 4317 «Volgus
2322 4266 2481 4304 verae
2536 4251 2752 4315 sapien-
