3234 4975
1185 436 1302 486 Lm.
1342 437 1379 485 1.

1452 435 1509 484 c.
1548 433 1651 482 vn.
2408 430 2490 494 49

1067 867 1782 931 cmm

551 1036 931 1105 Laudabunt
971 1037 1077 1104 alii
1121 1037 1361 1105 claram
1404 1037 1675 1105 Rhodon
1720 1047 1829 1103 aut
1871 1037 2217 1127 Mytilenen

474 1265 579 1316 Vll.
650 1267 815 1316 lnscr.
862 1263 997 1329 volg.
1064 1266 1142 1316 Aa
1181 1267 1238 1315 L.
1281 1267 1568 1316 Munatium
1607 1265 1847 1316 manetem
1887 1266 2215 1317 consular-un.
2263 1293 2317 1302 —
2359 1268 2436 1318 Aa

410 1338 703 1391 Nmnatt'wn
750 1341 990 1392 Plancum
1043 1354 1126 1405 pr.
1181 1341 1232 1391 S.
1289 1342 1442 1404 (corr.
1488 1341 1774 1392 Munatium
1827 1343 1883 1390 et
1931 1343 2053 1390 ante
2107 1354 2156 1391 v.
2213 1341 2292 1392 45.
2360 1342 2437 1392 Aa

410 1413 684 1478 Ρῑαηααπ.)
750 1416 791 1466 Τ
824 1416 1017 1466 omisit.
1060 1442 1114 1453 -·
1154 1417 1200 1466 4.
1238 1416 1504 1478 Mitylenen
1535 1413 1805 1480 plerique,
1849 1415 2010 1466 etiam
2031 1415 2076 1465 J.

412 1621 518 1672 vu.
578 1622 655 1673 De
699 1622 754 1671 L.
800 1622 1017 1674 Munatii
1057 1620 1235 1672 Planci
1283 1623 1389 1672 vita

351 1694 565 1747 eonsule
598 1696 873 1746 Drumann
906 1697 1184 1747 Goechichte
1206 1698 1388 1758 Rom'S,

352 1770 433 1820 tv.
469 1783 523 1834 p.
560 1771 674 1821 207.
720 1769 916 1821 Consul
937 1772 1200 1822 Munatius
1222 1770 1319 1821 fuit
1339 1785 1387 1821 a.

350 1857 401 1894 u.
441 1857 488 1893 c.
534 1845 649 1895 742.
695 1844 1035 1909 coloniasque
1078 1845 1392 1909 Lugdunum

353 1922 405 1968 et
436 1921 728 1982 Augustam
761 1921 1120 1971 Rauracorum
1156 1920 1390 1971 deduxit.

352 1993 585 2044 Primum
635 1996 925 2046 Caesarem
974 1998 1191 2046 secutus
1214 2034 1226 2056 ,
1272 1997 1397 2059 post

353 2068 467 2117 eius
487 2069 755 2119 interitum
781 2070 846 2132 (a.
868 2082 920 2119 u.
942 2083 989 2119 c.
1016 2071 1150 2134 740.)
1184 2083 1284 2135 per
1305 2067 1396 2119 ali—

357 2142 499 2205 quod
520 2145 733 2207 tempus
757 2144 999 2195 Ciceroni
1033 2147 1193 2209 atque
1228 2146 1397 2195 omni-

354 2216 455 2268 bus
477 2257 489 2276 ‚
552 2219 642 2282 qui
686 2217 913 2269 liberam
958 2232 1077 2269 rem
1126 2218 1394 2283 publicam

355 2294 633 2343 restituere
682 2292 949 2356 volebant,
996 2294 1145 2354 favit3
1199 2293 1394 2344 deinde

354 2367 723 2430 Octavianum,
766 2373 951 2434 postea
988 2370 1296 2430 Antonium,
1342 2383 1391 2419 a.

353 2442 464 2495 722.
526 2456 714 2495 rursus
777 2444 1118 2495 Octavianum
1181 2447 1396 2496 secutus

355 2523 463 2581 est,
497 2519 672 2570 morbo
697 2522 955 2581 proditor,
993 2522 1051 2569 ut
1084 2520 1156 2570 ait
1186 2520 1316 2570 Vell.
1342 2522 1392 2581 2,

353 2594 456 2655 83„
493 2596 586 2658 qui
620 2595 866 2655 omnino,
903 2594 1113 2654 Tiberii,
1149 2596 1302 2658 puto,
1338 2597 1398 2645 ut

353 2669 406 2719 in
438 2668 552 2720 aliis
588 2681 828 2733 quoque,
866 2669 1058 2718 iudicia
1092 2669 1393 2734 amplexuS,

354 2757 515 2808 saepe
561 2744 821 2804 odiosiuS‚
868 2757 1030 2808 quam
1083 2745 1397 2809 scriptorem

356 2818 665 2868 historicum
699 2817 882 2877 decet,
928 2818 996 2868 de
1032 2816 1224 2869 Planco
1258 2820 1397 2869 iudi-

355 2896 453 2943 cat.
532 2894 754 2957 Propter
802 2893 941 2942 hanc
992 2894 1395 2945 inconstantiam

355 2966 602 3018 omnibus
659 2968 775 3033 (ipsi
826 2982 1040 3033 quoque
1091 2970 1393 3031 Octaviano,

355 3042 450 3093 sed
474 3044 702 3105 secreto)
730 3057 941 3103 exosus,
980 3046 1158 3094 tamen
1179 3047 1400 3109 propter

357 3117 643 3180 ingenium,
682 3129 789 3180 quo
810 3117 1040 3179 valebat,
1068 3121 1122 3168 et
1143 3120 1267 3182 quia
1292 3119 1400 3169 for-

355 3194 513 3252 tasse,
552 3204 622 3242 ne
657 3193 878 3243 nimium
900 3192 1175 3257 neglectus
1198 3207 1287 3245 res
1310 3208 1403 3245 no-

356 3280 449 3317 vas
483 3266 776 3327 moliretur,
812 3267 897 3319 ille
939 3268 1186 3331 timebat,
1231 3270 1403 3320 hono-

358 3343 502 3392 ratus
536 3343 621 3392 est
654 3354 878 3393 censura
924 3355 972 3392 a.
1018 3356 1073 3394 u.
1111 3358 1158 3395 c.
1196 3345 1310 3395 732.
1348 3346 1404 3394 et

349 3415 688 3478 praefectura
738 3416 906 3468 urbis.
993 3419 1108 3478 Quo
1160 3420 1400 3483 tempore

357 3503 573 3540 carmen
617 3491 721 3540 boc
754 3495 1107 3557 compositum
1143 3496 1250 3554 est,
1295 3495 1402 3543 uti-

357 3577 460 3628 que
496 3566 637 3615 circa
673 3580 722 3616 a.
759 3580 813 3616 u.
852 3581 898 3617 c.
937 3569 1050 3618 722.
1096 3566 1180 3617 vel
1223 3567 1399 3632 paullo

356 3642 491 3702 post,
530 3640 756 3692 tortasse
791 3641 859 3692 de
893 3655 1114 3692 secessu
1147 3643 1199 3691 in
1235 3645 1401 3716 Grae·

359 3714 437 3764 cia
480 3715 724 3778 eligendo
775 3716 1062 3780 cogitabat,
1118 3715 1199 3766 vel
1253 3720 1398 3768 certe

358 3791 615 3841 maestitia
649 3792 809 3841 animi
843 3805 907 3842 ac
930 3790 1106 3841 taedio
1123 3790 1397 3843 laborasse

357 3863 580 3914 videtur.
652 3866 897 3917 Horatius
929 3867 1111 3917 autem
1141 3865 1226 3916 vel
1262 3868 1393 3931 ipse,

357 3952 422 3988 ne
488 3938 712 3991 Plancus
777 3940 978 3993 Italiam
1052 3940 1392 4005 relinqueret,

355 4013 597 4077 optabat,
641 4015 753 4075 vel,
799 4016 946 4079 quod
978 4016 1107 4066 mibi
1140 4014 1397 4080 probabi—

354 4085 453 4138 lius
484 4088 721 4151 videtur‚
759 4093 947 4141 nutum
980 4090 1211 4154 aliquem
1243 4103 1398 4141 secu-

355 4165 437 4213 tus
478 4165 775 4226 Octaviani,
828 4166 917 4229 qui
962 4163 1177 4215 nolebat
1220 4166 1394 4216 virum

356 4240 461 4288 tam
511 4237 769 4291 illustrem
820 4242 873 4290 in
923 4238 1135 4293 exilium
1179 4239 1391 4305 pulsum

356 4312 545 4375 videri,
591 4327 715 4364 cum
759 4314 1037 4379 tranquille
1080 4314 1259 4365 Tiburi
1293 4315 1393 4365 de-

518 4406 703 4452 Hoan.
739 4417 850 4453 voi..
885 4405 919 4453 1.
979 4417 1057 4453 tn.
1090 4418 1245 4454 imon
1276 4406 1346 4454 111.

1461 1634 1587 1685 gere
1630 1624 1841 1685 posset,
1887 1622 1990 1671 boc
2032 1622 2267 1672 carmine
2310 1623 2358 1672 ei
2393 1621 2504 1675 dis-

1462 1695 1680 1756 suadet,
1736 1709 1805 1746 ne
1855 1697 2130 1747 Graeciam
2180 1709 2305 1748 cum
2358 1697 2504 1749 ltalia

1463 1772 1661 1832 mutet3
1707 1769 1819 1830 vel,
1866 1772 1909 1821 si
1950 1772 2054 1821 hoc
2087 1770 2365 1822 consilium
2399 1786 2506 1824 non

1464 1844 1723 1907 agitabat,
1770 1847 1916 1895 certe
1960 1844 2220 1897 consolari
2262 1847 2377 1897 eius
2412 1860 2508 1898 ae-

1464 1919 1778 1982 grimoniam
1835 1920 2046 1980 studet,
2109 1922 2297 1971 Teucri
2352 1933 2510 1974 curas

1464 1995 1586 2043 vino
1643 1994 1913 2057 sapienter
1966 1994 2208 2046 lenientis
2264 1995 2510 2060 exemplo

1464 2068 1762 2132 proposito,
1809 2071 1868 2118 ut
1909 2068 2078 2120 simile
2129 2069 2259 2120 illud
2299 2070 2511 2123 Achillis

1468 2142 1633 2207 Epod.
1681 2143 1760 2193 43.
1841 2144 2256 2206 (Ommerenium
2296 2149 2513 2197 secutus

1465 2219 1615 2268 Estre
1654 2219 1776 2268 Hor.
1815 2219 1899 2268 Pr.
1934 2231 1988 2282 p.
2026 2219 2162 2280 3⁴4„
2199 2232 2306 2283 quo
2345 2221 2515 2271 Hora-

1466 2293 1599 2342 tium
1644 2306 1712 2342 «a
1746 2292 2000 2356 pudendo
2039 2291 2352 2345 adulationis
2386 2308 2513 2359 erga

1467 2365 1720 2416 Plancum
1753 2369 1808 2416 et
1841 2365 2066 2417 Dellium
2103 2369 2294 2432 (Carm.
2332 2370 2382 2430 2,
2420 2370 2511 2430 3.),

1466 2442 1712 2493 homines
1751 2442 2145 2506 turpissimoS‚»
2191 2445 2411 2495 crimine
2449 2443 2514 2495 li-

1467 2517 1704 2577 beraret,
1744 2518 2016 2567 contendit
2053 2519 2196 2569 baud
2232 2533 2325 2571 eos
2360 2520 2515 2570 intel-

1468 2590 1707 2654 ligendos
1742 2604 1890 2652 esse,
1937 2604 2072 2654 quos
2113 2594 2278 2642 ceteri
2314 2598 2514 2644 morta-

1467 2664 1545 2715 les
1579 2679 1608 2715 a
1643 2667 1800 2729 poeta
1823 2666 2119 2728 praedicari
2142 2670 2364 2717 censent
2385 2681 2516 2717 cen-

1468 2739 1772 2802 sebuntque
1816 2741 1978 2791 etiam
2009 2741 2062 2790 in
2096 2743 2390 2804 posterum,
2416 2743 2515 2793 sed

1470 2813 1599 2865 alios
1635 2815 1815 2865 nescio
1849 2827 1984 2879 quos
2019 2817 2158 2867 viros
2198 2816 2398 2881 probos
2432 2822 2515 2869 at-

1472 2903 1576 2954 que
1609 2892 1938 2950 innocenteS‚
1978 2891 2147 2954 qualis
2185 2893 2252 2957 (p.
2290 2892 2425 2956 490.)
2459 2908 2511 2944 v.

1473 2979 1519 3015 c.
1559 2966 1717 3016 fuerit
1755 2967 2015 3018 Munatius
2059 2967 2144 3018 ille
2190 2969 2320 3032 Epp.
2370 2970 2417 3030 4,
2464 2970 2513 3031 3,

1472 3041 1574 3103 34.)
1616 3066 1670 3077 -
1707 3042 1820 3092 Non
1856 3042 1969 3093 sine
2005 3041 2177 3092 fructu
2212 3056 2353 3092 nunc
2386 3057 2518 3094 con-

1472 3115 1648 3166 sulere
1703 3119 1849 3180 potui
1905 3118 2092 3181 Unger-i
2154 3118 2517 3169 doctissimam

1473 3191 1632 3241 buius
1666 3193 1914 3243 carminis
1936 3194 2427 3257 interpretationem
2449 3194 2511 3243 V.

1474 3266 1531 3315 R.
1567 3278 1622 3329 p.
1661 3266 1937 3317 362-394,

1538 3417 1586 3465 4.
1625 3414 1938 3480 Laudabunt]
1986 3416 2262 3466 «Laudent
2291 3429 2393 3480 per
2425 3430 2514 3468 nie

1471 3488 1644 3539 licet«
1686 3517 1742 3525 —
1777 3489 1989 3553 claram]
2026 3503 2149 3539 cum
2188 3493 2408 3553 propter
2440 3492 2516 3543 si-

1470 3567 1585 3615 tum
1620 3577 1933 3625 amoenum,
1970 3567 2183 3615 navium
2218 3566 2427 3629 copiam
2463 3568 2518 3616 et

1471 3643 1851 3703 quaestuosum
1902 3641 2287 3697 mercaturam,
2334 3642 2447 3691 tum
2483 3655 2513 3691 a

1468 3714 1719 3765 Romanis
1749 3714 2136 3777 frequentatam
2160 3716 2379 3778 propter
2399 3714 2514 3765 elo-

1469 3790 1718 3853 quentiae
1742 3789 1933 3840 studia.
1972 3816 2027 3825 —
2062 3790 2318 3851 Mytilene,
2355 3790 2514 3841 Lesbi

1468 3863 1599 3914 urbs
1634 3871 1681 3915 et
1711 3869 1903 3914 natura
1934 3869 1982 3913 et
2001 3865 2100 3914 situ
2120 3869 2169 3914 et
2188 3865 2514 3926 descriptione

1465 3941 1807 4004 aedificiorum
1838 3947 1886 3989 et
1907 3941 2280 4002 pulchritudine
2311 3941 2365 3990 in
2394 3943 2512 4003 pri-

1464 4017 1561 4065 mis
1591 4016 1770 4064 nobilis
1777 4028 1796 4075 ,·
1840 4015 1956 4080 apri
1986 4017 2191 4064 iucundi
2225 4020 2272 4066 et
2302 4016 2504 4079 fertiles.

1467 4091 1575 4141 Cic.
1614 4090 1683 4140 de
1717 4089 1833 4153 lege
1869 4103 1979 4153 agr.
2017 4091 2067 4152 2,
2106 4090 2185 4139 46.
2218 4118 2272 4126 -
2308 4091 2510 4151 Mytile-

1462 4179 1559 4215 nen
1625 4178 1766 4216 nunc
1832 4164 2017 4228 scripsi
2086 4177 2208 4214 cum
2275 4165 2508 4215 nummis

1464 4236 1994 4290 ΜΤΤΙΛΗΝΑΙΩΝ.
2048 4238 2153 4290 Cir.
2189 4237 2401 4289 Eckhel.
2440 4239 2501 4288 D.

1463 4317 1523 4366 N.
1562 4316 1625 4367 11.
1662 4329 1714 4380 p.
1752 4315 1865 4365 303.
1934 4313 2099 4378 Volgo
2131 4314 2414 4376 Mitylenen.

2136 4405 2165 4451 4
