3234 4975
653 361 678 426 sl
693 364 774 425 36

1424 365 1677 413 llORATll
1713 365 2045 414 CARMmUM

1302 667 2130 730 cmm·

898 865 1057 944 Quis
1101 864 1427 930 desiderio
1472 865 1553 930 sit
1596 865 1808 951 pudor
1851 875 1960 930 aut
2002 865 2233 931 modus

899 987 1048 1051 Tam
1094 985 1222 1052 cari
1270 986 1543 1073 capitis?
1585 987 1893 1074 Praecipe
1938 986 2242 1074 lugubres

904 1107 1166 1183 Cantus,
1215 1106 1647 1194 Melpomene,
1695 1108 1798 1174 cui
1842 1106 2149 1195 liquidam
2194 1119 2377 1195 pater

979 1230 1212 1294 Vocem
1255 1250 1402 1295 cum
1445 1229 1687 1296 cithara
1731 1228 1927 1295 dedit.

773 1436 944 1486 XXIV.
1015 1438 1179 1486 Inscr.
1216 1433 1352 1498 volg.
1422 1436 1497 1485 Aa
1533 1436 1810 1499 Virgilium.
1863 1463 1915 1471 -
1957 1436 2033 1485 Aa
2074 1437 2338 1486 Maronem
2387 1436 2646 1499 Vir-pilium
2679 1438 2730 1493 S,

707 1510 986 1571 Alloquitur
1024 1511 1283 1573 Virqilium
1316 1512 1371 1560 T.
1423 1537 1478 1544 —
1526 1511 1575 1559 2.
1613 1510 1840 1574 lugubris
1870 1511 2035 1571 BSTc,
2073 1509 2239 1561 Bentl.
2282 1538 2336 1547 —
2374 1511 2422 1562 3.
2459 1512 2653 1573 liquida
2673 1513 2728 1561 T.

713 1611 766 1618 —-
805 1585 852 1633 5.
893 1584 1212 1645 Quinctilium
1246 1586 1441 1635 LCtFJ:
1481 1586 1775 1646 Quintilium
1808 1585 1975 1636 codd.
2013 1587 2137 1643 mei,
2176 1585 2343 1637 Bentl.
2382 1588 2448 1637 M.

706 1761 878 1811 XXIV.
949 1763 1026 1812 De
1060 1762 1178 1824 ipso
1221 1759 1497 1820 Quinctilio
1541 1762 1680 1810 Varo
1757 1754 1800 1826 ἢ
1833 1757 2026 1823 πάσας
2059 1759 2458 1812 ἐπικαλεῖσθαι
2500 1759 2606 1826 τὰς
2640 1714 2800 1815 Met}-

644 1836 764 1886 vide
811 1836 879 1885 ad
921 1837 1016 1886 Od.
1062 1838 1111 1897 4,
1157 1836 1235 1886 48.
1305 1837 1382 1886 De
1418 1837 1681 1900 scriptura

642 1925 691 1959 v.
718 1913 777 1960 Α.
805 1913 858 1959 P.
885 1910 997 1962 438.
1037 1911 1390 1973 Hieronymus
1412 1912 1464 1962 in
1483 1912 1677 1962 Chron.

644 1984 709 2033 ad
746 1983 821 2035 Ol.
860 1986 972 2045 489,
1013 1986 1067 2034 i:
1117 1987 1435 2047 Quinctilius,
1490 1988 1683 2050 Virgilii

642 2066 688 2108 et
720 2061 917 2109 Horatii
947 2061 1235 2123 familiaris,
1269 2064 1514 2111 nwritur:
1553 2063 1682 2111 «im—

639 2147 722 2183 mo
782 2136 1059 2184 occiditur»
1116 2135 1442 2199 adscriptum
1494 2138 1574 2185 est
1628 2137 1680 2186 in

644 2208 774 2257 Cod.
812 2211 1041 2259 Ravenn.
1112 2209 1264 2268 Quod
1297 2211 1341 2261 si
1374 2225 1565 2261 verum
1600 2225 1683 2261 es-

641 2286 753 2343 set,
795 2285 1010 2347 poetam
1049 2298 1155 2333 uno
1196 2283 1386 2334 saltem
1424 2286 1591 2336 verbo
1628 2286 1681 2335 id

640 2357 1053 2418 significaturum
1086 2358 1244 2408 fuisse
1266 2359 1541 2423 probabile
1568 2365 1677 2421 est3

643 2431 741 2481 sed
777 2434 1051 2481 corrector
1084 2433 1360 2484 Ravennas
1394 2435 1536 2486 hunc
1571 2437 1682 2486 Ho-

642 2507 757 2556 ratii
813 2508 1044 2558 amicum
1101 2509 1311 2558 videtur
1376 2510 1679 2561 confudisse

640 2594 764 2631 cum
808 2582 945 2631 Varo
987 2596 1015 2632 a
1056 2584 1331 2634 Germanis
1379 2589 1678 2649 perempto.

645 2683 700 2692 -
739 2657 968 2707 Carmen
1010 2660 1365 2723 compositum
1408 2661 1492 2709 est
1526 2673 1576 2709 a.
1624 2674 1677 2709 u.

641 2744 688 2778 c.
727 2731 839 2780 730.

706 2805 752 2853 4.
791 2806 1058 2857 Pedestris
1081 2809 1331 2858 orationis
1356 2811 1681 2860 constructio

639 2879 774 2929 haec
810 2881 970 2930 soret:
1012 2883 1178 2941 «Quis
1213 2882 1460 2932 desiderii
1497 2885 1565 2933 sit
1586 2897 1685 2947 pu-

641 2953 767 3012 dor,
830 2955 947 3017 quis
999 2955 1264 3006 desiderio
1306 2958 1570 3008 modus‘tu
1624 2961 1684 3008 ut

641 3029 835 3078 Accius
869 3028 1013 3092 apud
1048 3031 1249 3079 Charis.
1287 3044 1338 3094 p.
1377 3033 1457 3080 50.
1501 3032 1679 3082 Lind.:

641 3104 738 3164 Qui
780 3117 901 3152 nam
951 3104 1324 3153 Tantalidarum
1363 3107 1683 3156 internecioni

643 3178 766 3238 (non
790 3177 1151 3237 internecionis,
1171 3181 1231 3227 ut
1246 3178 1354 3229 volt
1375 3180 1436 3229 H.
1458 3179 1679 3244 Peerlk.)

638 3253 813 3300 modus
828 3250 928 3299 sit?
957 3253 1068 3302 Iam
1092 3255 1370 3316 utramque
1394 3256 1678 3317 contraxit,

638 3329 698 3376 ut
729 3326 975 3377 Martialis
1008 3328 1066 3385 8,
1104 3325 1196 3386 64,
1242 3329 1328 3378 ⁴5:
1374 3329 1451 3378 Sit
1484 3332 1682 3380 tandem

632 3403 801 3463 pudor
831 3407 878 3450 et
908 3403 1082 3451 modus
1116 3404 1327 3464 rapinis.

703 3479 751 3526 2.
820 3477 1070 3540 Praecipe]
1126 3479 1307 3528 «Doce
1355 3492 1441 3529 me
1485 3494 1679 3531 canere

639 3551 848 3614 modos,
888 3551 1016 3601 dum
1053 3555 1108 3601 tu
1144 3567 1239 3601 eos
1272 3555 1472 3617 praeis,
1519 3569 1679 3619 prae-

638 3628 822 3677 cinis.»
865 3655 918 3662 -
956 3627 1181 3690 luyubris
1221 3628 1388 3678 Codd.
1428 3633 1510 3679 est
1541 3631 1681 3679 anti-

639 3702 794 3763 quior
827 3702 1087 3765 scriptura
1124 3715 1302 3752 accuS.
1340 3701 1506 3767 plur.,
1544 3718 1674 3754 non:

637 3777 937 3836 Melpomene
970 3777 1208 3840 lugubris,
1247 3781 1306 3827 ut
1326 3778 1559 3828 nonnulli
1579 3793 1681 3828 vo-

637 3849 862 3900 luerunt.

702 3925 747 3974 3.
789 3924 835 3974 t.
873 3927 1175 3987 Melpomene
1207 3925 1330 3976 alibi
1353 3928 1676 3990 tragoediae,

638 4000 724 4048 hic
747 3994 984 4068 θρήνου,
1023 4002 1262 4062 naeniae,
1299 4003 1466 4053 Musa.
1500 4001 1675 4052 Schol.

637 4072 892 4137 Apollonii
912 4075 978 4123 ad
999 4075 1047 4135 3,
1076 4077 1095 4125 4
1121 4090 1132 4123 :
1160 4074 1396 4142 Λέγεται
1413 4102 1437 4112 -
1453 4070 1683 4147 εὑρηκέ-

637 4163 730 4197 ναι
754 4173 781 4184 -
804 4147 1144 4216 Μελπομένη
1170 4147 1342 4217 ᾠδήν.
1386 4178 1439 4187 -
1459 4145 1681 4214 Ῥιανὸς

635 4222 698 4275 δέ
730 4239 874 4290 φησι
910 4223 1089 4290 μηδὲν
1138 4223 1428 4298 διαφέρειν
1466 4220 1506 4293 ἢ
1538 4227 1680 4291 μίαν

1756 1849 1883 1897 σας,
1922 1834 2098 1902 λέγων
2133 1828 2334 1900 οὕτως·
2370 1835 2570 1888 Πᾶσαι
2602 1837 2649 1888 δ’
2686 1841 2801 1889 εἰσ-

1756 1911 1971 1970 αΐουσι,
2007 1905 2149 1974 μιᾶς
2183 1904 2280 1960 ὅτε
2314 1906 2577 1978 τοῦνομα
2600 1911 2796 1977 λέξεις.

1758 1984 2115 2036 Pulcherrima
2138 1985 2500 2050 Melpomenes
2518 2002 2581 2037 ex
2601 1991 2800 2051 tragico

1757 2060 1934 2110 furore
1970 2072 2092 2110 sese
2129 2058 2422 2124 colligentis
2445 2063 2617 2126 imago
2641 2065 2723 2113 est
2745 2065 2798 2113 in

1755 2136 1924 2184 Museo
1944 2135 2133 2186 Pto-ct.
2161 2137 2221 2185 N.
2251 2136 2362 2185 494.
2390 2138 2428 2186 1.
2454 2138 2535 2187 26.
2573 2164 2628 2172 —
2653 2138 2802 2199 liqui—

1757 2209 1909 2257 dam-
1924 2210 2111 2274 Vocem]
2131 2210 2394 2260 «suaviter
2412 2211 2686 2272 fluentem,
2706 2224 2802 2275 pu-

1755 2296 1871 2332 ram
1896 2285 1950 2332 et
1984 2282 2233 2333 claram.»
2290 2272 2556 2346 Liquidum
2576 2287 2801 2334 anitnam

1755 2358 1904 2406 tibiae
1948 2357 2153 2407 dixerat
2196 2358 2301 2408 iam
2339 2359 2532 2417 Varro;
2587 2359 2799 2409 Hostius

1757 2430 1900 2495 apud
1932 2432 2166 2481 Macrob.
2217 2433 2321 2482 Sat.
2373 2434 2421 2494 6,
2459 2433 2516 2482 3:
2561 2447 2802 2496 vocesque

1754 2508 1990 2570 liquatae.
2062 2508 2207 2557 Ovid.
2256 2511 2371 2558 Am.
2422 2509 2468 2570 4,
2507 2509 2587 2567 43,
2625 2511 2682 2559 8:
2734 2511 2801 2559 Ec

1756 2585 1998 2646 liquidnm
2019 2584 2153 2632 tenui
2171 2589 2372 2647 quitur-e
2392 2590 2565 2634 cantat
2586 2586 2708 2634 avis.
2741 2613 2796 2620 -

1758 2658 1960 2719 Quibus
1994 2659 2319 2721 argumentis
2353 2672 2483 2709 usus
2517 2660 2578 2709 H.
2617 2658 2799 2710 Peerl—

1756 2736 1913 2798 kamp
1963 2734 2190 2796 primam
2242 2735 2518 2797 stropham
2569 2735 2799 2796 νοθείας

1757 2806 2094 2866 insimularit,
2164 2808 2305 2872 apud
2372 2809 2549 2872 ipsum
2613 2810 2796 2859 videre

1757 2896 1953 2946 operae
1990 2883 2220 2946 pretium
2255 2886 2353 2933 est.

1821 2959 1869 3007 5.
1936 2957 2092 3022 Erqo]
2135 2958 2227 3007 Est
2266 2957 2628 3008 admirationis
2672 2971 2797 3008 cum

1757 3044 2003 3081 maerore
2072 3032 2387 3082 coniunctae
2455 3031 2792 3082 exclamatio:

1760 3107 2000 3155 «Fierine
2043 3109 2244 3169 potest,
2291 3108 2384 3155 ut»
2432 3109 2557 3164 cet.,
2598 3111 2658 3156 ut
2689 3108 2793 3156 Sat.

1757 3180 1806 3238 2,
1833 3181 1881 3240 5,
1910 3181 1994 3229 404
2026 3195 2037 3228 z
2082 3182 2221 3244 Ergo
2252 3195 2386 3231 nunc
2416 3183 2587 3231 Dama
2616 3182 2801 3231 sodalis

1754 3255 2015 3316 Nusquam
2047 3257 2145 3305 est!
2202 3257 2357 3320 Prop.
2395 3256 2444 3315 3,
2481 3257 2530 3316 7,
2570 3257 2625 3305 4ε
2661 3258 2800 3319 Erqo

1755 3331 1994 3379 sollicitae
2026 3336 2081 3379 tu
2101 3344 2274 3390 causa,
2306 3331 2539 3392 pecunia,
2573 3332 2708 3380 vitae
2728 3334 2799 3380 es!

1755 3405 1804 3466 3,
1830 3405 1911 3465 23,
1941 3406 1994 3453 ⁴:
2030 3406 2168 3468 Erqo
2201 3410 2306 3454 tam
2341 3407 2512 3454 doctae
2542 3405 2681 3453 nobis
2703 3419 2800 3466 pe-

1752 3482 1885 3530 riere
1917 3479 2153 3529 tabellae!
2189 3479 2336 3529 ovid.
2376 3480 2525 3529 Trist.
2565 3479 2613 3538 3,
2652 3481 2699 3539 2,
2738 3481 2794 3528 ⁴:

1752 3558 1891 3619 Eryo
1925 3561 2034 3605 erat
2066 3556 2119 3603 in
2161 3556 2280 3618 satis
2312 3554 2567 3616 Scyth-'am
2607 3568 2801 3616 quoque

1750 3633 1908 3680 visere
1954 3631 2165 3680 nostris!
2212 3642 2348 3690 quae
2395 3631 2519 3678 sunt
2563 3630 2798 3692 ipsarum

1756 3705 2044 3766 elegiarum
2094 3703 2334 3760 exordia;
2389 3705 2548 3766 atque
2598 3702 2796 3752 utinam

1755 3780 1949 3830 eodem
1991 3778 2154 3830 modo
2186 3792 2238 3828 v,
2277 3780 2324 3828 5.
2373 3779 2661 3842 incepisset
2694 3777 2798 3826 hoc

1755 3868 1972 3904 carmen
2028 3854 2270 3904 Horatius
2325 3854 2524 3903 omissa
2578 3864 2801 3916 praece-

1755 3929 1915 3979 dente
1964 3930 2206 3992 stropha,
2265 3940 2369 3977 non
2410 3939 2630 3991 prorsus
2682 3926 2796 3975 sine

1757 4018 1919 4055 causa
1955 4006 2206 4068 optarunt
2240 4002 2462 4053 Hofman
2487 3999 2798 4063 Peerlkamp

1757 4081 1977 4140 eiusque
2015 4079 2239 4129 Criticus
2274 4077 2608 4128 Monacensis
2648 4074 2793 4125 4836.

1754 4152 2107 4291 μθῖῗὸθὶῖνροι]
2160 4227 2296 4289 Virg.
2354 4230 2479 4276 Aen.
2538 4226 2617 4286 40,
2672 4223 2793 4275 745:
