3234 4975
643 383 724 444 58

1414 381 1666 431 nolimu
1704 381 2038 458 CARMINUM

1339 730 2094 795 cmm

1106 873 1345 962 Lydia,
1392 874 1527 950 dic,
1574 894 1694 960 per
1736 892 1961 938 omnes

813 1001 897 1065 Te
943 997 1102 1063 deos
1147 1016 1293 1072 or0,
1342 993 1622 1082 Sybarin
1668 1014 1785 1060 cur
1827 1013 2142 1080 properes
2188 992 2462 1058 amando
2660 1043 2687 1077 ,

1109 1117 1425 1196 Perdere3
1473 1136 1589 1182 cur
1633 1115 1922 1202 apricum

810 1242 1036 1310 Oderit
1077 1260 1408 1327 campum,
1455 1236 1707 1325 patiens
1750 1235 2036 1324 pulveris
2080 1247 2275 1324 atque
2319 1235 2522 1302 solis?

1103 1401 1233 1467 Cur
1275 1419 1490 1487 neque
1543 1396 1833 1463 militaris
2761 1395 2800 1456 5

771 1601 901 1650 vlu.
971 1600 1135 1649 Inscr.
1175 1596 1310 1662 volg.
1372 1597 1455 1652 Ad
1485 1595 1713 1658 Lydiam.
1746 1622 1800 1631 —
1835 1596 1912 1645 Aa
1942 1595 2155 1657 Lydiam
2185 1595 2492 1646 meretricem
2525 1596 2575 1643 S.
2615 1594 2730 1643 Om.

707 1677 763 1726 T.
796 1703 848 1711 —-
874 1675 924 1724 2.
954 1674 1030 1739 Te]
1055 1675 1130 1724 Ho
1152 1687 1233 1737 pr.
1261 1676 1318 1734 T,
1343 1673 1447 1722 Hoc
1468 1685 1607 1722 corr.
1635 1671 1691 1731 T,
1717 1666 1842 1733 βλξ,
1869 1669 2098 1721 Pottierii
2122 1671 2386 1733 quattuor.
2417 1696 2472 1704 —-
2495 1682 2740 1731 properas

709 1750 937 1800 Pottierii
982 1752 1117 1808 tres,
1169 1746 1413 1797 Diomed.
1458 1760 1510 1810 p.
1558 1747 1673 1796 509.
1750 1746 1998 1795 Victoria.
2044 1759 2095 1810 p.
2143 1744 2290 1795 2533.
2371 1744 2635 1794 Fortunat.
2681 1757 2731 1808 p.

706 1824 855 1875 2683.
895 1826 949 1873 et
969 1824 1115 1873 2703.
1154 1822 1297 1873 haud
1329 1821 1554 1887 improb.
1591 1819 1759 1872 Bentl.
1804 1848 1856 1856 —-
1894 1820 2130 1882 Sybarim
2155 1820 2377 1882 BS,LCt.
2418 1820 2639 1882 (siban-im
2659 1819 2735 1880 T.)

708 2002 838 2051 VIII.
899 2000 1112 2051 Graecis
1155 1998 1457 2051 nominibus
1501 1999 1688 2063 imagi-

645 2089 769 2125 nem
822 2076 1023 2126 iuvenis
1064 2075 1285 2126 Romani
1327 2087 1508 2126 amore
1558 2086 1687 2138 per-

644 2151 738 2200 diti
773 2151 1005 2200 suaviter
1027 2153 1081 2200 et
1104 2150 1279 2200 iocose
1305 2149 1551 2213 depingit.
1606 2149 1685 2197 De

642 2226 784 2276 veris
817 2225 1062 2288 personis
1094 2224 1179 2273 vix
1204 2223 1559 2287 cogitandum.
1605 2224 1690 2271 ln-

644 2301 925 2350 nocentem
970 2303 1149 2350 autem
1201 2312 1265 2349 ac
1315 2299 1562 2349 festivum
1605 2298 1688 2346 io-

644 2388 767 2425 cum
801 2374 854 2423 in
888 2376 999 2424 toto
1034 2375 1136 2423 hoc
1170 2374 1404 2423 carmine
1438 2375 1497 2421 ut
1530 2384 1690 2434 agno-

642 2463 787 2511 scas,
835 2451 1021 2500 auctor
1057 2448 1151 2499 tibi
1193 2461 1339 2509 sum,
1387 2461 1521 2498 neve
1561 2459 1688 2497 cum

645 2539 847 2589 nupero
899 2527 1186 2589 interprete
1238 2525 1549 2575 Germanico
1589 2523 1689 2573 ad-

642 2614 833 2651 versus
883 2600 1135 2663 Sybarin,
1197 2599 1687 2649 innocentissimum

644 2674 1103 2725 adolescentulum
1152 2673 1432 2725 horribiles
1490 2675 1687 2723 excites

646 2750 963 2813 tragoedias.
1026 2751 1291 2813 (Tempus,
1329 2762 1435 2812 quo
1470 2761 1688 2798 carmen

644 2826 996 2889 compositum
1032 2827 1121 2885 sit,
1162 2826 1420 2874 incertum
1456 2826 1562 2877 est;
1598 2837 1690 2872 re-

644 2900 818 2950 ferunt
852 2900 1068 2963 quidam
1103 2899 1172 2949 ad
1208 2914 1256 2948 a.
1297 2913 1347 2949 u.
1387 2912 1433 2948 c.
1472 2899 1586 2948 727.
1630 2924 1685 2933 -

644 2976 720 3024 De
756 2976 929 3023 metro
980 2976 1035 3023 et
1074 2974 1309 3024 metricis
1344 2973 1538 3023 Latinis
1581 2969 1684 3032 (ed.

644 3048 802 3098 Gaist'.
840 3061 891 3110 p.
931 3048 1042 3096 447.
1084 3049 1195 3097 448.
1232 3048 1346 3097 229.
1384 3047 1519 3109 429.)
1584 3046 1690 3095 Hoc

644 3124 760 3172 deos
792 3135 881 3171 oro
924 3120 1220 3183 legentibus
1265 3121 1482 3173 consule
1515 3122 1688 3185 Bergk

646 3199 835 3247 Anacr.
874 3193 982 3245 Rel.
1020 3208 1074 3259 p.
1115 3196 1246 3258 426.)

710 3273 759 3321 2.
820 3270 1053 3334 Sybarin]
1106 3272 1207 3319 Per
1245 3271 1348 3321 hoc
1380 3272 1555 3335 ipsum
1588 3285 1690 3321 no-

645 3360 770 3397 men
823 3342 1037 3395 mollem
1080 3348 1134 3395 et
1175 3343 1460 3396 delicatum
1504 3346 1690 3396 adole—

644 3419 941 3473 scentulum
998 3420 1272 3482 significat.
1331 3448 1385 3456 —
1433 3422 1686 3486 properes]

645 3496 1049 3547 Coniunctivum
1101 3493 1168 3544 ab
1221 3495 1434 3546 Horatio
1477 3494 1689 3559 praela-

644 3574 757 3622 tum
806 3573 934 3635 puto
980 3572 1199 3634 propter
1246 3582 1297 3618 ν.
1352 3570 1537 3631 oderim
1589 3571 1688 3621 etsi

644 3648 940 3696 Pr1scianus
973 3659 1025 3710 p.
1066 3644 1209 3695 ⁴⁴46.
1247 3647 1335 3695 P.:
1395 3647 1553 3696 oderit
1589 3662 1689 3711 μι-

645 3716 823 3784 σήσοι
854 3714 994 3791 ἄρα,
1031 3721 1260 3782 quamvis
1291 3721 1421 3770 idem
1458 3722 1521 3770 sit
1552 3721 1689 3770 indo·-

644 3796 837 3843 cativus
881 3796 1059 3858 Ῑιιωή.
1129 3796 1187 3844 In
1239 3808 1390 3859 seqq.
1444 3795 1687 3846 indicati-

644 3882 740 3919 vos
774 3872 1073 3933 usurpavit,
1128 3884 1195 3920 ne
1240 3871 1396 3922 nimis
1438 3869 1592 3935 longa
1638 3872 1691 3920 et

646 3942 941 4006 languidior
980 3944 1135 3994 fieret
1168 3945 1399 3996 clausula
1441 3947 1691 4009 quattuor

645 4017 824 4068 verbis
876 4031 939 4067 ex
990 4033 1041 4067 v.
1089 4020 1167 4069 dic
1209 4020 1581 4083 pendentibus.
1634 4047 1686 4055 —

646 4094 879 4158 amando]
928 4093 1096 4143 «dum
1138 4108 1261 4145 eum
1296 4109 1478 4146 amore
1513 4095 1690 4145 irreti-

648 4173 757 4219 tum
796 4171 997 4218 tenes.»

714 4243 760 4294 4.
800 4243 1051 4307 canopum]
1099 4244 1359 4303 Martium,
1398 4244 1492 4295 soli
1529 4258 1689 4308 quam

1759 2000 1990 2048 maxime
2027 1997 2342 2061 expositum.
2385 2023 2439 2032 —-
2475 1998 2604 2048 Mira
2639 1997 2803 2047 inter-

1761 2072 1902 2122 cedit
1942 2071 2226 2122 similitudo
2271 2072 2484 2121 Horatio
2527 2073 2581 2121 et
2629 2071 2803 2122 Philo-

1760 2149 1925 2198 strato
1948 2148 2111 2211 Epist.
2152 2148 2233 2197 27.
2274 2147 2359 2196 ed.
2398 2148 2557 2211 Kay8.
2594 2161 2646 2211 p.
2685 2148 2798 2197 353.

1759 2222 2063 2294 Μειρακιῳ.
2090 2252 2121 2261 -
2143 2248 2172 2257 -
2196 2217 2317 2282 Οὖχ
2353 2221 2527 2273 ἵππον
2559 2219 2804 2284 ἀναβαί-

1759 2313 1893 2360 νεις,
1946 2292 2054 2348 οὐκ
2098 2299 2180 2360 εἰς
2222 2296 2577 2370 παλαίστραν
2619 2293 2804 2348 ἅπαν-

1759 2370 1888 2440 τᾷς,
1959 2367 2069 2432 οὐχ
2133 2367 2275 2438 ἡλίῳ
2337 2371 2505 2436 δίδως
2555 2371 2805 2424 σεαυτόν

1763 2448 1997 2514 (propter
2029 2461 2296 2510 amorem,
2344 2451 2401 2500 ut
2443 2449 2695 2513 Sybaris).
2744 2478 2799 2487 --

1755 2524 1966 2588 patiens]
2038 2525 2183 2583 «Qui
2251 2523 2376 2573 olim
2445 2524 2510 2585 (v,
2572 2525 2800 2586 44-12.)

1762 2600 1948 2663 Campi
1982 2598 2258 2663 pulverem
2293 2602 2402 2649 tam
2437 2598 2584 2649 facile
2609 2599 2806 2649 tolera-

1760 2673 1878 2733 bat,
1924 2676 2082 2736 atque
2118 2675 2421 2724 etiamnunc
2463 2674 2560 2724 hos
2593 2672 2804 2725 labores

1763 2748 2014 2811 defugere
2067 2748 2210 2797 haud
2261 2747 2545 2797 deberet.»
2620 2748 2803 2798 Plures

1762 2825 1939 2873 minus
1972 2824 2093 2886 apte
2116 2824 2507 2887 proposuerunt
2521 2822 2800 2883 impatiens,

1763 2899 1912 2963 quasi
1955 2911 2083 2947 vero
2119 2898 2253 2947 haec
2295 2900 2438 2948 esset
2479 2910 2665 2956 causa,
2708 2911 2805 2946 cur

1764 2984 2015 3037 campum
2050 2971 2326 3021 devitaret.

1827 3050 1875 3097 5.
1927 3047 2176 3109 militaris]
2232 3047 2332 3097 «Ut
2365 3044 2523 3095 decet
2554 3046 2803 3096 iuvenem

1762 3121 2041 3172 robustum
2075 3136 2138 3171 ac
2173 3119 2385 3170 militiae
2420 3123 2653 3183 aptum.»

1827 3198 1874 3247 6.
1913 3196 2117 3260 emutat]
2154 3195 2502 3259 Cogitandum
2537 3195 2604 3244 de
2628 3196 2804 3259 quoti-

1762 3272 1929 3322 dianis
1965 3272 2297 3335 equitationis
2322 3270 2798 3331 exercitationibuS,

1762 3361 1865 3397 non
1890 3347 1957 3396 de
1982 3348 2166 3396 Troiae
2190 3344 2315 3395 ludo
2339 3345 2591 3409 equestri,
2620 3358 2806 3408 quam-

1760 3434 1921 3486 quam
1958 3420 2382 3483 frequentissime
2419 3432 2541 3469 eum
2568 3418 2806 3469 exhibuit

1761 3498 2044 3559 Augustus,
2082 3497 2223 3544 Suet.
2262 3495 2371 3543 Oct.
2409 3493 2490 3544 43.
2522 3521 2576 3529 —
2619 3496 2697 3544 De
2721 3493 2802 3543 bis

1762 3569 2223 3621 exercitationibus
2267 3568 2360 3619 cfr.
2407 3569 2553 3617 Statii
2593 3567 2713 3618 Silv.
2751 3568 2800 3628 ὅ,

1761 3647 1811 3706 2,
1852 3645 1970 3693 443ε
2023 3646 2132 3705 Ipse
2171 3656 2260 3706 eqo
2302 3647 2349 3691 to
2386 3656 2548 3704 nuper
2583 3642 2806 3692 Tiberino

1760 3721 1816 3770 in
1856 3719 2001 3769 litore
2037 3719 2142 3768 vidi
2173 3744 2202 3753 -
2234 3743 2262 3753 -
2306 3717 2593 3767 renuentem
2633 3729 2809 3767 cursus

1759 3798 2119 3854 vexantemque
2157 3792 2249 3840 ilia
2279 3792 2418 3840 nuda
2457 3792 2600 3841 Caice
2628 3791 2808 3854 ferocis

1763 3870 1892 3931 equi.
1925 3895 1979 3903 —
2007 3866 2254 3918 Gallicani
2277 3867 2401 3930 equi
2426 3866 2730 3927 ferocioreS,
2753 3868 2808 3916 et

1765 3942 1925 3994 Gallia
1991 3941 2116 3993 olim
2183 3941 2431 3991 Romanis
2488 3939 2806 3991 exercitibus

1766 4031 1934 4082 equos
1969 4015 2321 4076 ministrabat,
2359 4017 2480 4065 Tac.
2518 4019 2651 4064 Ann.
2678 4016 2727 4076 2,
2753 4016 2801 4064 ὕ.

1770 4121 1823 4129 -
1864 4093 2063 4157 lupatis]
2111 4090 2301 4155 lupinis
2336 4089 2585 4141 dent-ibus
2619 4088 2802 4140 similia

1765 4168 1914 4219 frena
1966 4168 2153 4218 ferrea.
2223 4161 2418 4227 Λύκος
2457 4159 2525 4214 τὸ
2574 4162 2637 4214 ἐν
2684 4167 2807 4224 τοῖς

1766 4240 2026 4304 χαλινοῖς
2059 4235 2338 4311 σιδήριον·
2382 4239 2613 4303 Hesych.
2652 4236 2800 4287 ovid.
