3234 4975
592 366 716 429 334

1365 365 1622 417 HonA‘rn
1658 365 1997 418 CARMINUM

1098 522 1266 590 Clari
1309 520 1620 609 Giganteo
1666 519 1988 608 triumpho
2012 573 2027 597 ‚

1189 643 1431 710 Cuncta
1474 640 1825 730 supercilio
1868 641 2205 708 moventis.

1016 802 1158 877 Est,
1205 810 1277 866 ut
1318 800 1456 866 viro
1499 800 1597 865 vir
1642 799 1831 866 latius
1873 799 2131 866 ordinet

1015 921 1292 988 Arbusta
1338 920 1570 998 sulcis,
1617 920 1723 987 hic
1765 921 2146 1010 generosior

2686 923 2762 987 10

1103 1041 1471 1109 Descendat
1515 1042 1577 1106 in
1624 1043 1941 1130 Campum
1980 1043 2242 1131 petitor,

1187 1161 1471 1229 Moribus
1516 1162 1623 1231 hic
1666 1162 2029 1252 meliorque
2072 1164 2241 1232 fama

1018 1320 1399 1399 Contendat,
1447 1319 1535 1386 illi
1580 1319 1771 1388 turba
1816 1320 2144 1388 clientium

724 1522 774 1572 9.
810 1522 929 1572 Esto
963 1518 1198 1572 malebat
1231 1518 1515 1571 Bentleius.

592 1687 879 1749 5‚7,4⁴:
939 1685 1645 1748 Siquodimperiescinto

591 1765 731 1814 nula.
800 1764 947 1813 Pers.
985 1760 1045 1822 3,
1083 1760 1139 1820 ⁴,
1178 1759 1269 1808 ⁴5:
1306 1761 1490 1819 Mem,
1527 1759 1644 1820 opi-

592 1832 1644 1899 nor-‚impmwninto,noninmetibi

592 1917 679 1961 est.
719 1910 823 1960 Cir.
850 1907 1076 1958 Liibker.
1108 1934 1164 1944 —
1202 1906 1443 1970 quantco
1467 1906 1645 1956 munz-

586 1984 711 2048 pho]
748 1996 855 2046 quo
887 1982 1000 2046 ipse
1031 1980 1326 2043 legitimum
1360 1979 1507 2030 orbis
1529 1981 1645 2029 ter·

593 2070 777 2109 rarum
822 2057 1087 2119 totiusque
1122 2054 1307 2104 mundi
1358 2054 1643 2117 imperium

593 2131 820 2195 adeptus
844 2133 974 2180 erat.
1006 2156 1061 2165 —
1091 2129 1264 2179 Curru
1286 2129 1340 2178 in
1363 2128 1643 2190 Gigantum

593 2209 772 2268 strage
838 2205 1109 2254 invectum
1177 2204 1356 2252 lovem
1426 2200 1643 2251 exhibet

593 2277 997 2330 winckelmann
1035 2278 1172 2327 Mon.
1211 2277 1340 2327 ined.
1378 2289 1433 2341 p.
1475 2275 1522 2325 9.
1577 2275 1638 2324 N.

593 2354 655 2403 X.
693 2355 865 2403 Museo
896 2351 1112 2402 Bor-bon.
1151 2353 1190 2402 1.
1228 2352 1283 2401 T.
1322 2350 1403 2400 53.
1450 2349 1643 2412 Gigan-

593 2429 888 2488 tomachia‚
942 2428 994 2477 in
1044 2441 1147 2492 qua
1200 2424 1454 2476 Hercules
1503 2424 1641 2474 Iovis

595 2505 678 2554 est
725 2503 923 2566 auriga.
976 2503 1108 2553 Mus.
1152 2501 1362 2564 Gregor.
1414 2500 1471 2550 Τ.
1528 2498 1638 2548 vn.

594 2579 854 2642 imprimis
911 2575 1150 2626 Gerhard
1208 2577 1412 2638 Vesana.
1467 2574 1527 2623 11.
1580 2573 1638 2622 Τ.

594 2651 853 2703 LXXXIV.
888 2651 1144 2701 Archaeol.
1181 2651 1288 2714 th.
1335 2650 1397 2699 11.
1435 2661 1486 2712 p.
1522 2644 1639 2696 264.

594 2729 650 2776 et
683 2727 798 2777 380.
867 2727 1103 2790 Iuppiter
1136 2723 1396 2775 imberbis
1429 2721 1642 2772 Titanas

595 2799 837 2852 fulminat
880 2801 930 2850 iu
978 2813 1191 2864 gemma
1225 2797 1366 2863 apud
1403 2793 1649 2861 selinon-

594 2873 779 2937 tegroll
835 2875 1030 2924 Pierres
1075 2888 1155 2937 ar.
1225 2874 1282 2922 T.
1335 2872 1417 2921 20.
1510 2871 1645 2919 Hinc

594 2948 857 2998 Lucienus
890 2948 1021 2997 Tim.
1048 2947 1098 2998 4.
1136 2946 1346 2996 deridet
1378 2944 1493 2994 eius
1528 2943 1647 3007 epi-

593 3022 741 3072 theta
793 3035 822 3071 a
875 3021 1046 3084 poetis
1081 3021 1335 3083 usurpata
1369 3018 1645 3083 Γιγαντο-

593 3093 771 3165 istc-»p
805 3097 904 3143 καὶ
938 3089 1394 3164 Τιτανοκράτωρ.

659 3170 708 3220 8.
764 3167 1053 3232 mpero-itm]
1107 3166 1251 3216 Iliad.
1289 3182 1358 3228 α,
1394 3167 1525 3218 528:
1571 3159 1651 3215 Ἢ

594 3245 693 3294 καὶ
731 3244 1043 3308 κυανέῃσιν
1093 3241 1177 3292 ἐπ’
1220 3235 1443 3312 ὀφρύσι
1476 3238 1646 3292 νεῦσε

593 3320 871 3390 Κρονίων·
902 3296 1241 3388 Ἀμβρόσιαι
1274 3315 1321 3366 δ’
1358 3310 1477 3388 ἄρα
1509 3321 1645 3376 χαΐ-

593 3409 688 3445 ται
737 3385 1136 3479 ἐπεῤῥώσαντο
1187 3384 1439 3455 ἄνακτος
1487 3391 1647 3462 Κρα-

593 3465 693 3532 τὸς
731 3462 826 3518 ἀπ’
847 3464 1191 3518 αθανάτοιο·
1226 3468 1411 3533 μέγαν
1449 3463 1498 3514 δ’
1520 3465 1645 3517 ἐλέ-

593 3540 745 3607 λιξεν
763 3535 1074 3608 Ὄλυμπον.
1148 3540 1334 3593 catull.
1373 3540 1437 3592 64
1459 3579 1471 3603 ‚
1509 3539 1641 3591 204:

591 3615 780 3670 Annuit
850 3618 1034 3668 invicto
1100 3616 1362 3666 caelestum
1442 3616 1647 3665 nmine

591 3699 782 3754 rector,
859 3694 967 3755 Quo
1032 3696 1149 3741 tum·
1198 3695 1246 3740 et
1297 3689 1441 3740 tellus
1494 3694 1648 3752 atque

591 3767 805 3817 hon-ida
826 3769 1228 3816 contremuerunt
1259 3764 1493 3826 Aequora
1522 3777 1647 3812 con-

592 3842 837 3903 cussitque
899 3840 1146 3889 micantia
1193 3839 1362 3888 sidera
1407 3837 1640 3886 mundus.

593 3916 735 3978 Virg.
799 3915 930 3963 Aen.
985 3913 1046 3974 9,
1103 3913 1231 3963 ⁴06:
1307 3916 1466 3962 totum
1519 3916 1648 3960 nutu

591 3988 860 4051 tranefecic
892 3988 1172 4049 Olympum.
1204 4014 1257 4022 —
1306 3986 1541 4035 Fuerunt
1575 3986 1645 4049 (in

594 4061 789 4127 quibus
838 4062 1118 4124 Boettiger)
1139 4098 1151 4120 ‚
1205 4059 1296 4124 qui
1347 4061 1647 4112 statuerent

593 4135 795 4188 nullum
843 4148 1062 4200 prorsus
1107 4147 1227 4185 esse
1274 4146 1473 4185 nexum
1508 4135 1647 4186 inter

593 4225 679 4261 w.
716 4211 880 4261 5-8.
919 4213 974 4260 et
1006 4221 1096 4269 ea,
1151 4222 1290 4273 quae
1326 4211 1643 4272 sequuntur.

1715 1683 1914 1736 Verum
1960 1698 2091 1738 sane
2158 1688 2235 1737 sic
2296 1687 2594 1750 procedunt
2644 1689 2765 1738 iun-

1718 1762 2017 1823 gunturque
2075 1762 2406 1811 sententiae:
2486 1761 2609 1812 «Vel
2664 1764 2763 1827 ipsi

1718 1845 1899 1896 reges,
1975 1834 2067 1897 qui
2115 1835 2272 1898 primi
2323 1836 2461 1885 inter
2511 1835 2765 1887 mortales

1717 1907 1984 1957 ducuntur
2018 1910 2074 1958 et
2104 1908 2450 1973 popularibus
2472 1912 2583 1962 suis
2606 1912 2767 1960 timo-

1716 1995 1836 2032 rem
1884 1983 2170 2043 incutlunt‚
2228 1997 2441 2034 summo
2490 1986 2628 2036 I‘ovis
2663 1987 2767 2035 im-

1719 2057 1869 2121 perio
1903 2056 2129 2108 subiecti
2181 2061 2329 2108 sunt:
2388 2060 2591 2124 pariter
2628 2073 2767 2124 quo-

1717 2143 1823 2195 que
1857 2129 2151 2195 locupletes
2173 2171 2186 2192 ,
2245 2135 2516 2195 generosi,
2574 2138 2768 2197 poten-

1716 2206 1905 2256 tissimi
1939 2206 2139 2269 quique
2173 2206 2313 2256 inter
2345 2210 2557 2258 ceteros
2591 2208 2768 2258 homi-

1719 2292 1815 2330 nes
1849 2281 2163 2330 Necessitati
2185 2283 2401 2344 parent,
2439 2282 2590 2332 euius
2621 2282 2765 2332 iussa

1718 2367 1907 2405 severa
1971 2355 2164 2405 eadem
2215 2345 2345 2406 sane
2417 2358 2543 2406 sunt
2603 2358 2765 2419 atque

1717 2430 1855 2483 Iovis
1888 2431 2126 2494 supremi
2166 2430 2504 2495 imperium.»

1783 2505 1831 2556 9.
1883 2505 1999 2566 Est,
2049 2504 2128 2570 ut]
2168 2498 2392 2566 «ἔστιν,
2431 2498 2589 2568 ὅπως
2620 2502 2763 2566 κτλ,

1717 2592 1817 2630 usu
1853 2579 2021 2640 venit,
2058 2582 2118 2629 ut
2148 2578 2283 2629 alius
2318 2577 2457 2629 alio»
2494 2583 2596 2629 cet.
2657 2579 2764 2630 Cir.

1717 2654 1849 2718 Epp.
1888 2653 1946 2714 4,
1985 2654 2076 2714 ⁴2,
2114 2654 2164 2703 2.
2239 2653 2648 2717 «Qualecunque
2684 2657 2771 2704 est

1719 2727 1858 2778 inter
1889 2726 2143 2778 mortales
2176 2727 2464 2779 discrimen
2483 2767 2495 2789 ‚
2542 2731 2604 2779 ut
2634 2727 2769 2778 alius

1720 2799 1943 2852 excellat
1975 2800 2371 2852 latifundiorum
2405 2803 2764 2867 possessione,

1719 2877 1929 2939 generis
1963 2874 2235 2926 nobilitate
2268 2874 2430 2937 alius,
2468 2875 2601 2928 alius
2641 2889 2770 2940 pro-

1719 2949 1883 2999 bitate
1917 2962 2158 3010 morum,
2213 2947 2346 3000 alius
2380 2962 2568 3001 rursus
2602 2949 2770 3000 clien-

1718 3026 1832 3074 tum
1889 3021 2257 3084 multitudine‚
2335 3037 2523 3075 omnes
2588 3028 2767 3074 tamen

1720 3111 1892 3162 aeque
1941 3099 2134 3162 parent
2182 3111 2470 3162 supremae
2522 3099 2770 3149 Necessi-
2843 3153 2854 3165 ,

1719 3173 1864 3223 teti.»
1919 3197 1975 3208 -
2034 3172 2212 3236 latius]
2270 3173 2433 3222 «Fieri
2467 3174 2675 3236 potest,
2712 3176 2770 3223 ut

1719 3245 1909 3310 aliquis
1942 3258 2041 3309 per
2072 3244 2417 3309 ampliorem,
2477 3258 2641 3309 quam
2683 3246 2768 3297 alii

1719 3320 1938 3379 habent.
1960 3319 2181 3369 fundum
2199 3322 2345 3370 serat
2356 3320 2490 3369 vites
2505 3322 2559 3369 et
2570 3317 2767 3370 oleas..

1721 3393 1926 3444 Colum.
1954 3393 2010 3453 3,
2039 3393 2137 3443 ⁴3:
2176 3400 2267 3442 aut
2287 3392 2539 3443 scrobibus
2559 3399 2651 3443 aut
2671 3394 2772 3443 sul-

1718 3469 1791 3518 cis
1818 3468 1994 3517 vineae
2021 3468 2315 3530 plenamque
2339 3472 2684 3518 con-tenuitur.
2711 3494 2764 3504 -

1720 3541 1941 3606 ordinet]
2016 3541 2111 3591 «in
2158 3543 2517 3604 quincuncem
2573 3543 2768 3591 serat.»

1719 3617 1888 3666 Varro
1922 3616 1981 3665 R.
2018 3616 2076 3664 R.
2117 3616 2172 3676 4,
2210 3615 2270 3676 7,
2308 3615 2358 3664 2.

1788 3691 1868 3740 ⁴0.
1907 3691 1986 3740 Η.
2031 3688 2264 3752 Arbusta]
2300 3690 2531 3740 maxime
2564 3691 2767 3739 vineas.

1720 3765 1861 3827 Virg.
1888 3764 1997 3815 Ecl.
2024 3765 2084 3826 3,
2113 3765 2204 3814 ⁴0:
2253 3778 2369 3815 cum
2399 3777 2480 3814 mc
2512 3764 2773 3814 arbustum

1716 3839 1887 3889 vidore
1918 3840 2129 3889 Miconis
2158 3838 2317 3900 Aequo
2347 3839 2491 3887 mala
2534 3839 2656 3888 vites
2687 3839 2771 3887 in-

1719 3911 1884 3962 cidere
1911 3913 2044 3976 falce
2062 3912 2299 3962 nwcllas.
2348 3914 2537 3975 Georg.
2563 3912 2615 3972 2,
2641 3910 2766 3962 4⁴6:

1719 3987 1829 4036 Iam
1875 3988 2072 4037 vinctae
2116 3987 2267 4047 vites,
2323 3987 2431 4035 iam
2460 3986 2642 4049 falcem
2676 3998 2770 4034 ar-

1720 4061 1865 4111 busta
1894 4066 2159 4123 reponunt.
2207 4086 2260 4096 -
2301 4060 2571 4124 Gampwn]
2610 4061 2769 4110 etiam

1721 4136 1774 4186 in
1806 4135 2044 4200 pedestri
2094 4136 2332 4185 oratione
2365 4147 2632 4199 persaepe
2671 4145 2771 4197 pro

1722 4210 1925 4273 Campo
1959 4210 2163 4260 Martio.
2252 4210 2505 4259 Ceterum
2541 4207 2773 4270 loquitur
