3234 4975
644 384 768 446 566
1404 381 1660 431 llORATll
1698 383 1821 431 CAR
1831 382 1939 430 MlN
1950 382 2036 431 ΠΜ

896 539 1160 603 Nescios
1204 537 1316 601 fari
1364 556 1605 622 pueros
1648 535 1902 602 Achivis

892 660 1119 726 Ureret
1163 657 1466 733 flammiS,
1516 658 1710 723 etiam
1754 656 2055 723 latentem

1058 778 1273 844 Matris
1317 779 1377 842 in
1425 778 1595 854 alvo,

2729 780 2811 842 ‘20

889 939 961 1002 Ni
1008 938 1132 1003 tuis
1174 938 1378 1003 victus
1426 937 1825 1022 Venerisque
1869 947 2089 1023 gratae

894 1058 1169 1124 Vocibus
1215 1057 1431 1124 divom
1478 1067 1661 1143 pater
1704 1057 2037 1123 annuisset

775 1276 853 1324 49.
908 1275 1111 1324 latentes
1155 1274 1259 1323 LCt
1304 1286 1428 1323 cum
1476 1270 1606 1323 Aldo
1642 1275 1695 1321 et
1735 1273 1967 1323 Pottierii
2003 1275 2061 1334 Ξ,
2100 1274 2179 1323 47.
2222 1275 2297 1333 (Ut
2332 1287 2455 1335 nos,
2494 1277 2659 1325 nostri
2695 1280 2748 1325 et

706 1348 950 1408 Bentleii,
987 1350 1119 1398 Pott.
1156 1348 1355 1409 ceteri.)
1396 1376 1447 1384 —-
1479 1348 1560 1396 24.
1603 1345 1780 1407 victus]
1810 1348 1977 1409 flexus
2008 1360 2038 1396 e
2075 1346 2205 1397 Cod.
2245 1346 2427 1397 Bland.
2466 1349 2742 1412 antiquiss,

706 1422 989 1474 BentleiuS.

641 1617 965 1671 vocabulum
999 1621 1083 1669 est
1103 1619 1319 1669 Horatio
1352 1630 1573 1682 prorsus
1608 1618 1693 1666 in-

646 1694 897 1756 dignum3
953 1693 1116 1743 immo
1163 1693 1385 1743 sortasse
1432 1705 1498 1741 ne
1550 1692 1692 1741 Lati—

646 1780 776 1817 num
825 1766 1045 1829 quidem
1097 1766 1192 1816 t'uit
1241 1778 1504 1828 unquam,
1565 1778 1692 1816 nam

648 1840 741 1891 ubi
777 1841 890 1890 sine
925 1839 1027 1889 alio
1062 1838 1308 1905 exemplo
1342 1838 1619 1902 legebatur
1641 1841 1692 1890 in

646 1917 825 1966 Burm.
862 1913 1069 1964 Anthol.
1103 1915 1159 1973 5,
1196 1913 1320 1975 ⁴62,
1347 1914 1394 1964 8.
1441 1916 1693 1978 Meyerus

646 2004 676 2038 e
713 1988 844 2039 Cod.
883 1986 1102 2038 Salmas.
1141 1988 1290 2037 dedit
1338 1993 1534 2050 raptor.
1591 1989 1692 2051 (Si-

646 2061 769 2113 mile
806 2059 1111 2124 exemplum
1155 2059 1332 2123 verbi,
1387 2062 1533 2124 quod
1567 2076 1692 2113 cnm

646 2126 754 2186 iam
787 2135 1075 2199 antiquitus
1120 2135 1432 2195 excidisset,
1487 2138 1692 2187 temere

648 2209 951 2274 suppletum
1003 2213 1109 2269 est,
1163 2208 1333 2261 habes
1368 2212 1499 2274 Epp.
1537 2213 1597 2271 2,
1635 2213 1690 2269 2,

651 2284 785 2346 499.)
821 2283 1068 2347 Agathias
1109 2284 1163 2333 in
1197 2284 1353 2335 Anth.
1394 2284 1498 2335 Pal.
1537 2286 1598 2335 11.
1635 2298 1690 2349 p.

647 2360 742 2409 5⁴:
780 2375 818 2408 α
854 2354 1046 2409 κλεινὰ
1079 2356 1350 2429 Πριάμου
1386 2356 1584 2424 πόλις,
1622 2356 1695 2411 ἂν

651 2428 941 2499 ἀλαπάξαι
969 2428 1253 2484 Ἑλλάνων
1301 2433 1532 2502 δεκέτης
1584 2430 1692 2488 οὐκ

648 2505 964 2560 ἐτάλασσεν
1014 2525 1165 2580 αρης
1192 2504 1517 2576 Ἄμφαδόν,
1568 2504 1692 2560 ἀλλ’

651 2586 849 2635 ἵπποιο
899 2582 1083 2634 κακὸν
1131 2581 1323 2649 ξύλον.
1385 2615 1435 2622 -—
1491 2586 1694 2650 yravis]

648 2661 733 2710 Sic
810 2657 1110 2711 Alexander
1181 2656 1366 2732 βαρὺς
1439 2661 1694 2729 Πέρσαις

647 2735 870 2785 Theocr
908 2734 995 2794 47,
1025 2735 1103 2784 49.
1142 2735 1401 2787 Achillem
1436 2737 1487 2786 in
1521 2735 1694 2787 Troilo

647 2806 936 2872 Sophocles
981 2813 1201 2859 vocarat
1235 2807 1425 2882 πλήρη
1458 2825 1694 2874 μασχα-

647 2878 969 2946 λισμάτων,
1043 2882 1393 2947 plurimorum
1459 2886 1694 2936 hostium

647 2961 966 3010 occisorum.
1041 2958 1229 3009 Suidas
1264 2959 1317 3008 in
1346 2951 1697 3023 Ἐμασχαλί-

650 3034 787 3099 σθη.
818 3061 871 3071 -
898 3033 1098 3084 Noscios
1115 3033 1238 3097 fari]
1272 3034 1481 3084 Nahum
1513 3035 1569 3096 3,
1600 3036 1691 3085 4οε

642 3109 851 3169 parvuli
898 3109 1004 3158 eius
1054 3106 1218 3169 (urbis
1251 3108 1383 3172 Nini)
1435 3109 1540 3159 elisi
1582 3118 1698 3161 aaut

649 3182 703 3231 in
736 3181 899 3243 capito
929 3183 1152 3231 omnium
1180 3182 1399 3232 viar-tum.
1455 3182 1598 3234 iliad.
1629 3198 1692 3242 χ,

651 3254 747 3305 63;
802 3255 903 3305 καὶ
936 3252 1115 3320 νήπια
1145 3256 1317 3307 τέκνα
1357 3255 1697 3322 Βαλλόμενα

651 3330 819 3401 προτὶ
873 3331 1009 3402 γαίῃ
1077 3329 1138 3381 ἐν
1209 3329 1345 3418 αἰνῇ
1416 3329 1692 3397 δηϊοτῆτι.

652 3404 798 3456 Iliad.
852 3406 911 3467 ζ,
969 3383 1069 3453 ⁸57:
1144 3400 1316 3469 μήτις
1371 3400 1697 3472 ὑπεκφύγοι

652 3474 826 3529 αἰπύν
876 3472 1119 3547 ὄλεθρον
1151 3476 1368 3552 Χεῖράς
1399 3481 1454 3531 θ’
1490 3476 1698 3546 ἡμετέ-

653 3569 780 3639 ρας·
843 3552 975 3620 μηδ’
1008 3548 1207 3604 ὅντινα
1237 3556 1470 3626 γαστέρι
1502 3553 1696 3642 μήτηρ

652 3625 882 3717 Κοῦρον
938 3624 1111 3680 ἐόντα
1165 3631 1370 3700 φέροι,
1448 3629 1583 3696 μηδ
1630 3626 1696 3693 ὃς

652 3701 846 3770 φύγοι.
921 3706 1067 3764 Quae
1111 3704 1343 3756 eundem
1378 3706 1581 3769 spirant
1613 3707 1698 3756 fu-

650 3790 854 3838 rorem,
891 3780 976 3829 cui
1010 3778 1275 3830 debemus
1308 3778 1535 3831 sublime
1570 3779 1699 3830 illud

653 3851 845 3902 Psalm.
887 3852 1009 3911 437,
1047 3853 1110 3902 9:
1170 3854 1354 3904 Beatus
1396 3857 1480 3916 qui
1522 3856 1700 3906 tenebit

651 3932 698 3976 et
730 3926 901 3976 allidet
945 3928 1186 3988 parvulos
1225 3933 1335 3978 tuos
1378 3931 1446 3978 ad
1474 3935 1694 3991 petram,

650 4000 761 4064 fllia
792 3999 1093 4060 Babylonis!
1133 4026 1186 4037 -
1242 4003 1498 4067 latentem]
1535 4006 1691 4055 Num.

653 4072 840 4136 singul.
880 4073 932 4122 h.
971 4072 1003 4124 l.
1043 4080 1199 4139 poeta
1250 4077 1478 4141 dignior,
1532 4092 1696 4141 quam

654 4146 875 4198 aliorum
926 4146 1159 4211 pluralis.
1219 4151 1311 4202 Est
1360 4153 1530 4202 enim:
1588 4151 1697 4202 «la-

652 4224 855 4273 tentem
890 4235 1213 4287 quemque.»

1830 1619 1886 1667 2⁴
1912 1618 2038 1669 -24.
2077 1619 2248 1683 viem]
2270 1624 2453 1683 flavus,
2492 1622 2635 1684 quod
2658 1624 2814 1672 Bent-

1764 1690 1900 1743 leius
1921 1706 1953 1743 e
1975 1693 2145 1743 Codd.
2171 1694 2447 1757 praetulit,
2491 1694 2577 1746 vel
2600 1709 2812 1747 merum

1766 1769 1850 1817 est
1881 1765 2147 1830 glossema
2169 1807 2181 1829 ,
2232 1782 2353 1819 cum
2400 1771 2607 1821 Comm.
2645 1771 2808 1833 Cruq.

1762 1841 1923 1890 victus
1983 1842 2177 1893 eodem
2256 1842 2424 1893 verbo
2493 1844 2814 1909 interprete-

1767 1916 1884 1975 tur,
1922 1913 2006 1964 vel
2043 1930 2107 1966 ex
2143 1930 2208 1967 eo
2242 1931 2354 1968 var.
2391 1915 2537 1969 lectt.
2575 1931 2773 1981 genere
2798 1957 2809 1978 ,

1766 2000 1873 2050 quo
1921 1987 2122 2039 librarii
2156 1992 2468 2041 memoriter
2513 1991 2813 2043 scribentes

1767 2075 1944 2125 neque
1977 2059 2307 2134 ἀρχέτυπον
2340 2078 2499 2116 suum
2532 2067 2660 2116 satis
2685 2065 2816 2116 flde-

1765 2134 1885 2185 liter
1925 2137 2267 2202 inspicientes
2312 2139 2640 2203 homonyma
2679 2141 2815 2191 scri-

1766 2212 1932 2274 ptoris
1976 2212 2140 2274 ipsius
2180 2213 2362 2264 verbis
2395 2213 2809 2265 substituebant.

1772 2312 1827 2320 —
1865 2285 2022 2335 Rebus
2052 2287 2270 2352 Aeneae]
2326 2289 2452 2338 «toti
2497 2289 2611 2338 eius
2646 2288 2815 2338 sortu-

1769 2372 1870 2408 nae
1905 2372 1969 2409 ac
2003 2361 2213 2409 statui.»
2253 2389 2306 2397 —
2364 2362 2633 2428 annuisset]
2669 2362 2810 2426 Virg.

1768 2435 1899 2483 Aen.
1939 2434 1998 2494 4,
2041 2433 2157 2484 257.
2217 2435 2453 2500 Iuppiter
2488 2436 2682 2488 Veneri
2715 2449 2816 2501 pro

1768 2509 1948 2559 Aenea
1973 2507 2314 2572 deprecanti:
2350 2513 2508 2562 Parce
2527 2518 2685 2573 nictu,
2722 2514 2816 2575 οη-

1768 2583 1963 2644 therea,
2006 2589 2213 2634 manerat
2229 2585 2439 2635 ὄηιοποια
2461 2591 2662 2637 tuorum
2682 2588 2816 2637 Fata

1766 2657 1882 2717 tien,-
1916 2671 2086 2708 cernes
2104 2659 2277 2709 urbem
2297 2663 2609 2721 otpromissa
2631 2663 2812 2711 Lavini

1765 2732 1970 2782 Moenia
1993 2735 2097 2782 cet.
2124 2735 2431 2796 —potioro-
2441 2735 2576 2799 alite]
2601 2735 2816 2787 «melio-

1768 2805 1916 2857 ribus
1932 2807 2232 2871 auspiciis.»
2208 2809 2464 2860 »Contra
2478 2811 2573 2861 Od.
2590 2812 2639 2871 4,
2661 2812 2740 2869 45,
2760 2812 2808 2860 5:

1767 2880 1965 2931 Mala-
1986 2882 2088 2931 avi.
2120 2883 2449 2948 —ductos]«
2425 2887 2804 2952 «exstructos»

1769 2953 2123 3006 Mitscherlich
2158 2968 2223 3006 eo
2255 2958 2581 3021 propendet,
2628 2962 2688 3009 ut
2718 2961 2815 3010 du—

1768 3042 1878 3079 cere
1900 3028 2217 3094 explicetur:
2258 3031 2432 3083 «fossa
2455 3032 2614 3083 ducta
2636 3032 2813 3084 locum

1769 3104 2094 3154 exstruendo
2127 3118 2282 3156 muro
2306 3105 2633 3169 describere,
2669 3108 2816 3172 quod

1768 3178 1944 3242 ipsum
1968 3179 2238 3242 auspicato
2263 3179 2484 3240 fiebam»
2519 3182 2614 3232 sed
2639 3182 2818 3232 verior

1771 3255 1855 3303 est
1897 3253 2261 3317 interpretatio
2303 3253 2458 3319 longe
2505 3255 2811 3321 simplicior,

1771 3329 1830 3377 ut
1852 3326 1995 3377 idem
2018 3328 2086 3377 sit
2108 3330 2269 3392 atque
2294 3330 2620 3380 Graecorum
2641 3325 2814 3380 ἐλαύ-

1771 3414 1905 3451 νειν.
1944 3401 2134 3464 Odyss.
2174 3419 2240 3468 η,
2275 3404 2365 3456 86:
2412 3400 2670 3455 Χάλκεοι
2706 3402 2816 3469 μὲν

1767 3471 1881 3600 {dap
1928 3480 2122 3536 τοῖχοι
2181 3475 2467 3542 ἐληλέδατ’
2517 3473 2664 3529 ἔνθα
2717 3480 2816 3528 καὶ

1801 3550 1930 3601 voa.
1968 3553 2109 3616 Virg.
2147 3556 2277 3605 Aen.
2318 3554 2374 3614 4,
2410 3553 2539 3604 423:
2569 3569 2699 3618 pars
2718 3557 2816 3605 du-

1770 3638 1880 3676 cere
1910 3641 2097 3677 muros.

1835 3702 1916 3752 25.
1958 3702 2067 3754 «Ab
2103 3703 2206 3753 hoc
2235 3704 2391 3766 igitur
2420 3703 2597 3754 divino
2616 3706 2818 3769 princi-

1770 3781 1857 3844 pio
1881 3782 2059 3829 ortum
2081 3780 2164 3828 est
2185 3778 2469 3840 imperium
2491 3779 2812 3836 Romanum,

1771 3855 1922 3905 cuius
1989 3852 2147 3903 ferias
2201 3850 2506 3913 seculares,
2577 3854 2816 3904 omnium

1773 3929 2003 3980 maxime
2058 3924 2373 3986 sollemnes,
2432 3926 2584 3977 brevi
2628 3939 2816 3978 sumus

1771 4001 2142 4054 celebraturi.»
2180 4025 2235 4035 -
2271 4000 2477 4066 Doctor]
2518 3999 2701 4065 Apollo
2736 4004 2818 4052 est

1771 4076 1929 4128 veluti
1981 4070 2477 4146 χοροδιδάσκαλος
2524 4078 2811 4126 Musarum.

1771 4153 1921 4202 idem
1964 4149 2106 4215 apud
2157 4149 2464 4215 Euripidem
2507 4150 2645 4202 Med.
2696 4149 2811 4200 426.

1773 4229 1992 4277 vocatur
2033 4219 2266 4296 ἆγήτωρ
2316 4223 2552 4290 μελέων.
2618 4226 2811 4287 Paneg.
