3234 4975
1303 355 1419 403 LlB.
1457 356 1518 403 ll.
1593 355 1649 403 C.
1692 357 1751 404 X.
2482 354 2607 417 263

1208 841 1681 904 cm
1735 844 1845 904 x-

775 1010 1031 1078 Rectius
1079 1011 1285 1085 vives,
1333 1011 1568 1089 Licini,
1617 1033 1834 1100 neque
1881 1012 2078 1078 altum

776 1134 1047 1218 Semper
1091 1132 1383 1219 urgendo
1429 1154 1675 1220 neque,
1726 1132 1881 1199 dum
1928 1133 2246 1221 procellas

571 1341 630 1389 X.
684 1340 847 1389 Inscr.
885 1339 1020 1402 volg.
1069 1341 1145 1389 Aa
1178 1341 1448 1402 Licinium,
1508 1344 1562 1390 et
1595 1341 1673 1391 sic
1708 1343 1758 1390 S.
1805 1368 1857 1376 —-
1895 1342 2143 1390 Licinium
2175 1342 2448 1402 alloquitur
2480 1356 2541 1391 no

504 1427 696 1474 semper
737 1428 928 1477 magna
972 1419 1168 1475 temptet
1211 1416 1308 1463 BT.
1364 1442 1418 1450 —-
1456 1416 1532 1464 Aa
1574 1416 1822 1464 Licinium
1864 1415 2131 1464 Murenam
2173 1416 2413 1477 optimum
2446 1430 2546 1465 esso

503 1490 720 1537 medium
753 1489 808 1548 b,
847 1490 973 1539 item
1010 1503 1056 1547 e,
1095 1489 1300 1539 addens
1333 1491 1484 1539 vitae.

507 1675 567 1722 X.
624 1676 680 1723 L.
735 1675 963 1723 Licinius
1009 1676 1228 1724 Murena
1272 1676 1491 1738 proprio

443 1749 656 1797 nomine
672 1786 683 1807 ,
709 1747 847 1797 filius
865 1750 1117 1799 Murenae
1137 1748 1300 1810 illius,
1327 1761 1491 1812 quem

441 1824 629 1873 Cicero
665 1821 933 1882 defendit,
987 1826 1172 1885 postea
1225 1836 1325 1886 per
1358 1822 1493 1872 ado-

441 1899 681 1961 ptionem
729 1899 791 1946 A.
845 1898 1122 1946 Terentius
1173 1898 1339 1946 Varro
1374 1899 1493 1947 Mu-

443 1986 574 2021 rena
620 1972 771 2033 (Fast.
812 1972 960 2034 Cap.)
1007 1970 1329 2034 appellatuS,
1385 1972 1492 2021 fra-

442 2047 524 2095 ter
564 2048 622 2093 C.
660 2044 917 2095 Proculeii
960 2044 1122 2105 illius,
1160 2047 1250 2108 qui
1273 2048 1493 2110 propter

441 2121 701 2181 insignem
760 2120 814 2168 in
867 2119 1056 2169 fratres
1123 2117 1492 2169 liberalitatem

443 2194 779 2256 praedicatur
802 2192 897 2242 Od.
925 2196 985 2253 2,
1006 2195 1065 2253 2,
1095 2195 1143 2243 5
1166 2232 1177 2253 ,
1217 2197 1270 2243 et
1292 2195 1494 2242 Tereu-

448 2268 550 2316 tiae
603 2268 950 2328 Maecenatis,
1022 2261 1254 2336 ἀκράτῳ
1309 2268 1495 2330 (inquit

441 2341 540 2389 Dio
563 2340 660 2400 54,
688 2340 756 2402 3.)
792 2341 892 2389 καὶ
929 2346 1242 2426 κατακορεῐ
1273 2334 1494 2428 WO‘QO‘U‘

444 2416 546 2480 σίᾳ
586 2409 729 2483 πρὸς
771 2411 990 2477 πάντας
1014 2410 1235 2479 ὁιιοίως
1257 2411 1490 2486 ἐχρῆτο.

443 2491 615 2539 Homo
681 2491 840 2552 igitur
914 2489 1252 2541 turbulentus
1331 2494 1492 2554 atque

441 2564 757 2615 ambitiosus
797 2566 1018 2627 Augusti
1074 2565 1494 2615 dominationem

442 2638 637 2688 acerbe
675 2639 941 2700 exagitare
977 2638 1186 2689 solebat
1219 2652 1493 2702 novasque

445 2727 532 2763 res
566 2727 783 2776 semper
818 2713 1009 2763 moliri.
1082 2716 1225 2764 luitis
1262 2715 1492 2776 denique

443 2802 568 2838 cum
603 2788 796 2836 Fannio
835 2789 1103 2851 Caepione
1141 2790 1362 2852 Augusti
1399 2802 1495 2837 oc-

444 2862 655 2912 cidendi
707 2861 938 2912 consiliis
1006 2863 1178 2926 iisque
1237 2863 1492 2922 detectiS,

444 2936 604 2987 ambo
637 2951 668 2986 a
702 2936 911 2985 Tiberio
946 2938 1023 2986 rei
1070 2936 1190 2986 sacti
1233 2940 1314 2998 et,
1369 2950 1494 2987 cum

445 3012 530 3061 die
556 3012 694 3061 dicta
718 3012 772 3060 in
793 3011 988 3061 iudicio
1021 3025 1127 3061 nou
1160 3014 1495 3076 comparuis-

445 3089 592 3147 sent,
630 3084 882 3136 absentes
907 3085 1088 3136 exsilio
1114 3087 1348 3137 damnati
1371 3089 1497 3137 suut

448 3164 502 3210 et
537 3158 711 3224 paullo
745 3163 870 3224 post
903 3162 1077 3210 necati
1112 3175 1160 3210 a.
1200 3175 1253 3211 u.
1282 3175 1328 3209 c.
1355 3163 1492 3224 73⁴„

444 3248 553 3297 quo
604 3235 720 3297 ipso
770 3248 910 3283 anno
947 3233 1134 3284 consul
1170 3238 1285 3284 erat
1328 3237 1496 3286 suffe-

445 3311 583 3357 ctuS.
641 3307 773 3357 Vide
798 3308 992 3357 Baiteri
1016 3310 1052 3358 F
1056 3311 1154 3358 ast.
1185 3311 1344 3360 Cous.
1370 3323 1490 3373 pag.

445 3383 591 3433 LVII.
615 3380 744 3431 Vell.
766 3384 814 3443 2,
843 3383 924 3432 94.
965 3385 1108 3432 Suet.
1130 3385 1310 3432 Octav.
1335 3385 1413 3433 49.
1443 3387 1498 3433 et

445 3458 526 3506 66.
550 3454 691 3505 Diol.
708 3455 741 3506 l.
762 3459 1037 3508 Drumann
1053 3458 1220 3507 Gesch.
1237 3459 1294 3508 R.
1311 3457 1361 3518 4,
1381 3459 1494 3509 493.

446 3530 702 3580 Licinium
734 3534 892 3594 poeta
922 3533 1191 3582 exhortari
1228 3533 1407 3582 studet
1429 3532 1498 3582 ad

445 3604 872 3655 moderationem
890 3609 1051 3669 atque
1067 3606 1346 3657 universae
1358 3609 1498 3657 vitae

447 3678 904 3741 aequabilitatem,
929 3682 1049 3743 ipso
1072 3693 1288 3744 quoque
1314 3682 1500 3731 dicen-

447 3752 502 3802 di
536 3766 732 3815 genere
775 3755 844 3803 ad
888 3757 1267 3817 argumentum
1301 3758 1500 3805 attem-

450 3829 653 3892 perato.
696 3854 750 3863 -
793 3828 1174 3879 Difficillimum
1207 3831 1389 3880 autem
1424 3829 1502 3879 di—

450 3900 681 3950 iudicatu
727 3905 833 3962 est,
887 3917 988 3953 nec
1025 3902 1174 3952 sacsse
1212 3905 1497 3967 quisquam

450 3977 740 4037 exputarit,
783 3980 963 4028 utrum
987 3979 1204 4027 Horatio
1227 3979 1500 4029 suffecerit

450 4050 685 4100 Stoicum
709 4049 886 4102 locum
913 4066 1256 4104 communem
1287 4054 1498 4117 poetico

450 4137 576 4175 cum
646 4129 836 4175 ornatu
901 4141 1204 4191 proponere
1271 4128 1495 4188 Licini0,

451 4212 612 4261 quem
668 4201 937 4252 interdum
1007 4202 1229 4252 sortasse
1293 4201 1501 4252 viderat

1570 1675 1718 1740 apud
1768 1678 2160 1736 Maecenatem,
2231 1678 2382 1726 euius
2436 1679 2614 1727 uxoris

1568 1751 1845 1800 Terentiae
1897 1764 1993 1814 per
2061 1750 2404 1814 adoptionem
2456 1752 2618 1801 frater

1571 1828 1711 1886 erat,
1765 1839 1832 1874 an
1883 1824 2172 1874 occultiore
2220 1824 2437 1874 consilio
2488 1839 2617 1877 usus

1569 1900 1847 1949 hominem
1882 1899 2280 1962 imprudentem
2313 1898 2381 1949 ab
2421 1901 2619 1950 insanis

1570 1975 1818 2036 inceptis,
1873 1986 2012 2036 quae
2064 1975 2111 2022 ei
2165 1988 2355 2025 necem
2401 1974 2614 2024 tandem

1569 2047 1884 2107 attuleruut,
1910 2048 2179 2097 dehortari
2206 2048 2448 2098 voluerit.
2487 2050 2612 2098 Cer-

1571 2125 1621 2170 te
1658 2121 1742 2171 vel
1765 2122 2080 2186 providente
2110 2124 2267 2185 poeta
2303 2121 2386 2170 vel
2422 2123 2616 2185 impru-

1571 2196 1732 2245 dente
1769 2209 1988 2245 carmen
2022 2195 2185 2245 veluti
2218 2197 2527 2245 vaticinium
2550 2196 2616 2244 de

1570 2271 1768 2320 misero
1838 2270 2017 2318 Licinii
2088 2270 2231 2318 exitu
2303 2268 2616 2332 aequalibus

1569 2344 1740 2393 videri
1791 2342 2042 2392 debebat.
2113 2345 2225 2392 lam
2277 2344 2375 2393 etsi
2411 2343 2617 2392 definiri

1571 2419 1784 2481 nequit,
1840 2430 1947 2479 quo
1981 2430 2121 2466 auno
2157 2418 2513 2479 compositum
2552 2418 2618 2465 sit

1576 2520 1629 2529 -
1668 2493 1929 2541 fluctuant
1961 2492 2099 2541 inter
2133 2504 2300 2542 annos
2335 2491 2457 2552 724,
2500 2492 2613 2548 728,

1571 2567 1686 2616 73⁴.
1729 2594 1804 2627 -,
1852 2567 2049 2616 mirum
2085 2568 2198 2624 est,
2262 2579 2434 2627 aeque
2489 2565 2617 2615 illud

1571 2641 1783 2702 utrique
1830 2641 2009 2689 favere
2057 2640 2287 2702 opinioni
2333 2641 2443 2687 tres
2489 2641 2619 2688 Car-

1573 2714 1777 2763 minum
1812 2712 1977 2762 libros
2013 2712 2185 2761 editos
2222 2725 2339 2761 esse
2375 2714 2467 2760 aut
2500 2713 2612 2761 734.

1574 2787 1838 2852 (Franks),
1876 2789 2023 2836 certe
2054 2787 2175 2834 ante
2200 2786 2379 2834 Licinii
2405 2799 2613 2845 necem,

1571 2864 1664 2910 aut
1708 2861 1821 2910 736.
1867 2859 2129 2924 (Liibker),
2177 2873 2302 2909 cum
2353 2858 2611 2923 plerique,

1571 2938 1688 3000 ipse
1713 2936 1875 2984 etiam
1898 2936 2179 2984 Maecenas
2204 2947 2327 2983 cum
2352 2935 2615 2992 Terentia,

1572 3011 1701 3060 satis
1768 3011 1875 3059 iam
1942 3010 2172 3059 hominis
2240 3009 2509 3058 temerarii
2559 3023 2623 3058 ac

1571 3086 1764 3136 merito
1800 3082 2059 3148 supplicio
2095 3084 2268 3133 affecti
2305 3086 2488 3133 essent
2522 3082 2622 3132 ob-

1571 3158 1679 3221 liti,
1718 3160 1788 3208 ita
1822 3161 1883 3207 ut
1916 3171 1982 3207 ne
2019 3160 2218 3208 mentio
2255 3158 2474 3221 quidem
2509 3159 2622 3207 eius

1571 3233 1641 3284 ab
1678 3235 1894 3284 Horatio
1932 3233 2066 3283 sacta
2103 3234 2354 3296 cuiquam
2390 3234 2525 3283 mira
2560 3245 2623 3281 ac

1571 3311 1921 3373 praepostera
1954 3308 2125 3357 videri
2157 3311 2358 3372 posset.

1641 3456 1817 3507 4-4.
1886 3456 2106 3520 Rectius]
2186 3457 2280 3504 «et
2346 3454 2622 3504 honestius

1574 3525 1836 3595 (ἠθικῶς)
1873 3534 1927 3580 et
1950 3531 2205 3580 felicius»
2244 3530 2317 3577 Ex
2342 3528 2621 3590 frequente

1574 3604 1823 3669 allegoria
1867 3606 2033 3655 vitam
2077 3606 2368 3653 humanam
2402 3614 2624 3664 compa-

1572 3683 1658 3729 rat
1690 3693 1815 3729 cum
1865 3679 2201 3741 navigatione
2224 3714 2236 3736 ,
2288 3678 2342 3724 in
2377 3688 2483 3738 qua
2518 3689 2623 3725 non

1574 3753 1791 3818 expedit
1841 3767 2063 3804 cursum
2098 3764 2311 3814 urgere,
2366 3751 2621 3813 pertinaci

1574 3830 1752 3879 studio
1805 3843 2023 3893 semper
2073 3828 2301 3890 dirigere
2354 3828 2406 3876 in
2457 3825 2623 3878 altum

1574 3917 1753 3964 mare,
1791 3917 1969 3966 neque
1997 3916 2226 3964 premere
2263 3901 2498 3964 (radere,
2546 3900 2625 3951 le-

1573 3978 1718 4041 gere)
1772 3976 1895 4026 litus
1960 3978 2222 4038 iniquum,
2288 3976 2420 4026 male
2466 3977 2625 4039 fidum

1575 4054 1732 4115 (Virg.
1787 4055 1917 4102 Aen.
1957 4053 2021 4112 2,
2060 4051 2163 4114 23.)
2217 4054 2439 4115 propter
2487 4050 2623 4099 vada

1575 4128 1630 4175 et
1652 4124 1920 4189 scopulos.
1970 4127 2165 4176 Bassus
2200 4127 2254 4176 in
2278 4124 2487 4175 Anthol.
2514 4122 2620 4173 Pal.

1574 4202 1635 4251 11.
1693 4212 1811 4264 pag.
1872 4200 2002 4250 340:
2062 4197 2218 4264 Μήτε
2269 4215 2344 4264 με
2397 4200 2627 4261 χείματι
