3234 4975
657 450 781 513 658

1479 447 1736 498 nonnil
1770 447 2027 498 EPODON

995 607 1116 669 Aut
1159 602 1359 668 herba
1404 601 1642 689 lapathi
1688 613 1869 689 prata
1914 602 2186 668 amantis
2230 613 2296 669 et
2337 604 2516 689 gravi

1079 722 1322 789 Malvae
1367 721 1666 789 salubres
1710 724 2005 810 corpori,

995 842 1104 911 Vel
1148 864 1316 930 agna
1353 843 1532 910 sestis
1575 863 1772 909 caesa
1814 842 2285 910 Terminalibus

1076 964 1186 1030 Vel
1232 963 1482 1030 haedus
1526 973 1794 1050 ereptus
1836 963 2011 1051 lupo.

991 1087 1123 1152 Has
1168 1085 1332 1151 inter
1374 1083 1603 1172 epulas
1647 1095 1719 1150 ut
1760 1085 1937 1151 iuvat
1978 1097 2198 1172 pastas
2241 1106 2402 1154 oves

1077 1204 1311 1272 Videre
1353 1215 1779 1292 properantes
1823 1204 2088 1272 domum
2106 1257 2121 1283 ,

991 1325 1225 1393 Videre
1271 1325 1479 1391 sessos
1522 1346 1853 1392 vomerem
1898 1326 2225 1393 inversum
2267 1326 2472 1393 boves

1075 1445 1253 1514 Collo
1298 1444 1627 1512 trahentes
1670 1445 1975 1534 languido
1998 1499 2012 1525 ,

653 1702 828 1762 nami,
866 1702 1131 1764 quatenus
1163 1696 1329 1748 bacas
1361 1699 1585 1761 pingues
1621 1698 1703 1748 re-

653 1778 803 1836 runt,
841 1775 943 1839 ipsi
969 1774 1182 1836 pinques
1213 1771 1479 1822 dicuntur.

718 1849 891 1900 57-63.
927 1848 1135 1911 lapathi]
1161 1843 1453 1907 λάπαθον,
1490 1845 1704 1896 Sauer-

650 1923 939 1986 ampfer,
1001 1934 1184 1971 rums-1>
1237 1921 1431 1971 Latinis
1486 1921 1696 1970 dieitur

653 1996 881 2048 Lucilius
923 1996 1065 2060 apud
1109 1996 1219 2046 Cic.
1256 1994 1325 2044 de
1361 1995 1505 2044 Finn.
1541 1995 1601 2056 2,
1637 1995 1698 2056 8,

648 2071 1074 2133 24301αρα11ιο,
1110 2069 1699 2131 “tinctor-emeat,

648 2146 867 2209 comitti
903 2145 1021 2207 quoi
1052 2144 1149 2193 sis!
1183 2144 1288 2193 Sat.
1325 2143 1384 2202 2,
1422 2142 1481 2202 4,
1517 2143 1600 2192 29.
1640 2169 1696 2179 —-

646 2218 825 2285 yrwi]
875 2230 1067 2281 «aegro
1111 2230 1178 2267 ex
1221 2215 1340 2267 alvo
1391 2217 1695 2267 adstricta.»

655 2321 710 2333 —·
746 2292 974 2356 nabao]
1033 2291 1130 2342 Od.
1187 2291 1243 2352 4,
1293 2291 1382 2352 34,
1432 2292 1520 2341 ⁴6:
1573 2290 1701 2340 leves

645 2369 862 2419 malvae.
921 2394 975 2404 —
1045 2365 1291 2430 salubres]
1344 2366 1468 2429 quia
1517 2364 1697 2416 alvum

647 2441 906 2495 molliunt.
944 2439 1132 2493 Celsus
1164 2442 1224 2501 2,
1261 2440 1355 2491 29;
1391 2440 1699 2491 alumnum-

644 2522 761 2568 vent
780 2544 812 2556 -
834 2544 864 2554 -
884 2516 1109 2576 uuluae,
1145 2516 1421 2578 lapaocmn.
1471 2512 1692 2566 Martial.

648 2592 740 2651 40,
782 2589 876 2649 48,
918 2591 985 2640 7:
1044 2591 1431 2640 Exoneraturas
1473 2592 1698 2638 ventrem

645 2665 770 2716 mil&
804 2665 975 2714 villica
1011 2664 1209 2714 malvam
1243 2663 1437 2713 Auula.
1480 2688 1536 2698 —-
1575 2661 1697 2711 Ter-

643 2738 937 2803 minalibus]
969 2752 1056 2788 vu.
1081 2737 1191 2787 Kal.
1219 2739 1369 2788 Mart.
1392 2736 1490 2799 (23.
1518 2734 1694 2796 Febr.)

645 2813 794 2865 ovid.
843 2814 979 2863 Fast.
1027 2812 1261 2872 2,-655:
1319 2810 1596 2874 spargitur
1649 2814 1697 2859 et

645 2899 796 2937 caesa
814 2887 1089 2937 commis
1115 2885 1372 2935 Terminus
1392 2897 1557 2947 aqna,
1592 2884 1697 2934 Nec

644 2962 875 3024 quer-iun·
905 2962 1090 3011 lactem
1119 2973 1235 3009 omn
1265 2959 1358 3008 sibi
1398 2971 1563 3021 porea
1605 2959 1698 3007 da-

644 3041 749 3085 mr.
791 3062 846 3071 -
880 3035 1068 3084 haedus
1098 3033 1322 3096 ereptus]
1360 3030 1580 3083 Martial.
1610 3031 1693 3093 40,

643 3110 736 3171 48,
791 3108 873 3160 44.
935 3111 988 3159 in
1022 3107 1237 3171 frugalis
1279 3120 1482 3158 coenae
1527 3120 1697 3172 appa-

641 3187 791 3234 ratu:
848 3183 1048 3232 Haedus
1095 3183 1357 3231 memnoni
1405 3187 1587 3244 raptus
1631 3181 1696 3230 ab

642 3271 731 3308 ore
759 3257 883 3319 lupi.
920 3256 1006 3305 Sic
1027 3254 1095 3305 de
1118 3252 1267 3305 luero
1290 3255 1694 3318 quodammodo

643 3333 864 3390 coenat,
924 3340 1048 3379 eum
1097 3327 1342 3378 homines
1387 3329 1565 3378 minus
1611 3331 1697 3377 at-

641 3405 773 3456 tenti
826 3402 894 3453 ad
938 3415 1055 3452 rem
1097 3400 1303 3452 haedos
1337 3414 1368 3451 a
1400 3398 1535 3466 lupis
1587 3402 1694 3452 iam

642 3480 925 3530 admorsos
958 3476 1192 3527 abiicere
1215 3473 1438 3525 soleant.
1494 3477 1697 3535 Quam-

641 3566 807 3619 quam
859 3551 1038 3616 opinio
1088 3550 1204 3601 erat
1245 3545 1320 3599 τὰ
1352 3544 1653 3620 λυκόβρωτ

640 3623 909 3699 πρόβατα
929 3623 1000 3675 τὸ
1023 3626 1197 3696 κρέας
1217 3621 1572 3690 γλυκύτατον
1590 3638 1695 3672 κα-

639 3702 848 3772 pexam.
886 3698 1019 3749 Plut.
1058 3700 1304 3762 Sympos.
1331 3699 1389 3758 2,
1425 3698 1474 3747 9.
1515 3722 1564 3735 -
1599 3711 1695 3747 vo-

638 3788 827 3825 merem
848 3772 1127 3836 inversum]
1172 3772 1313 3833 Virg.
1351 3770 1459 3820 Eel.
1497 3770 1557 3830 2,
1595 3771 1689 3819 66:

639 3849 844 3911 Aspice,
870 3852 1058 3897 aratra
1074 3847 1192 3910 iuqo
1206 3845 1433 3908 refer-wit
1454 3856 1695 3906 suspensa

636 3921 849 3972 ὂνυοηοί.
896 3919 1045 3970 ovid.
1073 3920 1210 3970 Fast.
1237 3919 1295 3979 5,
1322 3916 1447 3968 497·
1436 3954 1448 3966 .
1489 3917 1696 3980 Tempus

636 3999 779 4056 erat,
816 4006 916 4056 quo
934 4007 1084 4044 versa
1114 3994 1234 4057 iugo
1254 3992 1547 4056 resumetur
1568 4005 1695 4041 ara-

638 4076 740 4122 ενα.
777 4068 1128 4120 proverbium
1157 4069 1302 4119 erat.
1337 4065 1439 4128 βοῒ
1459 4065 1693 4118 λυθέντι

635 4137 810 4231 εργου
851 4140 1166 4224 infirmatas
1204 4136 1240 4191 ὁ
1274 4136 1445 4207 ζνγὸς
1483 4142 1584 4192 καὶ
1615 4136 1689 4190 τὰ

637 4212 820 4283 σκεύη
863 4210 944 4283 τῷ
978 4211 1373 4283 δυνατωτάτῳ.
1443 4216 1684 4267 Eustatb

639 4291 824 4344 inOd.
863 4288 924 4349 λ,
961 4303 1013 4355 p.
1054 4290 1199 4339 4676.

1841 1699 1923 1749 65.
1977 1699 2059 1750 66.
2118 1698 2329 1763 Positos]
2387 1698 2822 1751 «discumbentes

1775 1772 1843 1823 ad
1869 1786 2149 1825 coenam.»
2188 1800 2242 1811 -
2281 1774 2423 1838 dicis]
2458 1773 2643 1825 Tibull.
2680 1777 2737 1836 2,
2770 1776 2819 1836 4,

1773 1848 1866 1898 23;
1906 1848 2167 1908 Turbaque
2184 1861 2484 1909 vemat-tun,
2509 1851 2671 1898 satiei
2693 1849 2825 1898 bona

1773 1922 1921 1985 siqua
1957 1922 2136 1971 coloni.
2169 1949 2223 1957 -
2272 1922 2502 1986 mannen]
2544 1923 2732 1971 Orator
2752 1922 2821 1973 de

1774 1996 1999 2059 Harusp‘.
2034 2008 2177 2059 resp
2215 1996 2302 2044 42·
2342 2008 2601 2045 servom
2630 1997 2825 2045 mmi—

1772 2082 1869 2130 na,
1906 2070 2135 2132 imagine
2173 2068 2242 2118 ab
2275 2068 2467 2132 apibus
2494 2070 2737 2155 repetita.
2762 2095 2819 2105 -

1774 2142 1975 2192 (Σίν-σω
2007 2142 2146 2205 eet]
2205 2143 2330 2205 quia
2369 2141 2520 2193 focus
2553 2144 2606 2192 in
2641 2142 2822 2193 medio

1772 2219 1906 2267 situs
1924 2219 2055 2279 erat,
2077 2229 2184 2267 non
2203 2216 2272 2266 ad
2294 2218 2574 2280 parietem.
2612 2216 2818 2267 Colum.

1774 2292 1830 2341 R.
1868 2293 1926 2342 R.
1965 2292 2057 2352 44,
2094 2293 2153 2352 4,
2188 2292 2285 2341 49;
2340 2291 2824 2355 Οοπωοεοαιωέιιό-

1771 2365 1877 2430 cue)
1910 2367 2123 2415 rusticos
2150 2368 2290 2416 circa
2310 2367 2493 2417 Larem
2514 2367 2703 2416 domim
2734 2367 2819 2429 fo-

1770 2453 1981 2502 cumque
2025 2440 2335 2503 fanniam-em
2376 2453 2569 2502 semper
2599 2440 2816 2503 epulari.

1771 2513 1924 2564 Silius
1947 2515 2009 2576 7,
2048 2515 2177 2565 476ε
2226 2520 2273 2565 et
2303 2517 2409 2565 ritu
2433 2529 2677 2578 pauperis
2708 2515 2823 2565 σουί

1768 2588 1894 2638 Ante
1936 2589 2073 2651 focos
2106 2602 2323 2639 mensae.
2360 2587 2489 2639 Plin.
2533 2589 2662 2639 Hist.
2698 2590 2817 2638 Nat.

1768 2662 1851 2724 28,
1878 2663 1975 2711 20·
1964 2700 1975 2710 .
2009 2664 2151 2726 focus
2167 2663 2403 2724 Larium,
2440 2676 2538 2725 quo
2568 2663 2823 2724 familia

1767 2737 2009 2786 comente.
2066 2763 2120 2773 —
2183 2737 2488 2800 renidentes]
2544 2750 2649 2786 non
2708 2736 2819 2785 «ab

1768 2811 1888 2873 igne
1921 2807 2304 2873 refulgentes»,
2356 2809 2488 2860 sed:
2529 2811 2652 2873 «qui
2686 2812 2818 2861 tersi

1768 2886 1893 2935 sunt
1924 2895 1989 2934 ae
2024 2881 2170 2947 politi
2193 2903 2239 2944 ,ι
2297 2885 2819 2948 reinqebohnte

1768 2959 1923 3007 Voss.
1972 2957 2053 3008 Ad
2085 2969 2308 3018 vernas,
2344 2960 2404 3007 ut
2434 2956 2650 3008 volebat
2681 2961 2815 3009 Rut-

1768 3033 2003 3095 gersius,
2056 3045 2108 3081 v.
2160 3032 2436 3081 renidentes
2472 3030 2557 3082 vel
2600 3035 2821 3097 propter

1768 3106 2089 3170 positionem
2121 3105 2309 3155 referri
2341 3107 2544 3169 nequit.
2565 3108 2819 3156 -lmita-

1768 3183 1854 3229 tus
1885 3182 1968 3230 est
1999 3181 2243 3230 nostrum
2277 3177 2456 3230 locum
2492 3179 2742 3230 Martialis
2764 3180 2815 3240 3,

1768 3254 1865 3315 68,
1902 3255 2000 3303 223
2039 3253 2257 3317 Oinynoett
2291 3266 2520 3304 mentun
2557 3255 2703 3303 lactei
2740 3255 2819 3317 fi>-

1767 3340 1882 3376 eum
1926 3340 2113 3377 vemae
2173 3328 2238 3377 Bc
2295 3327 2448 3391 larga
2498 3329 2645 3391 festos
2688 3327 2821 3377 lueet

1767 3403 1837 3452 ad
1867 3402 2024 3451 Lam
2055 3402 2199 3452 silva.

1833 3475 1896 3525 67
1930 3501 1960 3512 -
1992 3475 2075 3524 70.
2137 3477 2320 3526 «Haec
2362 3475 2455 3525 ubi
2500 3487 2687 3525 seeum
2734 3473 2819 3524 lo-

1768 3552 1925 3600 cutus
1976 3551 2092 3599 erat
2123 3548 2315 3610 Alfius,
2353 3547 2687 3599 debitoribus
2720 3560 2819 3613 ap-

1766 3621 1998 3688 pellatis,
2072 3623 2141 3673 ad
2192 3623 2317 3674 Idus
2353 3621 2664 3673 solvendam
2713 3621 2818 3672 sibi

1768 3698 1920 3747 curat
1949 3709 2168 3748 omnem
2198 3698 2483 3761 pecuniam
2523 3696 2691 3746 fenori
2724 3696 2820 3746 da-

1768 3774 1908 3832 tam,
1968 3784 2074 3835 qua
2120 3771 2338 3821 iamiam
2382 3773 2527 3822 emat
2572 3771 2815 3835 praedia,

1767 3845 1865 3896 sed
1935 3857 2121 3895 rursus
2190 3843 2494 3895 stimulatus
2560 3845 2779 3894 avaritia
2800 3882 2813 3903 ‚

1768 3920 1980 3984 quaerit
2010 3918 2258 3970 Kalendis
2289 3919 2545 3981 proximis
2584 3917 2819 3969 eandem
2898 3916 2903 3919 “

1767 3993 1935 4043 fenori
1980 3993 2138 4053 dare3
2193 3993 2330 4043 adeo
2373 3994 2704 4052 inoonstans‚
2756 3995 2819 4042 ut

1765 4069 1889 4132 post
1909 4079 2112 4131 paucos
2135 4066 2252 4139 dies
2284 4065 2562 4118 eonsilium
2584 4064 2818 4129 agricul-

1765 4145 1915 4192 turae
1938 4142 1989 4191 in
2006 4144 2285 4204 posterum
2306 4139 2641 4190 exercendae
2663 4152 2819 4204 ρων-

1765 4227 1858 4265 sus
1880 4214 2144 4265 abiiciat.»
2182 4244 2235 4252 —-
2272 4215 2443 4279 Alfius]
2479 4213 2633 4278 Apud
2659 4213 2819 4263 Cioe-

1765 4302 1954 4340 ronem
1988 4291 2071 4339 est
2103 4289 2157 4340 C.
2183 4288 2365 4353 Alfius,
2403 4292 2458 4340 et
2478 4287 2619 4353 apud
2642 4288 2818 4339 Sene-
