3234 4975
1256 327 1457 377 LlBER.
1532 330 1727 379 CARM.
1768 331 1826 378 V.

2515 330 2640 393 679

894 480 1145 548 Tellure
1189 492 1487 569 porrecta
1534 505 1765 571 super,
2549 488 2631 550 80

806 603 1015 680 Quam
1060 623 1189 667 non
1233 623 1455 669 amore
1500 604 1593 671 sic
1638 625 1785 670 meo
1831 604 2065 691 flagres
2110 606 2197 669 uti

887 722 1181 788 Bitumen
1226 723 1380 789 atris
1426 724 1701 810 ignibus.
1750 762 1835 773 -

806 842 940 908 Sub
984 842 1147 909 haec
1191 864 1357 930 puer
1402 817 1528 910 iam
1576 866 1704 910 non
1749 855 1819 911 ut
1862 855 2009 912 ante
2055 845 2353 913 mollibus

888 963 1119 1028 Lenire
1164 963 1383 1030 verbis
1429 965 1700 1052 impias,

800 1082 932 1147 Sed
976 1081 1214 1148 dubius
1261 1083 1433 1150 unde
1480 1097 1813 1172 rumperet
1856 1087 2180 1152 silentium
2551 1091 2635 1152 85

885 1201 1050 1268 Misit
1097 1202 1448 1291 Thyesteas
1494 1225 1756 1291 preces:

802 1324 1060 1388 Venena
1102 1345 1404 1410 magnum
1447 1325 1541 1391 fas
1587 1327 1900 1414 nefasque
1946 1348 2074 1392 non
2118 1327 2332 1394 valent

588 1491 670 1541 84.
709 1493 806 1541 mei
842 1493 984 1554 (cum
1017 1491 1293 1554 Glareano)
1327 1491 1613 1543 Bentleius.
1656 1521 1714 1530 —
1773 1495 1854 1544 87.
1900 1496 2130 1545 Venena!
2181 1509 2425 1559 magnum
2457 1499 2563 1562 sae,

523 1564 788 1627 nefasque,
843 1580 944 1615 non
977 1567 1031 1616 F.
1070 1565 1292 1629 (Venena
1320 1568 1525 1629 maqica
1556 1568 1642 1630 sas
1672 1570 1910 1632 nefasque
1941 1583 2042 1619 non
2074 1571 2269 1632 valent,
2306 1572 2419 1621 Non
2457 1585 2569 1622 ver-

528 1643 631 1688 tere
663 1641 939 1691 hwnanam
969 1643 1126 1692 vicem
1158 1640 1396 1692 malebat
1411 1641 1717 1704 Bentleius.)

457 1795 629 1845 GerL:
667 1802 723 1845 ιιι
745 1799 937 1847 Marsu’
973 1799 1205 1848 colubras
1227 1799 1508 1860 Disrumpit

458 1874 628 1919 cantu.
697 1869 854 1922 Silius
904 1873 960 1931 8,
1014 1872 1135 1924 495:
1189 1879 1246 1922 αι
1295 1872 1505 1934 (novit)

459 1944 685 1993 Marsica
724 1944 880 2006 pubes
926 1947 992 1995 Ει
1041 1947 1223 1996 bellare
1262 1960 1422 1996 manu
1462 1952 1508 1996 et

459 2018 705 2078 chemdm's
735 2024 945 2070 cantare
975 2034 1201 2082 soporem
1229 2022 1510 2082 Vipereum-

454 2104 549 2152 que
581 2092 742 2141 herbis
776 2093 1001 2142 hebetare
1034 2099 1080 2142 et
1122 2095 1346 2143 carmine
1383 2096 1506 2143 den—

454 2170 566 2213 tem.
606 2164 732 2215 Gell.
763 2166 855 2226 ⁴6,
885 2166 938 2215 44
966 2180 977 2213 ε
1013 2168 1201 2217 Marsis
1230 2167 1508 2215 hominibus

452 2263 481 2273 -
513 2264 542 2274 -
584 2239 637 2286 vi
670 2240 895 2298 quadam
935 2239 1142 2300 genitali
1181 2241 1356 2288 datum
1399 2244 1501 2298 est,

451 2316 508 2359 ut
550 2313 852 2372 serpentium
893 2313 1258 2362 virulentorum
1290 2314 1503 2362 domito-

451 2398 534 2434 res
553 2387 652 2434 sint
681 2390 741 2453 et⁴
759 2386 1117 2436 incentionibus
1137 2386 1503 2447 herbarumque

450 2460 582 2509 sucis
621 2460 818 2522 fac-iant
873 2460 1180 2510 medelarum
1227 2462 1496 2511 miraculo.

517 2534 693 2584 77-82.
731 2533 1008 2597 instmdam]
1042 2534 1149 2584 Cio.
1174 2532 1497 2598 Philippii,

451 2609 500 2657 6.
538 2607 606 2657 (16
639 2607 895 2657 Domitio:
931 2607 994 2656 At
1024 2608 1103 2655 nic
1133 2620 1295 2668 nuper
1315 2612 1504 2659 sororis

446 2683 552 2745 filio
583 2682 638 2730 in
661 2682 769 2729 udit
798 2693 1066 2741 venenum,
1113 2695 1215 2730 non
1249 2682 1396 2731 dedit.
1439 2711 1495 2719 —

448 2754 756 2817 Fastidienti]
794 2767 920 2804 «me
956 2755 1326 2818 aspernanti»,
1365 2769 1495 2818 non,

450 2830 508 2878 ut
541 2827 627 2878 alii
669 2826 874 2878 volunt:
930 2829 1065 2890 «qui
1109 2830 1331 2891 propter
1364 2842 1500 2879 nau—

448 2915 599 2951 seam
644 2902 823 2965 priora
867 2900 1057 2965 philtra
1095 2914 1200 2951 non
1243 2904 1494 2964 potavit.»

455 3002 507 3011 -
554 2975 749 3024 caelum
787 2975 926 3038 sidet]
973 2976 1258 3038 «priusque
1305 2978 1496 3026 cuncta

448 3062 630 3098 rerum
687 3052 875 3098 natura
933 3050 1255 3109 invertetur‚
1317 3050 1384 3099 ita
1438 3053 1499 3100 ut

447 3122 656 3172 caelum
703 3123 837 3173 mari
882 3122 1126 3173 subsidat
1174 3123 1320 3173 terra
1363 3125 1497 3174 mari

446 3197 799 3260 superiecta.»
839 3222 894 3233 —
930 3198 1174 3261 Bitumen]
1211 3197 1279 3247 ad
1301 3211 1498 3262 augen-

447 3269 568 3319 dam
626 3271 736 3319 vim
792 3270 1041 3321 flammae
1098 3272 1366 3334 magicae,
1437 3275 1498 3322 ut

449 3344 585 3405 virg.
633 3341 740 3393 Ecl.
778 3343 839 3403 8,
887 3344 978 3394 82:
1035 3345 1246 3408 fragiles
1292 3347 1497 3398 incende

445 3415 681 3465 bitumine
712 3417 908 3466 laurus.
951 3446 1005 3455 —-
1051 3420 1198 3481 atris]
1247 3421 1494 3472 Bitumen

445 3489 620 3551 ipsum
662 3490 867 3551 nimum
912 3490 1076 3553 (virg.
1115 3495 1205 3541 Ge.
1245 3493 1304 3551 3,
1350 3494 1491 3556 45⁴.)

445 3564 640 3613 ardens
696 3565 930 3626 spissum
992 3564 1198 3615 fumum
1266 3567 1489 3618 exhalat.

443 3639 557 3687 Non
592 3636 827 3701 loquitur
867 3638 952 3686 hic
987 3638 1298 3701 de-ignihus
1334 3654 1495 3703 rogo-

444 3724 595 3771 rum,
633 3713 694 3759 ut
727 3710 822 3760 Od.
862 3710 917 3770 4,
958 3712 1046 3771 ⁴2,
1085 3712 1166 3761 26.
1223 3740 1232 3748 ι

507 3785 571 3833 83
593 3784 719 3833 -86,
773 3785 875 3833 Sub
907 3784 1046 3848 haec}
1096 3787 1311 3837 «Statim
1344 3789 1494 3851 post-

444 3871 603 3920 quam
658 3858 876 3907 Canidia
922 3857 1057 3908 haec
1099 3859 1268 3910 verba
1316 3861 1489 3910 fecit.»

448 3959 500 3966 —
528 3931 698 3993 lenire]
738 3945 873 3981 «non
911 3932 1016 3980 iam
1051 3931 1216 3982 lenire
1254 3933 1494 3983 tentabat

444 4018 626 4068 sagas,
683 4006 880 4069 quippe
925 4006 1009 4054 cui
1056 4005 1358 4069 desperatio
1395 4007 1492 4056 ad-

444 4079 597 4129 deret
643 4079 854 4129 dicendi
898 4078 1252 4130 libertatem.»
1294 4108 1345 4115 —
1395 4082 1492 4129 du-

442 4154 565 4217 bius]
605 4153 703 4204 «oh
739 4155 1017 4204 horrorem
1044 4168 1105 4204 ac
1130 4153 1366 4204 furorem
1392 4153 1492 4203 du-

1582 1797 1733 1858 bius,
1773 1797 1915 1848 unde
1939 1797 2191 1860 loquendi
2226 1798 2504 1849 exordium
2539 1813 2632 1851 su-

1582 1872 1810 1921 meret.»
1878 1873 1955 1921 Ita
2003 1874 2209 1923 Drusus
2255 1886 2451 1937 exspes
2491 1875 2630 1923 vitae

1583 1944 1865 1995 meditatas
1901 1945 2335 2018 compositasque
2372 1946 2514 1997 diras
2536 1947 2633 1996 im-

1580 2021 1832 2081 precatur
1871 2018 2081 2069 Tiberio
2117 2020 2261 2082 apud
2295 2021 2458 2071 Tacit.
2492 2023 2627 2071 Ann.

1580 2092 1638 2152 6,
1676 2092 1757 2142 24.
1801 2120 1855 2129 —
1899 2094 2155 2154 Thyesteas
2180 2095 2369 2158 preces]
2407 2107 2631 2158 «proru-

1579 2166 1656 2227 pit
1688 2166 1741 2215 in
1776 2165 1946 2226 diras,
1985 2164 2169 2229 quales
2204 2168 2469 2229 Thyestae
2513 2167 2631 2217 sue-

1577 2240 1701 2286 rant
1736 2239 1785 2286 in
1822 2238 2154 2288 exsecrando
2186 2240 2374 2297 Atreo,
2414 2242 2505 2302 qui
2528 2240 2630 2289 sra-

1576 2311 1643 2358 tri
1680 2309 1813 2360 filios
1851 2310 2141 2361 trucidatos
2176 2312 2229 2359 in
2262 2312 2428 2361 frusta
2460 2313 2631 2362 disse-

1576 2386 1692 2434 ctos
1744 2386 1799 2434 et
1844 2386 2025 2434 coctos
2071 2387 2444 2447 apposuerat.»
2514 2387 2622 2435 Cic.
2641 2403 2671 2430 ·-

1575 2459 1730 2508 Tusc.
1770 2459 1825 2517 4,
1870 2456 1963 2509 44:
2017 2458 2332 2507 Exsecratur
2372 2459 2630 2509 luculentis

1574 2545 1693 2581 sane
1724 2532 1953 2582 versibus
1984 2533 2121 2593 apud
2141 2533 2362 2581 Ennium
2388 2534 2623 2595 Thyestes,

1566 2607 1796 2667 primum
1827 2610 1883 2654 uc
1915 2606 2190 2669 naufragio
2216 2612 2398 2667 pereat
2426 2608 2621 2657 Atreus.

1571 2706 1600 2715 —
1622 2706 1652 2715 -
1687 2679 1910 2729 deinde:
1948 2682 2055 2740 Ipse
2085 2681 2291 2729 summis
2321 2681 2464 2730 savis
2491 2683 2629 2744 fioeus

1572 2754 1784 2815 asperis,
1822 2754 2145 2814 evisceratus,
2183 2754 2362 2803 Latere
2386 2756 2623 2816 peridem,

1570 2840 1710 2876 saxa
1745 2840 1989 2889 spargens
2032 2827 2147 2876 tabo
2163 2865 2181 2888 ,
2226 2828 2370 2876 sanie
2413 2833 2461 2877 et
2501 2841 2624 2878 san-

1569 2901 1722 2963 quine
1744 2906 1874 2950 atro.
1916 2900 2038 2963 (Cir.
2068 2903 2179 2951 Cic.
2206 2902 2259 2951 in
2282 2901 2382 2952 Pis,
2412 2902 2500 2961 49,
2538 2901 2618 2952 43.

1571 2975 1754 3036 111111.)
1823 2976 1996 3024 Preces
2044 2978 2225 3025 autem
2276 2976 2327 3024 in
2384 2974 2622 3039 pedestri

1571 3060 1787 3111 quoque
1822 3049 2061 3098 oratione
2104 3062 2203 3113 pro
2239 3048 2623 3099 exsecrationi-

1571 3121 1690 3173 bus.
1752 3122 1951 3172 Caesar
1982 3124 2040 3171 B.
2081 3124 2139 3171 G.
2179 3122 2239 3182 6,
2278 3121 2360 3172 34.

1635 3196 1810 3246 87-90.
1866 3196 2075 3260 Venena]
2122 3196 2258 3245 Vera
2296 3198 2619 3247 constructio

1569 3271 1705 3320 haec
1739 3273 1843 3323 est:
1881 3272 2129 3335 Magnum
2160 3271 2242 3332 fas
2272 3273 2511 3335 nefasque
2530 3272 2623 3320 hu—

1565 3358 1777 3395 manam
1807 3346 1965 3395 vicem
1994 3360 2097 3395 non
2126 3346 2295 3394 valent
2335 3350 2619 3394 convertere

1563 3432 1789 3477 venena3
1857 3418 1910 3467 id
1962 3422 2077 3479 est,
2134 3416 2324 3479 «leges
2374 3417 2616 3477 divinae,

1567 3492 1764 3556 quibus
1815 3492 2152 3553 distinguitur
2200 3491 2280 3540 fas
2331 3493 2385 3540 et
2430 3490 2614 3551 nefa8‚

1568 3578 1718 3615 more
1748 3565 2017 3628 modoque
2051 3563 2327 3613 hominum
2353 3564 2618 3626 (humanis

1565 3638 1830 3700 sensibus)
1868 3652 1974 3688 non
2009 3636 2188 3688 valent
2225 3643 2511 3687 convertere
2548 3639 2616 3701 (in

1566 3713 1917 3769 contrariam,
1957 3712 2008 3762 id
2045 3713 2128 3761 est
2162 3712 2214 3760 h.
2242 3710 2276 3760 l.
2317 3710 2613 3774 meliorem,

1566 3790 1774 3849 partem
1793 3787 2011 3836 flectere
2036 3798 2100 3834 ac
2122 3782 2304 3847 lenire)
2338 3786 2613 3847 veneficia,

1565 3858 1741 3922 qualia
1762 3873 1860 3910 vos
1895 3859 2111 3909 immani
2137 3858 2298 3908 modo
2323 3861 2611 3911 exercetis:

1567 3947 1696 3994 ergo
1734 3935 1896 3982 meris
1928 3932 2174 3981 sensibus
2209 3933 2455 3983 humanis
2490 3934 2621 3984 mol-

1567 4005 1812 4067 libusque
1858 4004 2108 4068 precibus
2142 4004 2366 4066 relictiS‚
2422 4007 2617 4070 quibus

1566 4093 1664 4129 vos
1700 4080 1941 4141 mitigare
1978 4081 2080 4129 iam
2118 4080 2374 4144 despero,
2422 4081 2491 4129 ad
2528 4094 2616 4130 rc-
2640 4118 2657 4124 -

1566 4152 1785 4217 ligiones
1818 4167 2093 4205 recurram
2117 4154 2351 4217 dirisque
2376 4166 2471 4203 vos
2499 4168 2618 4202 exa-
