3234 4975
1259 373 1376 422 LIB.
1415 372 1475 421 11.
1548 372 1605 421 C.
1644 372 1773 421 xlll.

2487 358 2600 425 28⁴

781 982 893 1048 Ille
941 991 1006 1047 et
1048 981 1294 1047 nefasto
1341 992 1402 1047 te
1446 980 1664 1067 posuit
1706 979 1847 1055 die,

780 1104 1168 1190 Quicunque
1211 1100 1513 1189 primum,

1567 1112 1633 1167 et
1675 1099 1990 1187 sacrilega
2036 1121 2226 1166 manu

863 1222 1208 1299 Produxit,
1256 1222 1480 1297 arbOS,
1529 1223 1593 1286 in
1640 1232 1945 1309 nepotum

575 1394 703 1444 xl11.
775 1394 941 1444 Inscr.
979 1391 1116 1455 volg.
1169 1392 1229 1441 Iu
1262 1392 1526 1451 arborem,

1578 1392 1721 1440 euius
1770 1403 1891 1439 casu
1924 1391 1979 1439 in
2012 1404 2139 1453 aqro
2172 1388 2358 1438 Sabino
2383 1404 2547 1452 paene

510 1479 768 1529 oppressus
799 1471 884 1517 est.
939 1492 994 1502 —
1045 1467 1122 1516 Ad
1154 1466 1386 1515 arborem
1419 1466 1516 1515 BT.
1577 1493 1634 1501 —
1685 1466 1761 1514 Ad
1793 1464 2026 1514 arborem
2057 1465 2199 1514 euius
2230 1477 2353 1513 casu
2378 1478 2540 1526 paene

504 1543 762 1603 perierat,
816 1556 851 1591 a
885 1555 988 1603 qua
1020 1554 1281 1604 oppressus
1313 1554 1428 1590 eam
1460 1544 1755 1589 exsecratur
1787 1537 1841 1588 b.
1902 1566 1954 1576 —
2013 1539 2091 1588 Aa
2123 1539 2357 1588 arborem
2390 1552 2550 1600 αραι-

509 1616 603 1665 tice
636 1617 763 1679 (sicz
824 1615 878 1665 id
913 1618 1027 1677 est,
1081 1609 1441 1680 ἄπευκτική.)
1492 1613 1755 1664 tetracolos
1788 1614 1838 1661 S.
1897 1639 1952 1647 —
2009 1612 2087 1662 Aa
2135 1612 2368 1661 arborem
2411 1614 2551 1661 cuius

513 1702 634 1739 casu
657 1703 821 1751 paene
847 1691 1074 1752 perierat
1108 1704 1155 1740 c.
1218 1719 1271 1727 —
1334 1692 1379 1741 ⁴.
1417 1690 1598 1749 mum,
1647 1692 1694 1737 et
1725 1687 1915 1749 nefasto
1950 1689 2010 1736 N.
2050 1687 2296 1738 Heinsius
2318 1725 2330 1747 ,
2383 1687 2547 1743 Illum,

513 1777 571 1824 o,
604 1765 796 1827 nefasto
827 1763 995 1815 Bentl.
1034 1765 1201 1824 coni.,
1239 1766 1408 1824 mma,
1444 1766 1637 1828 nefasto
1671 1766 2036 1815 Buttmannus.

511 1921 640 1972 xm.
709 1924 823 1973 Non
866 1923 980 1973 sine
1028 1924 1213 1974 festiva
1259 1923 1492 1988 quadam
1568 1922 1731 1974 Hebr.
1760 1936 1813 1986 p.
1854 1922 1966 1973 ⁴53.
2006 1922 2091 1972 ed.
2116 1920 2436 1973 Rosenmiill.
2462 1922 2615 1979 ratio,

446 1995 743 2059 hyperbola
820 1995 1071 2048 arborem
1147 2001 1455 2049 exsecratur
1478 2037 1490 2058 ,

1568 1999 1658 2060 qui
1710 1997 2011 2059 distinguit:
2070 1997 2158 2046 Ille
2203 2001 2251 2046 et
2298 1996 2510 2060 (nefasto
2533 2021 2562 2032 -
2585 2021 2615 2031 —

449 2071 602 2120 cuius
652 2083 780 2120 casu
828 2084 1001 2134 paene
1045 2084 1335 2135 oppressus
1381 2076 1496 2122 erat
1559 2071 1736 2135 ρειαί),
1809 2071 1957 2121 Illum
2010 2076 2083 2131 et,
2154 2072 2306 2134 quasi
2363 2069 2620 2120 voluisset

448 2145 502 2193 in
535 2157 662 2206 agro
683 2158 780 2195 suo
804 2143 1032 2205 Sabin03
1070 2145 1264 2195 deinde
1301 2147 1495 2196 immo-

451 2219 599 2267 ratur
631 2218 684 2267 in
718 2220 980 2268 sententia
1015 2219 1083 2268 de
1118 2220 1332 2270 incertis
1356 2220 1492 2269 vitae

448 2290 663 2342 casibus
685 2291 984 2355 desinitque
1008 2293 1061 2343 in
1085 2291 1493 2357 contemplanda

449 2364 658 2427 piorum
691 2364 1049 2426 beatitudine,
1100 2368 1329 2417 maxime
1369 2381 1495 2417 cum

448 2453 605 2491 aures
640 2440 901 2505 praebent
941 2440 1119 2493 Alcaei
1165 2445 1220 2494 et
1252 2444 1496 2508 Sapphus

451 2515 792 2566 carminibus.
864 2517 966 2565 Ter
999 2520 1180 2568 autem
1214 2522 1494 2581 praeterea

449 2587 583 2639 illius
604 2589 823 2653 periculi
847 2592 1176 2642 mentionem
1202 2592 1356 2641 facit:
1396 2592 1491 2641 Od.

449 2663 507 2723 2,
547 2663 637 2723 ⁴7,
675 2665 759 2713 27.
830 2664 927 2714 Od.
972 2664 1031 2724 3,
1077 2664 1134 2725 4,
1179 2667 1260 2715 27.
1308 2669 1362 2714 et
1396 2665 1492 2714 Od.

449 2735 507 2795 3,
532 2736 582 2796 8,
608 2737 654 2786 8.
702 2738 1008 2801 scriptionis
1042 2741 1255 2802 tempus
1290 2739 1497 2789 definiri

451 2811 648 2873 nequit.
717 2810 989 2873 Nonnulli,
1028 2815 1087 2862 ut
1119 2812 1494 2872 Walckenaer,

453 2883 775 2935 arbitrantur
813 2899 862 2935 a.
906 2899 959 2935 u.
1002 2899 1049 2935 c.
1104 2887 1216 2936 733.
1304 2888 1498 2937 Contra

451 2959 820 3010 Lachmannus
854 2962 987 3023 App.
1026 2960 1095 3009 ad
1129 2961 1409 3011 Frankium
1443 2974 1496 3025 p.

450 3030 565 3082 240.
623 3034 844 3096 propter
897 3046 949 3082 v.
1017 3035 1099 3084 27.
1159 3035 1228 3084 ad
1280 3049 1327 3084 a.
1381 3036 1495 3086 725.

451 3106 636 3167 refert,
703 3106 1031 3171 probabilius
1088 3110 1249 3159 etiam
1297 3109 1501 3160 Weber

450 3182 620 3231 Hor-az
651 3195 705 3245 p.
748 3182 864 3232 260.
904 3182 971 3232 ad
1018 3197 1065 3232 a.
1095 3184 1205 3235 724.
1255 3211 1310 3220 —
1349 3185 1500 3234 Prin—

452 3256 588 3318 cipio
652 3256 833 3304 autem
889 3253 1216 3319 aliquantum
1289 3256 1500 3307 turbato

452 3333 612 3395 atque
650 3329 891 3379 intricato
914 3330 982 3379 de
1018 3330 1274 3382 industria
1305 3332 1497 3393 utitur,

452 3403 605 3466 quasi
637 3404 839 3452 recenti
874 3405 1165 3455 etiamtunc
1189 3405 1498 3456 discrimine

452 3490 516 3527 ac
550 3479 752 3527 terrore
783 3476 1079 3541 perculsus.
1121 3481 1372 3541 (Fuerunt
1403 3481 1501 3530 ho-

454 3552 627 3601 mines
666 3551 793 3600 artis
828 3552 1072 3615 poeticae
1107 3553 1284 3604 minus
1319 3555 1495 3617 gnari,

453 3626 543 3688 qui
590 3625 691 3675 hos
743 3628 994 3687 quattuor
1042 3639 1127 3674 vv.
1176 3629 1501 3679 resecandos

454 3701 737 3750 censerent
770 3701 829 3749 ut
861 3700 1210 3760 subditicios.)

521 3776 568 3822 4.
627 3773 713 3822 Ille
747 3775 818 3838 et]
871 3774 1207 3825 Constructio
1244 3777 1356 3824 est:
1417 3775 1502 3826 lue

453 3854 500 3898 et
530 3849 722 3910 nefasto
767 3854 813 3898 te
839 3850 1010 3911 posuit
1054 3849 1157 3908 die,
1215 3850 1506 3911 Quicunque

445 3924 672 3984 primum
689 3924 855 3983 posuit
879 3922 1184 3986 (plantavit),
1213 3929 1258 3972 et
1282 3923 1502 3986 (postea)

446 3997 694 4059 producit
725 3998 975 4061 sacrileqa
1003 4011 1178 4048 mauu.
1240 3998 1323 4047 Sic
1359 3997 1507 4047 facil-

1568 2145 1805 2196 scribere
1838 2146 1926 2195 Ille
1958 2150 2005 2194 et
2033 2146 2212 2208 freyn,
2267 2146 2382 2193 tum
2418 2145 2620 2207 impetu

1566 2219 1735 2284 lyrico
1770 2218 2063 2282 abreptus,
2104 2220 2398 2282 interrupto
2441 2218 2618 2281 priore

1569 2293 1807 2353 consilio,
1846 2295 1915 2343 ita
1950 2295 2305 2358 perrexissem
2358 2293 2505 2341 Illum
2525 2296 2622 2341 et-

1567 2369 1862 2418 creatam-im
1896 2368 2134 2429 Fregit-se.
2171 2369 2238 2417 At
2260 2365 2379 2415 talia
2402 2359 2621 2414 ἀνακό-

1569 2442 1757 2494 λουθα
1789 2440 1857 2491 ab
1882 2441 2167 2491 Horatiano
2191 2439 2402 2490 dicendi
2425 2452 2621 2502 genere

1569 2530 1791 2582 prorsus
1825 2515 2132 2565 abhorrent.
2174 2541 2229 2551 —-
2284 2515 2436 2565 Addo
2470 2518 2621 2564 vete—

1570 2603 1688 2640 rem
1723 2591 2213 2639 Commentatorem
2237 2589 2369 2638 Cod.
2397 2590 2619 2650 Franeq.

1571 2665 1717 2728 apud
1749 2665 1967 2714 Bosium
2000 2676 2054 2726 p.
2093 2663 2190 2712 38:
2252 2661 2483 2721 «Arbor,
2540 2661 2623 2710 ille

1572 2739 1883 2803 quicunque
1936 2738 2171 2800 primum
2204 2735 2452 2799 produxit
2485 2738 2536 2785 te
2572 2736 2623 2784 in

1573 2814 1829 2877 nepotum
1864 2811 2160 2875 perniciem
2195 2811 2249 2859 et
2277 2808 2624 2874 opprobrium

1574 2889 1721 2953 pagi,
1777 2887 1957 2951 posuit
2004 2889 2058 2935 te
2112 2886 2166 2934 et
2209 2884 2414 2934 nefasto
2449 2884 2536 2933 die
2572 2887 2625 2933 et

1572 2960 1829 3023 sacrilega
1866 2972 2081 3010 manu.»
2140 2985 2192 2994 —
2244 2959 2458 3022 nefasto]
2513 2958 2621 3008 Csr.

1574 3036 1670 3085 od.
1712 3037 1767 3096 ⁴,
1804 3036 1893 3092 35,
1931 3033 2013 3084 35.
2053 3032 2174 3088 Η.1.
2214 3035 2298 3082 est
2329 3026 2623 3104 ἀποφράς,

1574 3109 1691 3161 dies
1760 3113 1906 3171 ater,
1976 3109 2247 3169 funestus,
2322 3121 2453 3168 usu,
2536 3107 2627 3171 qui

1572 3198 1673 3249 per
1694 3187 1881 3248 poetas
1914 3184 2145 3233 maxime
2171 3182 2453 3233 invaluisse
2480 3182 2627 3232 vide-

1573 3261 1676 3308 tur.
1716 3256 1843 3308 Gell.
1869 3259 1931 3307 N.
1958 3259 2017 3306 A.
2046 3257 2105 3316 4,
2132 3257 2189 3306 9:
2235 3256 2629 3320 [tutatust-dios

1573 3334 1801 3382 dieunter
1852 3329 1987 3381 tristi
2061 3332 2225 3381 omine
2272 3332 2484 3395 infames
2529 3331 2630 3379 im-

1566 3408 1852 3469 peditique;
1876 3432 1906 3443 -
1927 3432 1957 3442 -
1982 3419 2105 3467 quos
2123 3405 2389 3454 multitudo
2421 3404 2630 3465 anper-i-

1573 3486 1741 3530 terum
1781 3492 1947 3542 prave
1995 3483 2043 3529 et
2089 3491 2360 3540 perperam
2414 3477 2631 3540 nefastos

1575 3555 1846 3617 appellant.
1900 3554 2148 3603 Attamen
2172 3553 2279 3602 iam
2304 3553 2411 3601 Liv.
2439 3551 2499 3611 6,
2535 3551 2625 3601 28:

1574 3636 1715 3680 terra
1749 3655 1777 3665 -
1809 3629 2007 3692 nefasta
2036 3627 2281 3677 victoriae
2313 3639 2449 3676 suae.

1641 3705 1689 3756 3.
1728 3705 1776 3756 4.
1812 3703 2081 3767 Producit]
2121 3700 2328 3760 «coluit,
2356 3700 2628 3760 educavit,

1577 3780 1798 3840 curavit,
1836 3781 1896 3829 ut
1919 3790 2216 3837 cresceres»,
2242 3774 2388 3825 velut
2410 3787 2476 3824 eo
2500 3787 2631 3823 con-

1578 3851 1722 3914 silio,
1761 3856 1818 3902 ut
1853 3852 2139 3916 aliquando
2161 3855 2412 3913 nepotum,
2450 3851 2632 3913 poste·

1579 3928 1802 3986 riorum,
1841 3926 1995 3976 alicui
2032 3926 2314 3983 incidereS,
2353 3937 2460 3987 quo
2495 3923 2632 3972 sacto

1582 4003 1842 4064 perpetua
1896 3999 2108 4049 infamia
2155 4002 2429 4062 premeret
2462 4000 2632 4047 totum

452 4070 576 4122 lim0
612 4074 894 4122 amovetur
928 4074 1230 4124 coniectura
1270 4075 1324 4123 et
1346 4075 1510 4123 Bent-
1583 4086 1781 4136 pagum
1832 4073 2079 4133 (maxime
2113 4073 2331 4136 quidem
2366 4073 2409 4123 si
2447 4073 2633 4122 Roma-

451 4143 536 4194 leii
572 4145 745 4206 Illum,
806 4160 862 4207 o,
898 4149 1088 4210 nefasto
1124 4151 1177 4198 et
1210 4147 1510 4198 Buttmanni
1585 4159 1684 4195 nae
1730 4147 1907 4209 fidicen
1965 4147 2108 4208 lurae
2157 4161 2222 4197 eo
2286 4161 2413 4197 casu
2471 4145 2632 4196 elisus

452 4220 627 4281 Illum,
681 4221 873 4283 nefasto
923 4225 977 4271 et
1012 4222 1223 4273 Lowthii
1260 4222 1327 4272 de
1362 4223 1512 4286 poesi
1589 4221 1804 4282 essen.»
1842 4219 2101 4284 Explicari
2135 4234 2240 4271 non
2275 4223 2473 4285 potest:
2513 4219 2633 4281 «qui
