3234 4975
628 394 750 460 ⁴46

1393 393 1652 444 HoRATn
1686 392 2023 443 CARfflNUM

1052 550 1343 627 GaudeS,
1390 549 1647 636 apricos
1691 557 1876 615 necte
1921 546 2148 621 flores,

1128 675 1323 739 Necte
1368 691 1516 737 meo
1563 672 1820 736 Lamiae
1865 688 2201 741 coronam,

964 831 1247 919 Pimplea
1291 829 1529 897 dulcis!
1597 828 1693 896 Nil
1739 827 1881 895 sine
1926 836 1989 893 te
2035 826 2163 892 mei

961 956 1237 1020 Prosunt
1277 951 1589 1017 honores:
1639 948 1808 1015 hunc
1850 946 2088 1015 fidibus
2134 946 2354 1020 novis,

2716 946 2792 1010 to

752 1246 800 1295 9.
838 1243 1007 1306 Piplea
1048 1241 1186 1301 BbT,
1221 1241 1428 1303 Pimplez·
1464 1253 1589 1290 cum
1611 1241 1672 1290 N.
1701 1239 1914 1290 Heinsio
1938 1236 2106 1289 Bentl.
2146 1241 2201 1288 et
2234 1240 2287 1288 F.
2321 1267 2374 1274 --
2404 1239 2483 1288 ⁴0.
2521 1240 2725 1289 Possemc

688 1332 814 1370 cum
846 1315 897 1377 δ,
936 1316 1175 1367 Lambini
1209 1314 1410 1377 aliquot
1443 1317 1498 1365 et
1529 1313 1843 1364 Bersmanni
1877 1326 1984 1363 uno
2017 1311 2185 1364 Bentl.

2244 1313 2322 1374 (Ut
2357 1325 2470 1373 noS,
2508 1312 2695 1363 BbSTc
2713 1352 2723 1371 ,

687 1395 820 1443 Pott.
860 1403 1075 1449 omnes;
1105 1394 1315 1452 possunt
1348 1390 1508 1439 etiam
1542 1387 1673 1439 Cod.
1718 1388 1876 1452 Lips.)

623 1656 682 1705 ⁴2:
741 1654 881 1701 iuvat
934 1653 1153 1713 intem-os
1205 1651 1438 1699 accedere
1494 1648 1670 1710 sontes,

624 1728 762 1790 Virg.
789 1729 881 1776 Ge.
918 1727 978 1785 2,
1019 1725 1141 1774 ⁴75:
1177 1728 1374 1773 sanctos
1403 1734 1557 1771 att-ms
1586 1735 1674 1771 ro-

622 1802 820 1851 cludere
848 1800 1022 1862 fontes.

688 1902 736 1950 7.
776 1900 989 1963 apricos]
1030 1900 1112 1949 «in
1144 1897 1276 1949 locis
1301 1899 1493 1963 apricis
1519 1900 1673 1947 natos

624 1976 679 2024 et
710 1978 993 2039 propterea
1031 1972 1220 2023 melius
1245 1973 1448 2023 olentes
1472 1986 1536 2021 ae
1556 1969 1673 2021 lae-

625 2044 840 2099 tissimis
908 2046 1175 2098 coloribus
1244 2048 1511 2097 nitentes»
1532 2085 1543 2107 ,
1614 2048 1675 2093 ut

626 2124 773 2173 ovid.
815 2124 934 2174 Met.
964 2121 1012 2183 t,
1040 2122 1160 2171 33⁴:
1199 2122 1292 2171 Hic
1324 2122 1461 2171 color
1493 2122 1674 2183 aprica

622 2198 945 2261 pendentibus
998 2197 1180 2247 arbore
1229 2198 1407 2259 pomis,
1460 2224 1513 2232 —
1561 2198 1673 2245 Nec

625 2287 754 2324 vero
787 2272 872 2323 bis
906 2273 1051 2322 idem
1085 2273 1212 2322 dicit
1233 2275 1410 2337 poeta,
1447 2274 1506 2320 ut
1527 2274 1674 2321 ratus

629 2350 712 2397 est
746 2349 805 2397 H.
846 2345 1174 2410 Peerlkamp,
1215 2347 1312 2396 sed
1336 2349 1443 2396 est:
1484 2347 1673 2395 «necte

626 2434 910 2482 coronam,
957 2422 1011 2469 et
1054 2420 1271 2483 quidem
1309 2422 1514 2484 privam
1550 2433 1673 2469 eam

628 2509 750 2545 meo
786 2495 1050 2545 Lamiae.»

693 2598 741 2647 8.
801 2596 1057 2660 coronam]
1114 2598 1284 2661 Saepe
1320 2596 1388 2646 de
1423 2598 1677 2648 carmini-

627 2672 729 2723 bus
764 2673 817 2722 in
851 2671 1065 2722 laudem
1100 2670 1320 2722 alicuius
1345 2673 1671 2736 compositis.

631 2746 778 2797 Pind.
850 2744 1058 2809 olymp.
1119 2747 1177 2808 6,
1236 2747 1328 2796 86:
1398 2740 1676 2833 ἀνδράσιν

629 2822 976 2885 αἰχματαῖσι
1024 2817 1246 2870 τλέκων
1287 2819 1563 2872 Ποικίλον
1608 2812 1677 2872 ὕ-

630 2911 796 2961 μνον.
835 2897 986 2944 Nem.
1024 2895 1073 2954 7,
1099 2895 1187 2945 77:
1227 2893 1418 2965 Εἴρειν
1451 2892 1675 2957 στεφά-

631 2985 768 3031 νους
802 2964 1076 3038 ἐλαφρόν·
1121 2962 1435 3028 ἀναβάλεο·
1480 2966 1678 3020 Μοῖσά

628 3059 722 3093 τοι
761 3039 956 3109 Κολλᾷ
996 3038 1218 3126 χρυσὸν
1260 3036 1323 3092 ἔν
1367 3059 1428 3094 τε
1472 3042 1679 3095 λευκὸν

631 3117 899 3178 ἐλέφανθ’
942 3110 1070 3180 ἁμᾶ
1103 3117 1216 3167 Καὶ
1250 3114 1462 3206 λείριον
1502 3113 1678 3169 ἄνθε-

632 3206 746 3257 μον
781 3191 1018 3252 ποντίας
1041 3184 1301 3251 ὖφελοΐσ’
1328 3192 1548 3261 ἐέρσας·
1585 3192 1678 3243 ubi

632 3267 780 3316 Musa
826 3277 1081 3314 coronam
1126 3267 1289 3316 nectit
1328 3265 1482 3330 longe
1524 3267 1682 3318 nobi-

633 3339 891 3390 lissimam
935 3352 1001 3388 ex
1034 3351 1189 3400 auro,
1228 3339 1419 3402 ebore,
1463 3341 1677 3393 cot-alio,

634 3413 862 3499 Antipat.
890 3413 997 3462 Sid.
1023 3413 1119 3476 Ep
1147 3414 1228 3463 70.
1266 3414 1334 3464 de
1358 3417 1676 3481 Sapphone:

634 3476 708 3549 ἇς
756 3487 906 3552 μέτα
951 3483 1147 3536 Πειθώ
1175 3482 1401 3539 ΟἘ’Ζαέλεῦἐ
1442 3487 1681 3556 ἀείζωον

636 3559 914 3633 Πιερίδων
955 3563 1266 3623 στέφανον.
1339 3567 1590 3618 Ceterum
1624 3582 1676 3617 v.

637 3637 685 3686 8.
751 3639 834 3686 est
886 3635 1261 3699 praecedentis
1316 3636 1676 3708 ἐπεξήγησις·

637 3711 823 3759 :necte
846 3710 1027 3771 florea,
1066 3711 1261 3774 quibus
1285 3717 1568 3764 coronetur
1589 3717 1686 3764 La-

635 3784 813 3832 miam
860 3797 962 3834 nec
1004 3798 1134 3835 vero
1173 3787 1678 3851 interpungendum:

636 3859 835 3943 apricos
865 3864 1003 3909 necle
1033 3862 1207 3924 florea,
1251 3868 1404 3923 necto,
1438 3877 1547 3913 meo
1579 3864 1683 3913 La-

635 3944 769 3982 mnae
799 3945 1055 3983 coronam.

704 4024 753 4073 9.
795 4024 1032 4089 Punptea]
1070 4025 1259 4076 strabo
1295 4027 1343 4087 9,
1369 4028 1450 4077 25.
1476 4041 1530 4091 p.
1556 4027 1679 4079 440·

637 4094 891 4148 ἐνταῦθα
925 4098 993 4160 (in
1015 4099 1246 4163 Boeotia)
1281 4097 1329 4148 δ
1364 4099 1489 4152 ἐστὶ
1520 4097 1589 4151 τό
1622 4115 1685 4153 τε

640 4167 757 4221 τῶν
787 4169 1039 4224 Μουσων
1081 4170 1237 4257 ἱερὸν
1278 4174 1377 4224 καὶ
1420 4169 1456 4241 ἦ
1481 4167 1683 4227 Ἵππου

1748 1643 1994 1712 νυμφῶν
2014 1640 2243 1717 ἄντρον·
2267 1643 2330 1711 ἐξ
2353 1636 2423 1698 οὖ
2448 1661 2544 1697 τεκ
2688 1651 2791 1698 οιτ

1746 1715 1824 1772 ἅν
1876 1737 1964 1784 τις
2018 1720 2251 1791 Θρᾷκας
2306 1718 2452 1773 εἶναι
2506 1720 2644 1786 τοὺς
2693 1720 2793 1773 τὸν

1740 1791 2020 1846 Ἑλικῶνα
2053 1803 2181 1859 ταῖς
2211 1794 2476 1859 Μούσαις
2513 1795 2795 1869 καθιερώ-

1748 1886 1981 1933 σαντας·
2035 1872 2095 1921 οἳ
2133 1871 2233 1921 καὶ
2271 1868 2380 1936 τὴν
2420 1870 2655 1941 Πιερίδα
2695 1872 2795 1921 καὶ

1749 1942 1816 1996 τὸ
1850 1945 2109 2034 Λείβηθρ
2111 1962 2178 1995 ον
2212 1947 2310 1996 καὶ
2344 1943 2450 2012 τὴν
2472 1946 2796 2012 Πίμπλειαν

1748 2027 1874 2083 ταῖς
1908 2016 2110 2084 αὑταῖς
2132 2022 2297 2085 θεαῖς
2318 2016 2631 2085 ἀνέδειξαν.
2669 2022 2798 2074 ἑκα-

1748 2093 1956 2146 λοῦντο
1997 2094 2059 2146 δὲ
2097 2096 2317 2167 Πίερες·
2366 2094 2714 2149 ἐκλιπόντων
2747 2096 2794 2147 δ

1748 2170 1981 2221 ἐκείνων
2013 2169 2340 2235 Μακεδόνες
2369 2168 2473 2224 νῦν
2496 2189 2523 2223 ε
2529 2188 2704 2233 χουσι
2724 2168 2797 2222 τὰ

1749 2246 1935 2314 χωρία
1982 2243 2181 2296 ταῦτα.
2250 2249 2385 2299 Hinc
2428 2250 2609 2308 Musae
2653 2246 2798 2312 apud

1749 2318 2128 2370 Alexandrinos
2161 2320 2514 2387 Πιμπληίδες
2559 2326 2615 2372 et
2643 2321 2797 2386 Πιμ-

1750 2390 2020 2458 πληιάδες
2055 2394 2233 2459 (Orph.
2262 2398 2465 2459 Fragm.
2494 2396 2617 2459 46.);
2654 2397 2797 2447 unde

1747 2468 1955 2530 Pimplea·
1996 2469 2081 2519 hic
2127 2483 2341 2533 quoque
2386 2469 2571 2521 maluit
2603 2470 2794 2532 Bentl.,

1751 2557 1874 2594 cum
1932 2545 2154 2606 Pimplea
2197 2543 2347 2596 locus
2391 2548 2459 2596 sit
2519 2546 2604 2609 (de
2655 2546 2797 2596 fonte

1750 2619 1878 2667 Stat.
1906 2617 2026 2667 Silv.
2057 2620 2103 2678 4,
2131 2618 2179 2678 4,
2205 2619 2329 2682 26.).
2375 2622 2477 2670 Sed
2503 2620 2670 2671 Codd.
2698 2621 2801 2672 sor-

1751 2704 1897 2742 mam
1921 2693 2157 2744 Latinam
2183 2696 2415 2745 tuentur.
2453 2694 2629 2746 Altera
2648 2709 2801 2747 usur-

1751 2769 1873 2831 pata
1908 2769 2078 2828 esset,
2121 2768 2181 2816 ut
2213 2768 2361 2818 Ovid.
2400 2770 2522 2820 Met.
2561 2772 2619 2831 4,
2666 2769 2792 2820 504ι

1748 2844 1918 2902 Penei,
1952 2855 2118 2891 mano.

1819 2917 1898 2966 40.
1953 2916 2181 2980 Prosunt]
2232 2915 2474 2968 firmatur
2522 2931 2552 2968 a
2605 2921 2798 2970 nostris

1753 2989 1921 3040 Codd.
1959 2992 2234 3053 antiquiss.
2305 2994 2641 3057 Quamquam
2687 2994 2800 3044 ele-

1754 3065 1962 3127 gantius
1985 3064 2165 3115 multis
2186 3065 2398 3116 videtur
2412 3073 2638 3129 possunt,
2678 3069 2798 3118 vide

1754 3141 1935 3187 tamen
1969 3151 2038 3187 ne
2073 3138 2418 3190 substitutum
2442 3141 2508 3191 sit
2531 3155 2561 3190 a
2584 3140 2800 3193 librario

1755 3213 1911 3262 nimis
1945 3225 2186 3264 memoro
2210 3214 2474 3278 virgiliani
2508 3214 2643 3266 illius
2665 3219 2796 3267 Aen.

1756 3288 1805 3346 9,
1841 3286 1965 3338 446ε
2004 3288 2267 3337 Fortunali
2288 3289 2451 3349 mnbo,
2486 3291 2529 3338 si
2551 3291 2670 3352 quid
2687 3304 2803 3341 mea

1753 3361 1986 3411 carmina
2026 3368 2264 3422 possunt:
2314 3364 2499 3427 sicque
2553 3366 2801 3416 Moschus

1756 3437 1815 3498 3,
1855 3437 1976 3486 ⁴32:
2014 3437 2067 3486 εἰ
2095 3434 2159 3487 δέ
2189 3451 2245 3486 τι
2279 3432 2474 3504 κῆγών
2506 3438 2801 3510 Συρὶσδων

1754 3507 2016 3575 δυνάμαν
2048 3510 2167 3560 κτλ.
2208 3540 2264 3548 -
2299 3514 2522 3601 honores]
2557 3519 2615 3564 ut
2647 3515 2796 3565 Pind.

1755 3587 1907 3635 Nem
1960 3585 2008 3644 9,
2058 3586 2148 3634 ⁴0:
2197 3584 2517 3652 ἐπασκήσω
2566 3587 2802 3651 κλυταῖς

1758 3653 1921 3729 ἥρωα
1952 3664 2163 3723 τιμαῖς.
2222 3686 2275 3697 —-
2326 3662 2507 3722 fidibus
2536 3664 2757 3728 novisJ«

1757 3733 1900 3785 nullo
1934 3735 2292 3784 Romanorum
2333 3738 2489 3786 antea
2527 3736 2803 3800 putsatis.»

1756 3807 1898 3871 Virg.
1938 3806 2047 3858 Ecl.
2085 3808 2133 3866 3,
2158 3808 2249 3857 86:
2283 3810 2439 3858 Pollio
2472 3816 2519 3859 et
2548 3811 2652 3873 ipse
2680 3812 2805 3874 facit

1756 3895 1892 3932 nova
1926 3883 2187 3941 camin&
2231 3883 2283 3932 id
2323 3884 2468 3946 quod
2508 3884 2805 3948 intelligen-

1759 3955 1890 4005 dum
1924 3969 2048 4005 reor
2080 3956 2147 4005 de
2184 3969 2321 4007 novo
2355 3970 2552 4021 genere
2588 3960 2804 4010 Latinae

1759 4030 2063 4094 tragoediae
2100 4030 2167 4080 ab
2204 4044 2270 4080 eo
2305 4031 2541 4094 exculto,
2590 4033 2803 4084 diverso

1760 4103 1829 4154 ab
1864 4105 2160 4169 antiquiore
2196 4106 2405 4156 Pacuvii
2442 4109 2498 4158 et
2527 4108 2701 4167 Accii,
2745 4110 2806 4157 ut

1758 4180 2119 4243 posteriores,
2189 4180 2378 4231 Varius
2442 4181 2799 4245 Ovidiusqne,

640 4240 824 4314 κρήνη
875 4247 973 4297 καὶ
1023 4243 1092 4298 τὸ
1133 4244 1248 4298 τῶν
1287 4247 1685 4321 Λειβηθρίδων
1761 4251 1917 4302 aliam
1967 4265 2154 4304 rursus
2203 4255 2346 4306 viam
2389 4256 2614 4319 ingressi
2658 4257 2798 4305 sunt.
