3234 4975
1301 395 1419 445 un.
1458 396 1544 444 111.
1616 396 1676 446 C.
1715 397 1798 446 111.

2519 394 2644 461 357

897 551 1107 615 Omne
1154 569 1412 615 sacrum
1441 553 1746 637 *rapiente
1791 550 2033 617 dextra.

723 707 1112 795 Quicunque
1156 708 1400 774 mundo
1444 710 1757 775 terminus
1800 709 2070 785 obstitit,

726 832 911 896 Hunc
955 838 1173 917 tanget
1216 830 1442 907 armis,
1488 831 1704 897 visere
1750 831 2064 918 gestienS,

804 953 948 1030 Qua
990 960 1173 1038 parte
1217 949 1701 1018 debacchentur
1741 953 1954 1039 ignes,

2560 953 2642 1016 55

892 1073 1037 1151 Qua
1079 1068 1355 1138 nebulae
1400 1070 1731 1159 pluviique
1775 1093 1977 1140 rores,

724 1228 854 1295 Sed
900 1227 1226 1295 bellicosis
1270 1228 1393 1294 sata
1439 1229 1797 1308 Quiritibus

721 1351 856 1416 Hac
899 1348 1043 1437 lege
1087 1348 1268 1425 dice,
1316 1370 1398 1416 ne
1443 1349 1714 1415 nimium
1756 1352 1844 1438 pii

594 1583 677 1634 53.
728 1585 1035 1646 Quocunque
1077 1583 1313 1634 malebat
1360 1583 1527 1635 Bentl.
1583 1612 1639 1622 —
1685 1587 1861 1636 numdi
1906 1589 1968 1647 L,
2022 1589 2083 1637 ut
2126 1586 2282 1639 Mald.
2330 1588 2572 1652 Cruquii,

530 1659 762 1709 Pottierii
794 1659 876 1709 22.
913 1659 1013 1709 Mei
1049 1660 1104 1708 et
1135 1657 1325 1722 reliqui
1359 1660 1492 1709 Pott.
1527 1660 1741 1719 munitm
1777 1660 1907 1710 item
1941 1663 2140 1711 «nostri
2173 1664 2387 1725 praeter
2407 1675 2575 1712 unum

533 1735 588 1782 et
618 1731 846 1783 alterum
880 1746 944 1782 ex
975 1731 1414 1783 recentioribus.»
1448 1733 1634 1782 Beni..
1676 1760 1733 1771 —
1770 1733 1853 1785 54.
1889 1739 2060 1799 tanqu!
2091 1735 2239 1785 bSTc
2284 1739 2339 1786 et
2380 1749 2571 1787 omnes

531 1808 666 1857 Pott.
703 1809 918 1871 praeter
948 1820 1142 1858 unum:
1179 1812 1360 1871 tangat
1390 1810 1525 1858 Pott.
1551 1809 1634 1859 22.
1653 1845 1665 1869 ,
1704 1809 1897 1859 LCtFM
1932 1812 1987 1858 et
2018 1810 2185 1860 Bentl.

530 1881 829 1931 chantur‘l’.

471 2088 555 2136 ter
585 2087 827 2136 hmnanos
857 2098 977 2136 usus
1008 2089 1066 2137 et
1089 2100 1294 2138 saemn
1310 2126 1322 2148 ,
1370 2086 1516 2152 quod

468 2173 596 2210 cum
644 2160 871 2211 deorum
921 2161 1011 2221 sit,
1069 2164 1380 2226 exemptum
1435 2163 1517 2212 est

465 2236 587 2286 usui
636 2235 889 2286 humano.
937 2234 1104 2286 Plaut.
1152 2237 1292 2286 Trin.
1340 2235 1403 2298 4,
1450 2235 1512 2296 4,

466 2308 560 2358 36;
608 2310 779 2372 Neque
809 2310 918 2359 istis
949 2310 1221 2371 quicquam
1258 2310 1363 2374 109⁶
1392 2323 1517 2359 san-

464 2387 671 2442 ctumst;
717 2384 847 2447 loyes
880 2384 1012 2433 mori
1050 2385 1303 2444 semiusta
1349 2385 1518 2435 Mores

465 2462 637 2509 autern
667 2471 849 2521 rapere
874 2464 1156 2521 properant
1189 2473 1293 2522 qua
1313 2472 1517 2510 sacrum

465 2545 572 2594 qua
598 2532 873 2594 publicum.
904 2560 961 2569 —
985 2532 1180 2582 Aurum
1211 2535 1516 2596 irreportum

462 2619 695 2669 spei-iton
725 2608 809 2656 est
845 2604 1017 2656 «nulla
1049 2619 1272 2670 prorsus
1307 2607 1515 2671 cupidi—

465 2682 570 2730 tate
621 2680 846 2730 accendi
887 2679 956 2728 ad
1002 2680 1118 2729 auri
1154 2693 1321 2730 venas
1361 2682 1514 2730 inve-

463 2754 785 2817 stigandas.»
822 2754 1152 2815 Frequentes
1174 2757 1355 2805 autem
1379 2754 1513 2806 tales

462 2832 587 2878 sunt
619 2827 734 2877 auri
769 2827 1165 2877 exsecrationes
1202 2828 1344 2892 apud
1377 2830 1515 2880 anti-

464 2916 617 2966 quos.
666 2899 912 2966 Sophocl.
950 2901 1120 2964 Antig.
1158 2902 1273 2952 224.
1335 2904 1514 2953 Timo-

1334 3049 1513 3114 τυφλέ

464 2988 628 3027 creon
673 2977 726 3025 in
771 2974 1099 3026 Schneidew.
1145 2975 1259 3025 Del.

462 3051 650 3114 Bergk.
670 3064 725 3115 p.
749 3050 846 3101 809
864 3043 1140 3110 εὭφελέν
1163 3051 1238 3111 α’,

463 3122 714 3186 Πλοῦτε,
774 3122 923 3190 μήτε
975 3121 1049 3194 γῇ
1103 3122 1238 3191 μήτ’
1290 3124 1353 3176 ἐν
1399 3127 1513 3178 θα-

456 3196 654 3288 λάσσῃ
696 3196 832 3266 μήτ’
878 3199 941 3251 ἐν
981 3195 1196 3271 ἠπείρῳ
1230 3199 1508 3267 φανῆναι,

456 3254 627 3326 Ἀλλὰ
663 3271 962 3346 Ταρταρόν
1004 3289 1066 3324 τε
1108 3277 1290 3327 ναίειν
1299 3271 1512 3369 οὀιοῖχεέ-

460 3362 667 3436 ροντα·
713 3344 808 3399 διὰ
853 3349 923 3399 σὲ
954 3345 1065 3437 γᾴρ
1098 3347 1262 3400 πάντ’
1297 3344 1415 3403 ευτ’
1449 3351 1512 3403 ἐν

460 3417 793 3492 ἀνθρώποις
857 3420 1031 3472 κακά.
1117 3426 1324 3476 Seneca
1390 3429 1506 3478 Nat.

463 3498 679 3558 Quaest.
716 3495 774 3556 4,
825 3496 917 3544 ⁴5:
974 3498 1114 3557 Quae
1157 3503 1302 3548 mesta
1342 3514 1514 3551 neces-

460 3573 586 3620 sitas
647 3569 897 3618 hommem
950 3569 1018 3617 ad
1075 3571 1242 3620 sidera
1294 3579 1514 3624 ervom

459 3644 750 3694 incurvavit
793 3647 842 3692 ot
886 3642 1070 3704 defodit
1114 3648 1163 3691 σε
1203 3645 1259 3693 iu
1300 3646 1515 3709 fimdum

462 3718 653 3769 telluris
699 3719 904 3782 infirme
956 3717 1155 3777 mersit,
1207 3722 1265 3766 ut
1319 3728 1515 3772 Μαι

461 3806 649 3843 amm
694 3806 797 3842 non
838 3793 1035 3842 minora
1083 3792 1311 3853 periculo
1355 3808 1512 3854 quao-

461 3868 672 3918 rondum
707 3879 863 3928 quam
887 3863 1281 3929 possidmzdmn?
1334 3866 1507 3917 Manil.

461 3943 516 4001 5,
553 3942 667 3992 276.
705 3940 774 3991 de
822 3940 1117 3991 frumento:
1174 3940 1318 4001 Quod
1354 3940 1515 3990 solum

459 4017 624 4067 docuit
654 4015 891 4066 mortales
919 4028 1062 4065 nosse
1090 4014 1366 4063 metallum.

526 4089 608 4140 53.
627 4089 933 4153 Quicunque]
952 4089 1053 4140 «ad
1066 4087 1314 4139 ultimum
1327 4100 1516 4152 quem-

461 4167 542 4217 vis
577 4165 889 4225 terminum,
932 4165 1053 4228 qui,
1108 4164 1294 4213 natura
1327 4174 1511 4212 rerum

459 4241 540 4290 sic
562 4240 798 4300 iubente,
835 4239 1038 4290 mundo
1061 4234 1335 4289 habitabili
1358 4235 1512 4288 obsti—

2229 1810 2574 1861 —55.doba-

1589 2089 1673 2149 tit,
1732 2090 1894 2139 dovor
1946 2091 2096 2152 steht,
2156 2103 2331 2154 eoque
2386 2089 2635 2154 impedit,

1589 2174 1699 2224 quo
1722 2164 1897 2213 minus
1932 2164 2164 2215 mundus
2198 2163 2335 2214 ultra
2366 2176 2427 2214 se
2451 2167 2642 2215 exten-

1589 2235 1710 2295 dat,
1776 2249 1901 2286 eum
1959 2235 2208 2288 claudit.»
2299 2239 2635 2300 Requiritur,

1587 2311 1786 2374 inquit,
1840 2309 2079 2361 obstiterit
2125 2309 2213 2361 vel
2255 2313 2435 2375 potius
2467 2311 2634 2362 obstet.

1586 2385 1760 2434 Immo
1827 2386 2015 2434 neutra
2069 2385 2173 2434 hac
2241 2385 2638 2436 constructione

1587 2469 1721 2508 usus
1754 2470 1993 2521 unquam
2029 2460 2176 2511 esset
2222 2458 2494 2521 Horatius,
2549 2460 2641 2523 qui

1587 2534 1894 2584 constanter
1927 2547 2051 2585 cum
2085 2548 2137 2584 v,
2163 2535 2444 2596 quicunque
2477 2536 2643 2598 iungit

1587 2605 1922 2658 indicativos.
1980 2635 2037 2645 —
2088 2607 2301 2671 muido]
2339 2609 2482 2659 Unus
2514 2611 2642 2658 Pot-

1587 2682 1723 2731 tierii
1759 2680 1890 2731 Cod.
1927 2682 2009 2732 22.
2046 2682 2252 2741 muudi,
2290 2680 2436 2744 quod
2467 2679 2643 2744 place-

1587 2754 1683 2804 bat
1704 2755 1928 2814 νοθείας
1967 2754 2066 2804 sed
2099 2754 2366 2818 pedestris
2401 2756 2485 2803 est
2517 2767 2641 2804 ora-

1587 2829 1744 2878 tionis
1766 2866 1778 2888 ,
1824 2841 1951 2878 cum
2000 2829 2078 2878 sic
2129 2828 2288 2878 nimis
2333 2826 2642 2877 debilitetur

1587 2904 1727 2953 actio
1759 2916 1812 2952 v.
1850 2903 2050 2953 obstitit.

1653 2977 1735 3028 54.
1794 2976 1990 3040 tanget]
2044 2976 2222 3027 «Huic
2265 2988 2412 3026 arma
2448 2974 2642 3025 inseret

1587 3064 1822 3115 eumque
1857 3051 1910 3101 in
1934 3050 2201 3101 dicionem
2225 3063 2381 3101 suam
2410 3048 2638 3113 rediget,

1585 3124 1781 3177 bellico
1832 3138 1957 3176 cum
2008 3127 2214 3189 impetu
2262 3138 2327 3175 ac
2382 3124 2641 3175 victoriae

1586 3203 1734 3252 certa
1802 3199 2071 3265 (gestiens)
2131 3201 2421 3264 penetrans
2478 3201 2534 3249 et
2586 3198 2640 3248 in

1584 3288 1775 3325 zonam
1798 3271 2027 3336 gelidam
2061 3276 2117 3323 et
2148 3274 2202 3324 in
2233 3273 2508 3331 torridam,
2546 3273 2641 3323 ubi

1585 3348 1713 3402 solis
1744 3350 1884 3412 iquos
1916 3349 2027 3397 vim
2048 3360 2203 3398 suam
2226 3348 2380 3410 quasi
2403 3345 2644 3397 furibun-

1587 3425 1712 3475 dam
1735 3424 2039 3474 exercent.»
2079 3423 2265 3485 Tanqet
2285 3422 2468 3470 autem
2490 3433 2644 3483 prae-

1587 3497 1681 3548 tuli
1716 3495 1940 3547 aliorum
1975 3500 2179 3559 tanam,
2219 3496 2275 3543 et
2306 3494 2430 3556 quia
2452 3494 2642 3542 vatici·-

1587 3572 1746 3621 natur
1779 3571 1938 3631 Iuno,
1977 3572 2032 3618 et
2062 3569 2285 3633 propter
2320 3564 2488 3616 Codd.
2517 3578 2644 3616 con-

1586 3657 1828 3696 sensum.

1652 3719 1734 3768 56.
1782 3715 1950 3779 rores]
1987 3717 2047 3764 ut
2078 3708 2293 3785 δρόσος
2314 3750 2327 3772 ,
2367 3711 2435 3762 de
2459 3712 2642 3763 cuius-

1585 3794 1667 3844 vis
1700 3792 1911 3854 generis
1945 3802 2085 3853 aqua
2118 3786 2263 3852 apud
2295 3788 2519 3851 poetas3
2581 3786 2634 3837 h.

1585 3866 1622 3916 1.
1658 3879 1758 3930 pro
1792 3863 2074 3915 imbribus.

1653 3941 1717 3990 57
1739 3967 1794 3977 -
1816 3940 1897 3989 60.
1970 3936 2115 3986 «Sed
2169 3935 2315 3987 orbis
2372 3937 2639 3986 terrarum

1588 4013 1873 4076 imperium
1887 4050 1900 4073 ,
1954 4009 2023 4060 ad
2057 4009 2206 4072 quod
2239 4009 2343 4060 iata
2375 4010 2640 4060 Romanos

1587 4088 1811 4146 vocant,
1869 4098 1935 4135 ea
1989 4086 2168 4135 tamen
2210 4084 2525 4135 condicione
2574 4084 2639 4134 iis

1588 4160 1878 4219 vaticinor,
1938 4161 1999 4209 ut
2053 4158 2358 4210 abstineant
2407 4171 2440 4208 a
2484 4158 2638 4209 Troia

1587 4233 1940 4300 reparanda.»
1968 4259 2021 4271 -
2054 4233 2149 4298 pie]
2184 4235 2238 4285 in
2259 4228 2635 4305 μητρόπολιν,
