3234 4975
609 339 735 402 666

1411 342 1677 392 HORATlI
1714 342 1969 393 EPODON

951 493 1269 561 Hibericis
1313 505 1579 582 peruste
1626 496 1883 563 funibus
1927 495 2093 562 latus

1029 615 1104 680 Et
1147 636 1340 682 crura
1382 615 1548 682 dura
1591 616 1928 705 compede.

945 738 1123 803 Licet
1165 735 1491 824 superbus
1534 735 1832 803 ambules
1874 738 2182 825 pecunia,
2743 741 2783 801 5

1036 859 1314 923 Fortuna
1358 878 1484 922 non
1533 867 1737 924 mutat
1776 878 2003 945 genuS.

948 976 1256 1053 Videsne,
1306 978 1571 1044 Sacram
1615 978 1921 1044 metiente
1964 987 2027 1045 te
2071 979 2242 1045 viam

1029 1100 1192 1165 Cum
1235 1098 1338 1163 bis
1381 1099 1573 1165 trium
1616 1097 1914 1164 ulnarum
1958 1110 2141 1185 toga,

740 1252 786 1300 6.
825 1253 980 1299 mutet
1012 1261 1278 1312 superscr.
1318 1252 1374 1297 αι
1406 1247 1458 1296 d.
1520 1274 1566 1284 -
1634 1248 1682 1296 8.
1720 1247 1795 1297 bis
1826 1248 1981 1297 trium
2014 1248 2083 1298 de
2120 1249 2259 1299 coni.
2297 1249 2494 1300 Barthii
2529 1250 2715 1312 (Advv.

668 1323 759 1384 54,
796 1322 898 1386 26.)
950 1320 1218 1372 Bentleius
1242 1359 1254 1382 ,
1292 1321 1567 1380 Meineke,
1605 1321 1771 1371 Iahn:
1826 1321 1900 1371 bis
1930 1326 2008 1370 ter
2039 1322 2151 1372 bSd
2167 1335 2311 1397 gum
2346 1323 2517 1374 Codd.
2556 1327 2707 1375 antea

683 1398 840 1458 notiS,
876 1397 1055 1454 LCtF;
1091 1396 1368 1470 verumlin
1394 1393 1561 1445 Codd.
1587 1396 1629 1446 B
1664 1399 1720 1444 et
1752 1408 1781 1444 c
1817 1398 1900 1447 est
1931 1396 2041 1446 sic:
2080 1395 2153 1447 bis
2185 1403 2223 1448 t.
2258 1399 2516 1449 ulnarum.

603 1529 782 1576 autem
823 1526 1027 1589 sparto,
1089 1524 1256 1574 herba
1295 1527 1651 1588 tenacissima,
1728 1525 1926 1575 Vitium
1974 1526 2096 1576 inde
2143 1531 2320 1578 ortum
2367 1541 2489 1579 esse
2530 1529 2776 1590 videtur,

602 1597 1022 1650 conficiebantur
1069 1599 1324 1649 rudentes
1366 1613 1430 1649 ac
1469 1600 1650 1662 funes,

602 1674 797 1738 quibus
853 1675 928 1723 uti
973 1675 1224 1737 poterant
1271 1673 1340 1722 ad
1390 1677 1655 1739 castigan-

602 1748 699 1798 dos
735 1748 1058 1808 classiarios,
1121 1749 1179 1796 ut
1218 1747 1415 1798 vitibus
1462 1753 1653 1799 centu-

599 1824 780 1873 riones
820 1821 1119 1872 caedebant
1168 1822 1377 1872 milites.
1434 1852 1486 1861 —
1549 1825 1654 1874 Lo-

599 1896 827 1957 ratium,
882 1897 972 1959 qui
1005 1895 1130 1945 inibi
1165 1899 1273 1957 est,
1329 1899 1389 1946 ut
1436 1897 1652 1949 funibus

598 1982 849 2021 coum-:ns
902 1969 1157 2020 verberet
1211 1983 1427 2021 servum
1481 1974 1653 2022 comi-

603 2056 759 2102 cum,
811 2042 984 2093 habes
1029 2044 1082 2093 in
1125 2045 1254 2093 Mus.
1312 2045 1523 2094 Bor-bon.
1562 2045 1647 2094 Ν.

599 2119 656 2167 Τ.
694 2115 776 2166 24.
841 2145 896 2172 -,-
965 2118 1190 2182 peruste]
1249 2117 1318 2167 de
1378 2118 1650 2169 doloribus

599 2189 814 2240 acribus
849 2189 1210 2252 flagellationis
1237 2195 1293 2241 et
1325 2191 1650 2256 compedum

602 2265 848 2328 notisque
884 2263 1053 2315 lividis
1082 2265 1204 2315 inde
1229 2265 1645 2316 remanentibus.

604 2338 735 2402 Epp.
775 2340 827 2398 4,
867 2339 956 2398 46,
993 2337 1080 2389 47;
1162 2341 1284 2389 loris
1313 2354 1415 2390 non
1451 2340 1646 2401 ureris,

605 2413 706 2461 aio.
755 2411 943 2462 Catuli.
977 2414 1068 2473 25,
1107 2413 1195 2463 44ε
1249 2415 1469 2464 inusta-
1494 2440 1522 2451 -
1543 2417 1649 2478 fla-

598 2488 749 2550 gella.
820 2489 926 2537 Nos
965 2486 1065 2537 alia
1097 2489 1410 2553 metaphora
1444 2489 1644 2553 gerbert,

597 2561 786 2611 Graeci
818 2558 1017 2630 δέρειν.
1049 2591 1105 2599 -
1131 2563 1279 2627 dura]
1306 2563 1507 2614 Eodem
1532 2562 1649 2613 ἐπι-

597 2634 745 2702 θέτῳ
802 2636 967 2685 utitur
1019 2634 1254 2687 Tibullus
1310 2639 1367 2697 4,
1428 2638 1488 2697 7,
1549 2636 1643 2687 42ε

599 2709 766 2758 Gna-a
803 2710 915 2759 licet
951 2711 1084 2759 dura
1116 2713 1347 2772 compede
1379 2712 1531 2773 pulsa
1561 2724 1647 2760 so-

595 2788 728 2832 nent.
770 2812 826 2820 —
855 2784 984 2843 «Qui
1018 2783 1249 2834 habuisti
1281 2798 1435 2834 crura
1460 2798 1648 2834 excru-

598 2857 734 2906 ciata
784 2856 1078 2920 compede»
1119 2857 1380 2909 adnotans
1432 2860 1641 2908 Comm.

595 2931 757 2994 Cruq.
801 2934 949 2982 recte
1000 2931 1240 2982 dissolvit
1288 2945 1530 2994 zeugma.
1584 2959 1640 2969 -

597 3006 701 3066 (De
752 3018 852 3055 usu
907 3007 1117 3069 poetico
1173 3018 1320 3057 num.
1364 3005 1643 3069 singularis

592 3078 840 3138 compedis
854 3116 872 3139 ‚
930 3081 1210 3140 compedem
1226 3117 1244 3139 ‚
1304 3081 1533 3142 compede
1588 3092 1638 3127 v.

593 3152 738 3199 Kone
772 3151 910 3200 Rom.
946 3151 1134 3212 Epiker
1166 3165 1217 3215 p.
1259 3152 1391 3214 440.)

656 3225 768 3274 5-8.
794 3224 1029 3288 ambules]
1055 3224 1124 3274 de
1148 3226 1359 3275 incessu
1382 3225 1639 3290 superbo,

592 3301 652 3347 ut
675 3298 769 3362 Ep.
794 3298 851 3359 8,
880 3297 958 3349 44.
989 3298 1172 3349 Claud.
1191 3300 1244 3348 in
1267 3300 1410 3349 Eutr.
1433 3300 1454 3349 4
1477 3338 1488 3359 ,
1514 3300 1637 3349 306:

590 3379 751 3423 erecto
775 3377 976 3434 pectore
1007 3373 1142 3422 dives
1177 3373 1426 3423 Ambulat.
1465 3373 1635 3437 Epod.

595 3448 680 3507 45,
708 3449 799 3497 483
835 3447 1258 3510 meo-Superbus
1278 3449 1463 3497 incedis
1484 3448 1637 3498 malo.

592 3522 805 3570 Lucian.
856 3521 1058 3585 Catapl.
1115 3522 1207 3571 ⁴6:
1260 3521 1360 3572 καὶ
1411 3518 1641 3587 σεμνῶς

596 3593 926 3664 προβαίνων
975 3596 1074 3646 καὶ
1121 3592 1329 3647 ἑαυτὸν
1373 3592 1641 3659 ἐξυπτιά-

588 3672 717 3731 ζων.
749 3696 804 3706 -
829 3669 998 3733 ροηυε]
1029 3669 1083 3719 h.
1109 3668 1144 3720 l.
1170 3671 1362 3721 sordes
1395 3669 1635 3721 serviles.

593 3771 648 3779 —
687 3745 903 3793 Sacram
923 3768 953 3780 -
973 3769 1004 3781 -
1022 3744 1179 3809 viam]
1216 3757 1354 3809 quae
1384 3744 1452 3794 ad
1478 3746 1639 3808 Capi-

589 3816 769 3871 tolium
807 3817 978 3879 ducit,
1021 3819 1317 3868 otiosorum
1353 3819 1506 3869 turba
1542 3833 1639 3870 ce-

587 3889 890 3941 leberrima.
934 3920 987 3952 ῖ-
1016 3891 1087 3941 bis
1118 3891 1289 3955 triten]
1327 3893 1461 3943 Cum
1484 3894 1639 3944 inau-

586 3964 756 4015 ditum
798 3965 867 4015 sit
909 3966 963 4014 et
1004 3965 1374 4016 consuetudini
1422 3967 1636 4018 Latinae

585 4051 807 4103 prorsus
841 4040 1168 4091 contrarium
1210 4041 1284 4089 bis
1314 4045 1391 4090 ter
1433 4054 1531 4105 pro
1565 4043 1639 4093 bis

585 4118 714 4173 tres,
751 4114 876 4176 post
909 4112 1204 4165 Bentleium
1230 4118 1284 4165 et
1317 4116 1636 4167 Meinekium

585 4188 771 4251 recepi
787 4187 982 4237 Barthii
1000 4189 1360 4240 coniecturam
1372 4188 1445 4241 bis
1461 4191 1633 4242 trium.

1733 1599 1877 1663 quod
1911 1600 2223 1651 scribebant
2243 1602 2317 1650 bis
2336 1602 2444 1662 111.;
2481 1616 2582 1667 per
2598 1605 2781 1653 notam

1726 1677 1872 1724 certe
1910 1676 2172 1739 scriptum
2205 1678 2291 1726 est
2332 1675 2385 1725 in
2428 1675 2595 1727 Codd.
2644 1676 2781 1726 meis

1723 1749 1763 1798 B
1798 1750 1854 1798 et
1886 1761 1940 1798 c:
1995 1748 2085 1799 bis,
2119 1755 2155 1799 t.
2191 1762 2317 1799 cum
2352 1747 2561 1800 lineola.
2628 1750 2782 1800 Simi-

1723 1818 1802 1872 les
1838 1835 2187 1874 numerorum
2220 1823 2624 1895 παραφράσεις
2645 1827 2780 1888 poe-

1726 1897 1856 1947 ticas
1889 1897 1962 1946 bis
1991 1910 2107 1958 sex,
2156 1903 2233 1948 ter
2265 1900 2663 1962 quinquaqinta,
2699 1903 2778 1948 ter

1722 1972 1873 2021 denos
1906 1972 2008 2021 cet.
2047 1968 2328 2035 diligenter
2354 1971 2564 2035 collegit
2585 1971 2780 2022 Dillen-

1720 2043 1923 2108 bui-ger
1954 2058 2006 2109 p.
2048 2045 2160 2094 408.
2219 2045 2419 2096 Verum
2452 2059 2626 2110 nuper
2659 2046 2779 2108 qui-

1721 2118 1872 2180 dam,
1925 2118 2011 2169 vel
2058 2121 2280 2183 propter
2326 2120 2646 2184 imperitiam
2684 2119 2773 2170 vel

1719 2205 1820 2257 per
1836 2194 2030 2248 iocum.
2067 2194 2139 2242 ita
2162 2192 2467 2257 explicavit:
2506 2194 2609 2244 «bis
2626 2195 2779 2244 uha-

1718 2281 1836 2317 rum
1858 2267 2120 2330 significat
2140 2266 2472 2319 latitudinem
2488 2305 2499 2327 ,
2530 2273 2608 2317 ter
2627 2269 2777 2318 ulna-

1718 2354 1837 2390 rum
1885 2339 2321 2403 longitudinem.»
2386 2340 2541 2400 Quod
2590 2344 2773 2393 autem

1721 2415 2051 2479 Porphyrion
2094 2414 2163 2463 ad
2200 2414 2254 2464 h.
2292 2413 2355 2474 l.‚
2393 2415 2569 2466 Schol.
2607 2417 2772 2467 Persii

1720 2490 1778 2550 5,
1799 2488 1901 2549 44.,
1922 2489 2158 2540 Isidorus
2178 2490 2349 2553 Origg.
2373 2490 2455 2549 49,
2474 2491 2555 2553 24,
2583 2490 2631 2541 4.
2666 2505 2773 2541 uno

1720 2575 1814 2613 ore
1850 2563 2068 2613 tradunt
2092 2574 2398 2613 mensuram
2422 2566 2575 2627 togae
2601 2566 2772 2615 iustae

1720 2651 1814 2688 sex
1837 2635 2082 2687 ulnarum
2114 2636 2276 2687 fuisse
2292 2676 2303 2696 ,
2340 2637 2463 2689 vide
2488 2652 2554 2689 ne
2579 2653 2646 2689 ex
2665 2640 2772 2690 hoc

1717 2712 1834 2775 ipso
1870 2711 2068 2760 Horatii
2110 2709 2230 2760 loco
2270 2724 2462 2775 parum
2502 2712 2771 2764 intellecto

1720 2786 2006 2848 repetitum
2046 2786 2146 2846 sit,
2197 2798 2321 2836 cum
2365 2787 2646 2838 manifesto
2680 2788 2770 2838 hic

1718 2858 2027 2919 designetur
2052 2861 2169 2922 toga
2194 2858 2435 2910 insolitae
2460 2874 2765 2922 mensurae,

1718 2944 1855 2993 quae
1896 2935 2119 2996 propter
2139 2932 2522 2997 longitudinem
2539 2936 2608 2984 ad
2633 2937 2769 2986 imos

1718 3004 1851 3054 talos
1904 3005 2139 3056 demissa
2184 3010 2425 3058 metiatur
2481 3010 2620 3059 viam
2641 3047 2652 3069 ,
2712 3010 2766 3059 id

1717 3081 1822 3139 est,
1872 3092 1996 3130 eam
2032 3094 2252 3145 semper
2286 3085 2465 3145 tangat
2506 3086 2561 3134 et
2592 3083 2762 3133 radat.

1716 3153 1865 3203 Ovid.
1908 3156 2029 3205 Met.
2069 3156 2124 3215 9,
2164 3155 2280 3207 448.
2325 3158 2519 3208 Lucan.
2553 3160 2612 3218 5,
2637 3158 2763 3208 556;

1712 3227 1937 3276 Instabili
1985 3241 2159 3291 gressu
2196 3232 2402 3280 mlitur
2447 3232 2602 3280 litora
2647 3245 2766 3281 cor-

1712 3302 1824 3349 nia).
1866 3329 1920 3337 —
1959 3301 2116 3351 Solita
2152 3306 2335 3354 autem
2367 3305 2466 3355 ista
2496 3304 2765 3355 fatuorum

1716 3376 1977 3425 iactantia.
2018 3376 2229 3426 Lucian.
2256 3378 2482 3428 Demon.
2503 3378 2592 3429 4⁴:
2630 3375 2766 3428 ἰδών

1712 3450 1776 3499 τέ
1817 3464 1948 3499 τινα
1996 3446 2109 3499 τῶν
2152 3443 2500 3521 εὐπαρύφων
2545 3452 2639 3503 ἐπὶ
2680 3450 2761 3520 τῷ

1713 3521 1915 3574 πλάτει
1948 3521 2052 3589 τῆς
2090 3523 2395 3597 πορφύρας
2433 3529 2584 3594 μέγα
2612 3543 2763 3599 φρο-

1711 3596 1925 3651 νοῦντα
1956 3597 2075 3648 κτλ.
2129 3602 2381 3651 Ceterum
2417 3604 2570 3665 togae
2594 3602 2763 3666 expli-

1712 3675 1864 3723 catae
1901 3673 2129 3724 sormam
2163 3675 2362 3738 optime
2400 3675 2616 3726 exhibet
2655 3677 2765 3725 Do—

1710 3746 1879 3809 brezy
1936 3749 2087 3798 Rome
2121 3748 2161 3798 1.
2198 3761 2252 3812 p.
2290 3747 2405 3799 484.
2463 3748 2615 3800 Tales
2660 3748 2764 3799 ho·-

1711 3821 1884 3871 mines
1935 3821 1988 3870 iu
2042 3818 2344 3872 Catilinaria
2393 3824 2457 3881 2,
2515 3823 2590 3872 40.
2642 3824 2766 3873 velis

1711 3896 1909 3957 amicti,
1945 3908 2047 3944 non
2080 3896 2210 3959 togis
2242 3899 2521 3946 vocantur.

1774 3970 1919 4020 9-42.
1955 3971 2052 4021 huc
2081 3975 2129 4019 et
2160 3970 2271 4034 huc]
2308 3972 2621 4021 «Poetarum
2658 3973 2758 4030 est,

1710 4057 1813 4094 non
1850 4057 2040 4108 prosae
2071 4044 2376 4095 orationis.»
2427 4046 2570 4094 Ham»
2603 4045 2758 4095 Turs.

1708 4118 1794 4168 111.
1821 4131 1873 4181 p.
1903 4119 2017 4168 406.
2049 4145 2103 4155 -
2133 4117 2358 4169 «Oculos
2380 4119 2628 4169 avertunt
2652 4119 2766 4182 (de—

1710 4192 1975 4256 torquent)
2012 4194 2117 4244 huc
2160 4197 2214 4244 et
2250 4192 2374 4245 illuc
2407 4195 2763 4257 praetereun-
