3234 4975
675 380 798 446 442

1447 384 1702 434 nonATn
1736 383 2070 447 etiamnum

925 538 1195 619 Quando
1239 548 1303 604 et
1344 538 1593 625 priores
1637 537 1785 604 hinc
1825 539 2077 605 Lamias
2123 538 2328 605 ferunt

1004 659 1458 726 Denominatos
1503 669 1567 725 et
1609 670 1913 746 nepotum

2005 724 2036 767 Ι

1086 783 1210 847 Per
1252 801 1571 848 memores
1614 802 1818 868 genus
1862 802 2051 848 omne
2096 782 2326 859 fastos;

918 941 1191 1006 Auctore
1236 938 1317 1005 ab
1364 937 1467 1004 illo
1516 939 1697 1006 ducis
1741 940 2079 1028 originem,
2777 942 2817 1004 5

796 1120 890 1168 Vv.
918 1120 1028 1169 2-5.
1056 1120 1264 1181 Quando
1284 1145 1308 1155 -
1326 1145 1349 1155 -
1370 1119 1612 1183 oriyimm
1634 1120 1865 1183 suspecti
1887 1118 2190 1179 Sanadono,
2228 1120 2387 1180 lanio,
2413 1120 2749 1180 Buttmann0,

732 1193 991 1254 Weber0,
1037 1193 1318 1254 Meinekio,
1370 1192 1579 1257 Regelio
1596 1231 1609 1253 ,
1646 1192 1888 1244 Liibkero
1905 1232 1917 1254 ‚
1971 1192 2099 1244 aliis.
2169 1195 2356 1244 Totum
2391 1206 2610 1245 carmen
2643 1195 2753 1245 Ho-

732 1268 847 1317 ratii
881 1279 1000 1317 esse
1033 1270 1188 1331 negat
1223 1266 1445 1321 Hofman
1479 1265 1805 1333 Peerlkamp.
1845 1296 1897 1303 —
1935 1267 1983 1319 4.
2019 1268 2199 1317 Fastus
2231 1269 2291 1327 S,
2327 1265 2394 1329 β,
2428 1281 2509 1332 pr.
2536 1285 2590 1319 κ.
2631 1270 2753 1333 (nou

735 1341 961 1406 Bchd.)
990 1343 1094 1394 Cir.
1122 1343 1295 1393 Carm.
1323 1343 1371 1405 4,
1399 1342 1489 1404 44,
1516 1343 1564 1395 4.
1593 1369 1651 1379 -
1679 1345 1727 1394 5.
1754 1343 1887 1392 ducit
1908 1343 2120 1391 auctore
2144 1344 2206 1392 D.
2232 1342 2444 1393 Heinsio
2465 1341 2746 1394 Bentleius.

740 1418 949 1479 (Omnes
972 1419 1096 1479 mei,
1136 1419 1296 1469 etiam
1318 1418 1371 1479 d,
1408 1416 1651 1480 Bentleii,
1688 1417 1918 1468 Pottierii
1953 1418 2057 1466 cet.
2094 1416 2267 1477 ducit.)

729 1567 779 1616 2.
817 1566 863 1615 3.
937 1567 1161 1632 Quando]
1189 1568 1499 1630 «quoniam,
1538 1568 1706 1631 siqui—

1777 1566 2039 1617 maiorum
2073 1578 2161 1616 res
2194 1566 2370 1628 gestas
2405 1568 2564 1630 atque
2587 1567 2816 1619 honores

668 1640 843 1691 dem.»
896 1642 1077 1691 Senon..
1162 1642 1298 1691 Raro
1354 1641 1569 1705 quidem
1627 1641 1705 1692 sic
1779 1641 1860 1692 ad*
1881 1642 2243 1705 posteritatem
2265 1644 2611 1706 propagant.»
2648 1644 2817 1703 Quae-

665 1716 886 1778 usurpat
929 1715 1171 1765 Horatius
1214 1714 1341 1778 (Sat.
1383 1716 1440 1776 2,
1486 1717 1552 1777 ὅ,
1598 1715 1700 1778 9.);

1776 1716 1902 1765 runt
1933 1715 2258 1778 grammatici
2289 1715 2514 1778 fastosne
2548 1730 2618 1767 an
2657 1717 2817 1781 fastus

664 1788 752 1838 hic
784 1788 965 1839 nescio
1000 1788 1126 1852 quid
1159 1788 1325 1839 habet
1355 1787 1561 1854 lepidae
1589 1802 1706 1853 gra-
1776 1790 1969 1840 rectior
2009 1788 2176 1839 torma
2221 1790 2306 1840 sit.
2375 1791 2524 1840 Prior
2555 1802 2684 1841 sane
2718 1804 2815 1842 au-

663 1863 863 1924 vitatis,
901 1863 1053 1926 quasi
1086 1876 1337 1926 magnum
1369 1865 1493 1915 huic
1517 1864 1583 1915 de
1609 1866 1705 1915 La-

669 1950 758 1987 mo
781 1932 1096 2007 παραδόσει
1115 1938 1324 2002 pondus
1347 1939 1617 1989 tribueret.
1643 1967 1697 1977 —-

664 2011 804 2076 hinc]
841 2011 908 2061 de
942 2025 1172 2076 persona
1195 2012 1290 2063 *vel
1324 2015 1482 2064 etiam
1517 2015 1698 2078 stirpe,

664 2088 724 2136 ut
770 2087 912 2149 Virg.
961 2088 1090 2136 Aen.
1127 2088 1186 2149 4,
1222 2088 1278 2138 2⁴
1309 2103 1320 2137 ε
1376 2089 1502 2138 Hinc
1533 2101 1702 2151 popu—

664 2162 767 2211 lum
791 2187 869 2197 --
895 2161 1177 2213 Venturum.
1246 2161 1375 2213 [bid.
1412 2162 1539 2213 235:
1575 2163 1702 2212 Hinc

665 2236 774 2300 fors
821 2235 1046 2285 ductores
1094 2241 1327 2287 reuocato
1380 2250 1415 2287 a
1461 2237 1703 2301 sanquine

669 2311 857 2361 Teucri.
927 2311 1022 2362 Od.
1061 2313 1118 2373 4,
1167 2313 1256 2373 42,
1303 2313 1397 2362 47;
1457 2313 1591 2363 Unde
1629 2311 1703 2361 nil

660 2387 827 2436 maius
836 2392 1106 2451 ymon-atur
1120 2388 1243 2449 ipso.
1266 2388 1535 2438 Censoriu.
1551 2386 1697 2450 2253:

661 2460 913 2513 Romulus
922 2462 1703 2526 nominavitApmomabApho-o-

661 2537 788 2597 dits,
822 2537 878 2585 id
907 2542 1008 2598 est,
1051 2538 1258 2598 Veners,
1308 2537 1438 2587 undo
1484 2538 1703 2587 maiores

663 2611 767 2661 citas
802 2611 1001 2661 oriundi
1039 2611 1341 2661 dicabantw.
1389 2637 1444 2648 -·
1474 2612 1694 2675 priam]

661 2686 765 2736 Eos
807 2684 1066 2750 intelligit,
1125 2687 1217 2749 qui
1266 2687 1456 2737 vixisse
1506 2686 1700 2737 crede-

659 2757 855 2810 bantur
903 2761 1042 2811 inter
1082 2762 1316 2825 primum
1348 2759 1555 2811 Aelium
1596 2762 1698 2810 La-

660 2833 822 2884 miam
864 2833 917 2884 in
960 2836 1116 2885 huius
1160 2834 1385 2885 familiae
1419 2847 1697 2885 commen-

658 2909 802 2958 tariis
834 2908 917 2959 vel
951 2908 1336 2960 laudationibus
1383 2907 1697 2960 funebribus

658 2986 1011 3033 memoratum
1078 2987 1133 3034 et
1202 2986 1423 3034 Lamum
1479 2997 1692 3048 regem,

658 3057 1001 3108 Troianorum
1042 3059 1344 3121 temporum
1378 3058 1689 3123 aequalem3

662 3143 786 3181 uam
835 3134 978 3182 certe
1028 3146 1095 3183 ne
1140 3131 1265 3182 Iulia
1317 3133 1533 3196 quidem
1565 3146 1696 3199 gens

658 3207 825 3255 totam
841 3207 1038 3256 seriem
1055 3207 1313 3258 maiorum
1326 3221 1543 3259 suorum
1560 3210 1699 3258 inter

656 3281 889 3346 primum
915 3278 1103 3331 lulium
1125 3293 1189 3331 ex
1213 3281 1497 3333 Annalibus
1519 3284 1699 3335 Ponti-

659 3355 819 3406 ficum
840 3357 933 3405 aut
953 3353 1161 3406 aliunde
1185 3356 1431 3407 historica
1461 3358 1564 3408 fide
1596 3372 1698 3409 no—

657 3431 770 3481 tum
804 3431 857 3479 et
883 3428 1053 3480 Iulum
1073 3432 1283 3480 Aeneae
1307 3432 1360 3481 F.
1386 3432 1696 3483 nominatim

657 3504 871 3568 explere
902 3517 1139 3569 unquam
1178 3508 1363 3556 conata
1400 3510 1545 3569 erat,
1594 3519 1696 3557 nec

654 3580 823 3643 magis
858 3593 954 3630 eae
991 3583 1202 3643 gentes,
1240 3579 1435 3644 quibus
1467 3580 1694 3631 similem

655 3656 908 3719 originem
932 3654 1224 3706 fabulosam
1258 3655 1496 3705 tribuunt
1525 3656 1696 3719 Virgi-

656 3729 755 3780 lius
788 3731 845 3780 et
866 3729 1034 3780 Silius.
1069 3729 1323 3779 Prioribus
1355 3728 1524 3793 (udor
1558 3731 1697 3780 Vor-

654 3805 797 3854 welt
815 3805 854 3854 L
869 3806 1114 3854 amiern
1128 3821 1173 3864 υ,
1208 3802 1379 3865 Voss.)
1404 3805 1583 3854 autem
1602 3816 1697 3869 op-

653 3882 922 3945 ponuntur
967 3884 1192 3942 nepotes,
1245 3879 1302 3940 ii,
1351 3891 1578 3942 quorum
1624 3880 1691 3931 de

654 3953 955 4005 nominibus
989 3956 1134 4004 certa
1167 3952 1272 4004 fide
1298 3953 1589 4004 constabat.
1634 3982 1688 3992 ·-

652 4027 844 4093 [ον-ινα]
889 4030 1126 4080 «vetusta
1172 4030 1227 4079 et
1269 4030 1518 4079 constans
1552 4029 1689 4080 sama

655 4106 787 4153 est.»
823 4101 955 4152 Nihil
977 4103 1115 4153 inest
1135 4103 1320 4153 incerti
1342 4116 1408 4154 ac
1430 4103 1592 4154 dubii.

719 4176 767 4227 4.
802 4178 1310 4243 memorab-fastos]
1334 4178 1687 4242 Οᾱ.4,44,4;

1773 1864 1970 1927 tiquior
1990 1864 2188 1914 Horatii
2222 1864 2381 1914 etiam
2406 1866 2577 1915 aetate
2603 1865 2815 1915 videtur

1771 1939 1962 1989 usitata
1996 1937 2172 1990 fuisse.
2239 1937 2470 1989 Alterius
2499 1941 2708 1990 certum
2731 1942 2817 1991 est

1775 2011 2078 2077 exemplum
2126 2014 2322 2063 Lucan.
2375 2014 2468 2075 40,
2522 2014 2650 2064 487;
2706 2016 2814 2065 Noc

1771 2100 1908 2137 metas
1937 2088 2140 2137 Eudoxi
2158 2088 2383 2138 metor
2401 2087 2611 2153 fastibus
2630 2102 2808 2140 amm.

1771 2161 1952 2211 Festus
1983 2160 2147 2211 edunt
2178 2162 2337 2212 etiam
2370 2162 2514 2227 apud
2546 2161 2726 2213 Silium
2758 2165 2809 2225 2,

1775 2236 1856 2285 40.
1893 2236 2189 2287 Priscianus
2221 2237 2283 2298 6,
2321 2236 2412 2288 44ε
2469 2236 2616 2300 Apud
2643 2239 2813 2288 Hom-

1774 2310 1898 2361 to'um
1931 2310 2174 2373 duplicem
2203 2311 2401 2361 &vodo
2431 2313 2735 2374 scriptia-om
2764 2317 2816 2363 ct

1769 2396 1951 2437 nsros
1989 2391 2036 2435 at
2063 2397 2246 2437 msa-vs
2276 2387 2332 2436 in
2361 2386 2447 2436 111.
2484 2386 2809 2437 Commu.-

1771 2461 1871 2511 Psn
1894 2487 1924 2498 -
1944 2472 2172 2512 -msros
2205 2464 2252 2511 ot
2280 2472 2464 2513 nsrus
2495 2463 2549 2513 in
2581 2461 2697 2512 aliis
2727 2475 2811 2513 co-

1773 2535 1975 2585 dicibus.
2043 2536 2104 2585 Η.
2141 2533 2175 2585 1.
2212 2534 2439 2599 intellige
2473 2538 2812 2600 potissimum

1772 2608 1840 2659 de
1873 2610 2167 2659 stemmatis
2204 2608 2551 2673 (genealogiis)
2587 2611 2808 2663 huiusce

1771 2681 2012 2733 familiae.
2080 2685 2214 2733 Nam
2254 2684 2310 2734 in
2343 2685 2509 2734 Fastis
2558 2684 2810 2737 consula-

1768 2755 1917 2808 ribus
1949 2769 2086 2807 unus
2120 2761 2394 2821 comparet
2424 2758 2510 2808 hic
2556 2760 2674 2823 ipse
2706 2761 2809 2810 La·

1769 2832 1904 2893 mia,
1942 2830 2126 2882 consul
2147 2844 2196 2881 a.
2219 2845 2273 2881 u.
2300 2845 2349 2882 c.
2376 2832 2472 2882 756
2495 2846 2508 2891 ;
2543 2846 2646 2883 nec
2675 2833 2810 2885 alius

1767 2908 1983 2970 praeter
2002 2906 2219 2956 Lucium
2231 2943 2244 2966 ,
2271 2905 2385 2956 eius
2406 2907 2634 2970 patrem,
2653 2920 2809 2972 prae-

1767 2982 1939 3031 torem
1956 3018 1968 3041 ,
2006 2982 2334 3031 memoratur
2365 2993 2396 3029 a
2429 2981 2628 3044 Pighio.

1832 3058 1882 3107 ὅ.
1940 3056 1988 3105 6.
2048 3054 2213 3119 ducis]
2259 3055 2396 3116 Quid
2427 3069 2527 3121 pro
2561 3057 2806 3121 speciosa

1768 3131 1831 3180 D.
1869 3130 2066 3181 Heinsii
2100 3131 2235 3181 coni.
2291 3131 2425 3180 ducit
2471 3129 2575 3182 dici
2616 3133 2801 3197 possit,

1767 3204 1890 3255 vide
1941 3204 2085 3270 apud
2132 3203 2457 3268 Bentleium,
2514 3219 2696 3257 acrem
2751 3209 2807 3257 et

1767 3281 2098 3344 ingeniosum
2131 3281 2245 3331 eius
2278 3279 2636 3332 defensorem.
2695 3282 2803 3344 Ego

1767 3366 1827 3405 re
1877 3354 2053 3405 denuo
2102 3356 2365 3418 pensitata
2423 3354 2494 3405 ad
2543 3354 2804 3406 librorum

1769 3429 2134 3479 auctoritatem
2181 3442 2324 3479 nunc
2363 3430 2560 3480 reverti
2574 3466 2588 3491 ,
2639 3430 2803 3480 lahnii

1766 3503 2197 3568 interpretatione
2236 3502 2478 3568 probata.
2545 3505 2605 3554 In
2637 3505 2804 3555 Hein-

1767 3578 1912 3627 siana
1945 3577 2148 3628 ratione
2181 3578 2338 3628 nimis
2371 3578 2545 3629 tenuis
2593 3578 2806 3629 videtm·

1766 3650 1848 3702 illa
1881 3653 2037 3703 unius
2079 3651 2328 3703 versiculi
2370 3652 2650 3717 appelhtio
2698 3654 2808 3703 Adi

1765 3754 1794 3765 -
1827 3752 1857 3765 -
1884 3728 2074 3786 Lamo3
2147 3728 2304 3778 nimis
2371 3727 2586 3792 copiosa
2639 3728 2803 3778 Lamii

1765 3803 1973 3866 generis
2027 3803 2263 3867 mythice
2318 3803 2571 3862 historia;
2629 3803 2803 3867 aptius

1766 3891 1892 3942 ergo
1939 3882 2063 3943 post
2110 3877 2495 3941 digressionem
2539 3892 2594 3929 v.
2645 3876 2799 3929 2-4.

1763 3967 1815 4003 v.
1851 3954 1902 4003 ὅ.
1937 3952 2076 4004 redit
2105 3952 2177 4003 ad
2208 3967 2258 4002 v.
2286 3954 2334 4003 4.
2371 3954 2495 4004 Post
2526 3953 2802 4004 exordium

1765 4031 1943 4079 autem
1962 4066 1973 4088 ,
2026 4028 2168 4092 quod
2203 4029 2316 4091 ipsa
2351 4041 2448 4078 sua
2479 4027 2804 4078 verbositate

1764 4105 1939 4154 iocum
1972 4102 2219 4162 adiuvat,
2256 4102 2532 4167 abruptius
2563 4100 2804 4166 procedit

1763 4178 1832 4228 ad
1862 4178 2205 4242 praecipuum
2240 4179 2486 4228 carminis
2519 4189 2804 4240 argumen-

654 4254 745 4304 Por
777 4252 943 4302 mulos
972 4265 1304 4314 numerosque
1333 4253 1519 4315 Ῐσειοες
1559 4254 1688 4316 «qui
1764 4254 1877 4303 tum
1910 4265 2027 4302 cras
2058 4255 2160 4303 cet.
2213 4253 2438 4304 criticus
2471 4253 2687 4317 quidem
2710 4264 2804 4301 no-
