3234 4975
643 398 768 467 424

1414 404 1671 455 nolum
1707 404 2043 458 CAanuu

984 558 1168 627 Dulci
1214 558 1405 647 digne
1448 580 1630 626 mero
1676 580 1804 626 non
1846 559 1988 627 sine
2031 557 2324 637 floribus»,

1068 681 1225 748 Cras
1269 679 1615 748 donaberis
1660 679 1902 759 haedo,

1149 802 1263 868 Cui
1309 800 1483 868 frons
1526 801 1781 890 turgida
1824 801 2131 869 cornibus

976 959 1205 1025 Primis
1249 969 1314 1026 et
1354 980 1662 1026 venerem
1705 969 1771 1027 et
1810 959 2057 1048 proelia
2102 959 2377 1028 destinat
2410 984 2424 1040 ;
2764 962 2803 1025 5

980 1082 1268 1147 Frustra:
1312 1101 1463 1148 nam
1502 1079 1755 1169 gelidos
1798 1081 2037 1149 inficiet
2079 1081 2191 1148 tibi

1060 1201 1279 1269 Rubro
1322 1203 1633 1291 sanguine
1683 1204 1855 1271 rivos

1147 1324 1399 1390 Lascivi
1444 1323 1707 1391 suboles
1753 1325 1986 1412 gregis.

978 1485 1063 1550 Te
1108 1482 1434 1571 flagrantis
1479 1494 1661 1550 atrox
1702 1483 1861 1551 hora
1907 1484 2251 1553 Caniculae

768 1666 817 1714 5.
855 1664 1059 1716 destinet
1089 1662 1146 1725 b,
1183 1663 1283 1715 sed
1317 1676 1584 1729 superscr.
1624 1678 1674 1714 a.
1716 1691 1771 1701 —
1808 1664 1859 1715 8.
1895 1664 2080 1716 soboles
2111 1663 2205 1715 Td.

641 1811 801 1863 hodie
850 1824 950 1877 pro
1001 1813 1148 1862 certo
1194 1814 1449 1876 exputare
1497 1813 1690 1876 nequi-

641 1899 763 1937 mus
777 1923 789 1947 ,
814 1898 917 1936 nec
938 1887 1221 1951 propterea
1242 1887 1510 1949 poeticam
1531 1886 1693 1936 ratio-

645 1973 773 2011 nem
804 1960 979 2025 ipsam
1012 1958 1117 2010 ullo
1156 1960 1319 2012 modo
1353 1960 1570 2012 turbant
1599 1963 1693 2012 aut

648 2033 978 2097 obscurant.)

708 2109 755 2158 4.
792 2109 843 2159 2.
878 2107 1015 2173 fons]
1049 2109 1422 2175 Inscriptiones
1455 2109 1690 2161 fontibus

645 2183 848 2249 positas
869 2195 921 2233 v.
947 2182 1002 2233 in
1021 2184 1189 2235 Inscr.
1215 2196 1287 2235 m.
1315 2185 1425 2234 Lat.
1452 2186 1512 2235 N.
1540 2184 1687 2235 4223.

646 2257 791 2308 4636.
820 2257 967 2308 4560.
1004 2258 1196 2310 Fontes
1217 2258 1514 2310 harundine
1532 2272 1693 2309 coro-

643 2333 752 2382 nati
769 2333 895 2382 sunt
915 2332 970 2382 in
986 2334 1346 2385 monumentis
1362 2334 1608 2397 antiquis,
1632 2335 1694 2383 nt

646 2406 701 2456 in
733 2406 1097 2457 Pheraeorum
1138 2408 1372 2459 nummis
1406 2408 1689 2472 Hypereia.

643 2479 864 2531 Streber
912 2481 1171 2533 Numism.
1225 2484 1312 2533 Gr.
1366 2495 1420 2547 p.
1465 2482 1579 2533 455.
1633 2509 1689 2519 -

640 2555 799 2620 vitro]
846 2557 907 2606 ut
953 2569 1054 2608 nos
1088 2557 1316 2608 dicimus
1351 2573 1376 2600 «ι
1391 2555 1689 2619 crystallo».

651 2630 873 2681 Vitream
918 2632 1096 2682 Fucini
1141 2632 1335 2682 undam
1378 2630 1507 2682 dixit
1547 2632 1689 2695 virg.

643 2705 774 2755 Aen.
812 2706 871 2767 7,
910 2706 1023 2756 759.
1054 2733 1109 2743 —
1146 2706 1295 2772 digne
1322 2706 1478 2771 mero]
1516 2706 1693 2770 «quod

644 2792 764 2831 cras
814 2779 909 2830 tibi
959 2779 1203 2831 libetur.»
1259 2781 1424 2845 (Nonz
1471 2782 1562 2845 qui
1595 2779 1694 2831 ad-

643 2855 921 2906 miscearis
954 2868 1106 2906 mero
1138 2857 1193 2906 in
1224 2855 1417 2921 poculo
1440 2857 1696 2906 coronato

646 2929 1071 2993 temperandum)
1116 2931 1326 2994 Longus
1359 2931 1416 2992 4,
1448 2931 1539 2981 32:
1576 2929 1697 2982 ἐκέ-

645 3018 790 3074 ρασε
837 3001 901 3054 δὲ
933 3004 1033 3053 καὶ
1063 2999 1172 3069 τὴν
1205 3000 1394 3071 πηγὴν
1435 3002 1592 3071 οἴνῳ.
1635 3033 1689 3041 -

644 3093 748 3128 non
778 3078 884 3128 sinc
912 3076 1140 3142 floribus]
1181 3080 1350 3129 Varro
1382 3080 1478 3130 LL.
1506 3080 1560 3142 6,
1604 3080 1689 3130 22:

647 3151 1005 3202 Fontanalibus
1034 3153 1090 3202 in
1118 3151 1279 3215 sonus
1308 3167 1521 3204 coronas
1545 3155 1697 3204 iacie-

644 3227 767 3277 bant
816 3231 864 3276 ct
904 3230 1083 3288 puteos
1129 3228 1453 3278 coronabant.
1544 3228 1693 3279 Duae

645 3302 803 3365 igitur
834 3313 924 3351 res
958 3302 1106 3364 sunt,
1144 3301 1280 3351 «vini
1313 3300 1492 3353 libatio
1515 3304 1571 3355 et
1592 3304 1696 3353 sso-

647 3389 771 3427 rum
803 3375 1009 3441 sparsio
1052 3376 1107 3426 in
1149 3376 1408 3438 fontem»,
1455 3391 1589 3439 non,
1639 3379 1697 3427 ut

646 3449 732 3502 alii
753 3447 1061 3501 voluerunt:
1100 3450 1239 3501 «vini
1271 3450 1450 3502 libatio
1484 3466 1551 3503 ex
1573 3451 1698 3502 cali-

646 3540 711 3578 ce
746 3526 1060 3586 coronato»,
1116 3527 1174 3576 ut
1212 3528 1296 3577 est
1328 3525 1514 3578 Tibull.
1552 3528 1586 3578 2
1604 3566 1616 3589 ,
1643 3529 1693 3588 5,

650 3602 747 3653 98:
786 3605 1055 3652 coronatus
1084 3598 1233 3650 stabit
1263 3606 1310 3651 ct
1341 3606 1457 3652 ante
1487 3602 1644 3652 calix.

713 3676 762 3727 4.
821 3676 965 3741 frons
996 3674 1230 3740 maida]
1279 3677 1461 3727 «cuius
1494 3690 1696 3727 cornua

647 3754 754 3803 iam
803 3753 858 3802 in
908 3764 973 3802 eo
1024 3753 1177 3814 sunt,
1249 3754 1307 3801 ut
1353 3764 1454 3816 per
1500 3750 1697 3817 pellem

648 3827 933 3891 penetrent
965 3829 1018 3877 et
1051 3828 1422 3878 enascantur.
1462 3854 1517 3864 —
1554 3827 1700 3877 desti-

647 3901 768 3964 nat]
816 3902 875 3950 ut
923 3891 1018 3952 Od.
1073 3901 1130 3963 3,
1183 3902 1278 3965 22,
1334 3901 1384 3951 7.
1441 3902 1693 3953 meditari.

649 3976 883 4025 «Mature
916 3977 1099 4026 autem
1134 3974 1399 4041 (anniculi)
1450 3974 1608 4027 haedi
1644 3977 1699 4026 et

645 4062 903 4100 venerem
938 4053 1192 4115 appetere
1236 4052 1291 4101 et
1321 4053 1543 4116 propter
1575 4063 1697 4101 eam

644 4136 887 4190 pugnare
912 4129 1286 4177 consuerunt.»
1323 4127 1505 4177 Senot..
1543 4125 1691 4177 ovid.

646 4197 870 4250 Halieut.
908 4199 973 4250 2:
1023 4200 1210 4251 vitulus
1240 4202 1311 4250 sic
1340 4214 1560 4265 namque
1594 4202 1696 4251 mi-

646 4278 835 4338 natur,
887 4274 985 4339 Qm·
1014 4275 1237 4326 nondwn
1267 4277 1397 4339 verit
1438 4277 1493 4326 in
1524 4281 1699 4328 tonora

1760 1812 2082 1863 imnconma
2101 1813 2280 1877 tronto.
2318 1810 2534 1865 Martial.
2555 1813 2613 1875 6,
2640 1813 2721 1875 38,
2746 1814 2806 1865 8:

1761 1886 1847 1936 Sic
1876 1887 2064 1937 nundus
2092 1882 2231 1936 molli
2245 1887 2446 1950 proclia
2462 1887 2629 1950 fronto
2648 1888 2802 1950 cupit.

1768 1987 1823 1997 —
1861 1959 1994 2012 Male
2045 1960 2131 2012 alii
2180 1962 2404 2026 iungunt
2452 1963 2666 2013 destinat
2694 1963 2812 2025 siw-

1762 2040 1899 2096 sora,
1936 2049 2044 2100 quo
2075 2037 2215 2101 perit
2245 2036 2453 2100 poetica
2486 2034 2588 2087 loci
2621 2038 2808 2093 virtus,

1765 2121 1926 2173 quam
1950 2110 2116 2161 habet
2146 2109 2405 2162 acerbum
2444 2109 2570 2161 illud
2592 2104 2814 2172 ἐπιφώ-

1763 2198 1940 2249 νημα.
1999 2185 2064 2235 Et
2093 2186 2171 2236 sic
2194 2197 2414 2250 prorsus
2436 2185 2532 2236 Od.
2560 2185 2610 2244 3,
2635 2186 2685 2245 7,
2711 2185 2770 2234 24
2794 2198 2807 2231 :

1763 2259 1950 2309 Fallacc
2011 2260 2246 2310 historias
2299 2264 2462 2310 movet
2479 2274 2496 2308 .·
2579 2260 2808 2309 ffltstra.

1765 2335 1872 2385 Sat.
1907 2336 1969 2397 2,
2007 2335 2065 2396 4,
2102 2335 2202 2386 24:
2258 2334 2495 2385 miscebat
2524 2335 2676 2386 malla
2706 2334 2813 2385 Fa-

1763 2409 1940 2459 lerno:
1994 2410 2241 2460 Mondoso.
2302 2411 2512 2460 Lucret.
2549 2409 2607 2469 4,
2645 2408 2809 2459 ⁴⁴03:

1764 2482 2017 2546 inspirant
2069 2489 2354 2547 pressantes
2410 2483 2634 2535 dantibus
2681 2496 2778 2533 ora
2794 2497 2812 2532 .·

1763 2559 2131 2621 Nequidquam.
2159 2584 2217 2597 —
2253 2557 2811 2623 &unciatitibi--rivosJ

1767 2634 1929 2684 «wird
1957 2633 2165 2697 farben-
2185 2670 2197 2693 ,
2256 2647 2363 2683 non
2398 2633 2637 2698 botlecken
2679 2631 2812 2696 (pol-

1765 2707 1906 2772 luet),
1941 2709 2002 2758 ut
2019 2707 2180 2757 vertit
2200 2706 2613 2758 novissimorum
2645 2707 2815 2756 inter-

1765 2783 1979 2848 pretum
2013 2781 2248 2846 quidam.
2286 2783 2372 2832 Sic
2405 2783 2512 2832 iam
2547 2780 2688 2846 apud
2711 2781 2815 2830 Ho-

1766 2869 1978 2912 merum
2000 2855 2146 2907 Iliad.
2171 2864 2259 2920 ψ,
2287 2855 2383 2908 444
2409 2868 2601 2919 seqq.·
2637 2855 2818 2942 Σπερ-

1765 2933 1894 2992 χει,
1925 2924 2114 2994 ἄλλως
2134 2932 2233 2981 ool
2251 2945 2316 2997 γε
2338 2926 2526 3002 πατὴρ
2547 2924 2586 2995 ἦ
2666 2943 2814 2980 cocto

1766 3002 1993 3072 Πηλεὺς
2014 3033 2044 3043 -
2065 3034 2096 3045 -
2117 3002 2488 3072 Πεντήκοντα
2519 3003 2567 3054 δ’
2588 2946 2816 3092 ἐπίορκα

1768 3083 1898 3152 παρ’
1948 3075 2159 3133 αὐτόθι
2206 3079 2342 3148 μῆλ’
2397 3077 2672 3153 ἱερεύσειν
2721 3073 2813 3143 Ἐς

1769 3152 2258 3296 π’ζὶγὰῖοκτλαενοω]
2319 3248 2344 3276 α
2360 3230 2813 3281 ferventissima.»

1764 3305 1906 3355 Hora
1937 3307 2114 3355 autem
2150 3307 2320 3355 totum
2352 3305 2582 3370 spatium
2607 3302 2816 3354 dierum

1768 3377 2162 3430 canicularium.
2200 3379 2285 3430 Sic
2319 3379 2448 3444 Epp.
2489 3379 2510 3426 4
2538 3418 2549 3440 ,
2584 3378 2679 3438 46,
2715 3376 2816 3447 46ς

1766 3453 2128 3517 Septembribus
2143 3454 2294 3504 horis.
2320 3480 2375 3490 —
2400 3454 2566 3503 Nescit
2586 3449 2810 3516 tanam]

1768 3529 1924 3593 «quia
1957 3527 2239 3580 Caniculae
2286 3530 2423 3579 ictus
2470 3541 2501 3577 a
2542 3529 2596 3578 te
2631 3525 2818 3578 exclu-

1775 3602 1908 3654 dunt
1943 3601 2139 3654 ilices.»

1834 3677 1914 3729 43.
1970 3678 2049 3729 44.
2105 3678 2256 3728 Fies·
2276 3675 2573 3741 —sontime
2616 3678 2818 3727 Graeca

1769 3753 2181 3803 constructione.
2240 3751 2430 3802 Strabo
2465 3751 2513 3802 8.
2544 3763 2664 3816 pag.
2691 3749 2814 3801 573:

1858 3823 2038 3892 μιόνη
2055 3825 2215 3877 -ἐστὶ
2263 3821 2378 3876 τῶν
2417 3818 2528 3877 οὐκ
2570 3819 2820 3890 ἀσήμων

1769 3900 2009 3954 π.λεων
2051 3927 2105 3937 -
2133 3907 2189 3952 tu
2222 3900 2432 3965 quoquc]
2466 3902 2557 3950 «ut
2585 3899 2672 3951 alii
2700 3899 2821 3950 fon-

1771 3980 1851 4029 tes
1903 3976 2015 4028 aliis
2058 3991 2089 4028 a
2132 3977 2305 4041 poetis
2352 3974 2604 4026 celebrati
2625 4013 2637 4035 ‚
2685 3976 2821 4025 Are-

1771 4054 1943 4114 thusa,
1982 4050 2206 4103 Castalia
2227 4090 2239 4112 ,
2276 4052 2459 4113 Dirce,
2487 4050 2674 4101 Pirene
2694 4088 2706 4110 ,
2731 4061 2824 4099 ce-

1771 4128 1922 4177 teri.»
1957 4152 2007 4163 -
2039 4126 2242 4190 dicente]
2270 4124 2693 4190 «praedicantem
2717 4124 2824 4173 Im-

1772 4199 2050 4252 mortalem
2114 4202 2369 4252 Romanac
2411 4200 2629 4263 fidicinis
2677 4197 2822 4259 lyrae

1774 4273 1994 4339 gloriam
2058 4275 2146 4326 hic
2210 4273 2313 4326 sibi
2361 4273 2698 4333 vaticinatur,
2765 4272 2822 4322 id
