3234 4975
1322 878 1776 981 Q.HORAT11
1805 878 2118 969 FLAGGI

1120 1104 2340 1286 CARMINUM

1378 1409 1610 1475 LIBER
1652 1408 2082 1476 SECUNDUS.

1435 1772 1902 1835 cm
1943 1720 2029 1834 ⁸1.

1074 1943 1309 2006 Motum
1353 1962 1432 2006 ex
1477 1941 1727 2007 Metello
1772 1942 2037 2010 consule
2081 1945 2352 2012 civicum

1074 2062 1364 2150 Bellique
1407 2083 1640 2129 causas
1685 2075 1749 2130 et
1789 2065 1942 2130 vitia
1986 2076 2051 2132 et
2096 2067 2325 2133 modos

782 2247 818 2295 1.
892 2246 1054 2294 Inscr.
1082 2241 1219 2305 volg.
1245 2243 1322 2292 Ad
1355 2243 1410 2293 C.
1448 2244 1672 2293 Asinium
1702 2243 1985 2294 Pollionem.
2028 2272 2083 2281 -
2118 2246 2195 2295 Ad
2224 2246 2452 2296 Asiam
2480 2248 2746 2298 Panionium

716 2319 1027 2370 consularem
1055 2319 1225 2367 virum
1256 2319 1312 2367 Τ.
1352 2319 1465 2368 Om.
1504 2319 1554 2367 S.

716 2480 763 2529 4.
800 2478 1006 2543 Hom]
1042 2475 1181 2528 bella
1223 2477 1500 2539 intestina,
1551 2490 1691 2541 quae

648 2554 1000 2620 primordium
1043 2554 1300 2616 ceperant
1343 2552 1465 2602 inde
1517 2551 1586 2602 ab
1640 2566 1688 2602 a.

647 2644 701 2679 u.
739 2642 786 2679 c.
826 2627 962 2688 694..
1000 2629 1060 2688 Q.
1100 2625 1326 2677 Caecilio
1360 2624 1570 2676 Metello
1594 2627 1694 2677 Ce-

1766 2478 1938 2528 am
1966 2492 2251 2542 paucosque
2275 2486 2542 2543 praeterea
2571 2480 2652 2546 (de
2664 2483 2811 2545 prin-

1765 2553 1952 2616 cipibus
1972 2554 2168 2618 loquor)
2183 2556 2364 2618 reliqui
2383 2557 2604 2618 primam·
2624 2558 2679 2606 in
2699 2557 2807 2619 ipso

1765 2627 1887 2677 bello
1917 2642 2155 2690 rapaces,
2192 2631 2365 2680 deinde
2396 2632 2450 2680 in
2484 2633 2709 2683 oratione
2730 2633 2806 2681 ita

581 2692 589 2700 ’
648 2702 759 2754 lere
794 2706 849 2754 et
880 2705 936 2753 L.
975 2701 1186 2753 Afranio
1222 2714 1380 2762 coss,
1419 2713 1527 2764 quo
1549 2714 1691 2751 anno
1725 2721 1729 2736 ·
1763 2704 2008 2765 crudeles,
2053 2709 2110 2753 ut
2141 2705 2303 2766 ipsam
2331 2706 2598 2756 victoriam
2629 2707 2807 2757 horre.

649 2779 877 2838 Caesar,
913 2778 1223 2841 Pompeius,
1263 2776 1489 2827 Crassus
1515 2777 1691 2826 socie-

648 2854 813 2903 tatem
846 2853 923 2902 rei
956 2851 1200 2916 publicae
1233 2850 1302 2901 ad
1324 2863 1478 2901 suam
1499 2849 1692 2900 volun-

646 2930 813 2977 tatem
867 2925 1133 2989 regendae
1198 2926 1458 2986 inierunt,
1526 2937 1690 2988 quem

646 3000 881 3065 priorem
915 3000 1330 3058 niumm-atum,
1380 2999 1479 3048 etsi
1513 3000 1689 3048 minus

648 3076 812 3134 recte,
850 3086 975 3125 cum
1007 3074 1346 3136 magistratus
1380 3087 1486 3123 non
1510 3073 1685 3133 fuerit,

648 3147 803 3212 volgo
825 3146 1109 3212 appellant.
1167 3146 1299 3197 vell.
1325 3148 1383 3208 2,
1420 3146 1502 3198 44.
1541 3150 1684 3198 Suet.

650 3223 802 3273 Caes.
827 3223 906 3272 49.
933 3221 1113 3274 Florus
1141 3222 1188 3282 4,
1215 3225 1263 3272 2.
1290 3221 1493 3273 Bellum
1512 3223 1687 3286 ipsum

648 3295 800 3347 civile
836 3296 1055 3346 demum
1087 3298 1208 3360 post
1228 3297 1547 3346 decennium
1571 3311 1694 3346 eru-

648 3372 741 3436 pit.
784 3399 839 3408 —
874 3370 1101 3436 civit-mn]
1138 3373 1198 3420 ut
1230 3370 1325 3420 Od.
1362 3370 1419 3430 3,
1464 3369 1553 3431 24,
1603 3371 1685 3420 26.

647 3447 810 3496 civica
838 3444 1027 3505 rabies,
1077 3445 1246 3495 forma
1292 3445 1578 3508 antiquior,
1633 3448 1692 3494 ut

646 3522 882 3583 hosticus,
928 3534 958 3569 a
990 3521 1162 3584 poetis
1205 3523 1439 3578 servata;
1493 3521 1545 3570 in
1581 3519 1691 3569 for-

650 3594 793 3646 mula
833 3609 1073 3645 coronam
1111 3595 1323 3645 civicam
1365 3597 1489 3645 dare
1529 3594 1690 3645 trala-

650 3670 770 3721 ticia
805 3671 1015 3721 mansit.

712 3746 761 3794 2.
798 3744 993 3809 causas]
1030 3745 1255 3795 caedem
1290 3744 1493 3812 Crassi,
1542 3757 1690 3795 mor·—

649 3822 760 3869 tem
793 3818 971 3882 Iuliae,
1009 3820 1355 3871 ambitionem
1384 3817 1692 3869 aemulatio-

651 3907 882 3958 nemque
924 3896 1166 3946 Caesaris
1209 3896 1265 3945 et
1304 3894 1541 3958 Pompeii
1582 3895 1685 3943 cet.

655 3994 709 4004 —
742 3969 885 4034 vitia]
931 3972 1124 4033 partim
1166 3970 1342 4021 Crassi
1383 3970 1435 4020 in
1469 3968 1692 4033 expedi—

648 4043 791 4094 tione
840 4044 1099 4096 adversus
1148 4044 1368 4096 Parthos
1419 4046 1686 4108 suscepta,

647 4119 841 4182 partim
882 4120 1119 4183 Pompeii
1159 4120 1380 4183 eiusque
1429 4119 1686 4183 partium;

649 4192 843 4259 quibus
885 4193 953 4243 de
996 4194 1135 4244 vitiis
1179 4196 1372 4244 acriter
1405 4193 1691 4257 conqueri-

651 4273 737 4319 tur
785 4269 973 4320 Cicero
1023 4268 1094 4318 ad
1144 4268 1284 4318 Fam.
1331 4268 1386 4329 7,
1432 4267 1486 4315 3:
1540 4271 1692 4316 emera

1762 2790 1885 2826 rem.
1929 2803 1985 2813 --
2020 2778 2207 2842 modos]
2254 2782 2338 2829 «et
2376 2778 2607 2843 singulas
2642 2781 2807 2830 ratio—

1764 2863 1887 2912 nes„
1924 2851 2119 2915 quibus
2151 2855 2378 2917 utraque
2411 2867 2537 2918 pars
2571 2867 2668 2905 usa
2691 2856 2809 2905 erat

1763 2925 1817 2974 in
1850 2924 1932 2975 his
1974 2926 2397 2978 contentionibus
2440 2927 2707 2988 civilibus,
2753 2931 2809 2979 et

1762 3000 1921 3048 totius
1957 2999 2079 3049 belli
2120 3003 2414 3052 tenorem.»

1828 3073 1876 3124 3.
1915 3073 1962 3124 4.
2001 3076 2290 3138 Luciumque
2310 3075 2575 3141 Fortunae]
2602 3078 2807 3129 «varias

1763 3147 2153 3199 vicissitudines
2191 3148 2585 3214 ludibriumque
2621 3152 2806 3201 Fortu-

1762 3234 1862 3270 nae
1898 3224 2219 3286 praesertim
2251 3226 2305 3274 in
2338 3226 2548 3275 interitu
2573 3226 2627 3274 et
2654 3227 2810 3275 Pom-

1760 3297 1866 3358 peii
1890 3299 1944 3346 et
1968 3297 2261 3349 Caesaris.»
2294 3327 2348 3336 —
2375 3300 2569 3365 yraves]
2599 3298 2806 3350 Caelius

1763 3369 1830 3419 ad
1856 3371 1998 3420 Fam.
2025 3371 2074 3432 8,
2113 3372 2194 3434 ⁴4,
2231 3374 2292 3423 2:
2330 3374 2416 3423 Sic
2446 3375 2520 3423 illi
2543 3379 2808 3423 amor-eset

1761 3445 2004 3495 invidiosa
2036 3448 2316 3497 coniunctio
2340 3448 2493 3510 (inter
2516 3449 2805 3499 Caesarem

1762 3521 1817 3569 et
1833 3522 2158 3586 Pompeium)
2175 3537 2276 3572 non
2289 3524 2358 3572 ad
2374 3524 2619 3573 occultam
2629 3524 2807 3573 recidit

1760 3595 2178 3658 obtrectationem,
2207 3599 2292 3647 sed
2323 3599 2392 3647 ad
2414 3598 2590 3648 boumn
2612 3612 2664 3648 se
2684 3611 2806 3647 eru-

1753 3671 1847 3732 pit.
1883 3670 1958 3721 Cf.
1988 3671 2095 3721 Cic.
2123 3670 2343 3734 Philipp.
2370 3672 2429 3733 2,
2458 3673 2537 3733 ⁴0,
2563 3672 2644 3723 23.
2669 3671 2801 3722 Vell.

1759 3747 1809 3804 2,
1837 3744 1927 3796 44:
1955 3745 2218 3810 (Caesare)
2238 3745 2433 3795 consule
2455 3747 2520 3808 (a.
2542 3760 2594 3797 u.
2616 3760 2663 3796 c.
2685 3746 2799 3796 695.

1761 3819 1861 3870 sed
1883 3821 2181 3870 accuratius
2210 3820 2455 3870 Horatius
2475 3821 2669 3870 Metello
2690 3834 2806 3870 σου·

1760 3895 1879 3955 suk,
1905 3908 1953 3943 a.
1974 3907 2027 3945 u.
2050 3895 2186 3956 694.)
2205 3894 2335 3943 inter
2355 3908 2468 3944 etun
2484 3899 2530 3944 et
2551 3894 2639 3945 Gn.
2663 3896 2806 3945 Pom-

1754 3970 1925 4032 peium
1956 3973 2004 4019 et
2033 3970 2104 4019 Μ.
2132 3969 2367 4020 Crassum
2396 3970 2527 4019 inita
2551 3971 2805 4032 potentiae

1760 4044 1993 4105 sociem,
2029 4057 2160 4106 quae
2189 4043 2304 4092 urbi
2324 4043 2529 4106 orbique
2549 4049 2804 4094 tenariam

1761 4132 1850 4168 nec
1887 4119 2054 4168 nunus
2094 4119 2287 4168 diverso
2331 4131 2639 4181 quamquam
2678 4123 2804 4168 ιοηι-

1755 4206 1882 4255 pore
1912 4192 2033 4254 ipsis
2063 4192 2331 4242 amabilis
2364 4193 2578 4255 (Horatii
2608 4193 2802 4257 yravis)

1759 4266 1871 4328 finit.
1914 4294 1969 4302 —
2005 4265 2171 4330 arma]
2208 4267 2270 4318 Ut
2302 4266 2594 4329 distinguas
2627 4279 2658 4315 a
2681 4266 2803 4316 bollo
