3234 4975
648 354 771 418 202

989 508 1337 575 ΒίνθΠθῑιιι·
1379 508 1669 575 adultero

1147 629 1432 696 Lascivis
1476 628 1735 695 hederis
1780 629 2192 696 ambitiosior.

716 831 794 880 49.
834 828 1074 892 adulaero]
1100 841 1227 878 casu
1250 830 1400 877 sexto
1418 866 1429 887 ‚
1457 840 1562 876 non
1584 830 1689 876 ter-

651 905 737 954 tio.
776 904 859 952 Sic
877 901 972 952 Od.
995 903 1042 963 4,
1068 901 1150 961 37,
1174 903 1233 951 5:
1260 902 1546 963 depromere
1568 901 1691 951 Cae-

650 979 827 1027 cubum
848 977 979 1027 cellis
1000 976 1162 1025 avitis.
1205 975 1408 1025 Adulter
1429 977 1608 1025 autem
1632 976 1684 1024 h.

649 1051 683 1101 1.
710 1055 769 1101 ut
800 1052 1038 1114 Propert.
1064 1051 1114 1109 2,
1139 1049 1221 1109 29,
1247 1049 1327 1100 38.
1368 1049 1592 1112 Cynthia
1621 1049 1690 1099 ad

650 1128 888 1190 poetam:
941 1124 1141 1186 Aspice,
1192 1128 1251 1173 ut
1292 1124 1346 1173 in
1389 1128 1488 1173 toto
1526 1124 1691 1173 nullm

648 1200 769 1248 mihi
801 1212 1009 1260 corporo
1040 1202 1217 1260 sumat
1237 1198 1453 1260 Spiritus
1475 1199 1689 1248 admisso

650 1278 796 1322 notus
826 1272 1086 1332 adulter-w,
1122 1284 1220 1335 pro
1254 1271 1554 1322 concubitu.
1598 1273 1690 1323 Est

651 1347 830 1410 igitur:
886 1347 1172 1406 «Quamvis
1212 1359 1399 1397 omnes
1436 1347 1687 1398 convivae

652 1419 891 1471 Damalin
925 1419 1171 1486 amplecti
1206 1421 1444 1486 cupiant,
1482 1421 1567 1471 illa
1604 1423 1688 1471 ta-

652 1508 778 1545 men
822 1495 1015 1546 amoris
1057 1494 1243 1559 gaudia
1287 1497 1376 1545 uni
1409 1495 1684 1556 Numidae,

654 1582 789 1619 novo
823 1567 1086 1630 adultero,
1124 1569 1430 1621 concedet.»

1405 354 1659 404 HORATu
1694 354 2026 405 CARMINUM

2713 632 2794 694 20

1826 828 1907 876 20.
1961 827 2279 891 ambitiosior]
2332 830 2504 878 Prima
2552 842 2668 878 voc.
2722 829 2796 879 si-

1761 902 2090 964 gnificatione
2109 914 2238 952 usus
2257 904 2362 952 est:
2391 903 2593 953 «Artius
2612 903 2795 952 Numi-

1762 974 1886 1024 dam
1913 973 2186 1038 complexa
2202 1014 2213 1035 ‚
2252 989 2411 1039 quam
2440 976 2573 1026 solet
2594 975 2794 1026 hedera

1759 1050 1965 1109 lasa-wa,
2001 1048 2161 1099 modo
2195 1049 2324 1109 huc,
2363 1049 2522 1100 modo
2553 1048 2675 1100 illuc
2707 1064 2799 1100 va-

1761 1136 1826 1185 ga
1843 1161 1855 1183 ,
1910 1135 2132 1187 serpens
2177 1126 2342 1187 atque
2382 1125 2565 1174 cortici
2609 1137 2667 1175 se
2715 1126 2796 1175 in-

1760 1198 1981 1248 flectens
2014 1197 2229 1259 mbire,
2276 1198 2673 1262 circumplicare
2708 1213 2797 1249 ar-

1761 1272 1973 1323 bores.»
2030 1272 2230 1323 Eadem
2270 1274 2594 1336 comparatio
2628 1274 2791 1339 Epod.

1761 1347 1849 1407 ⁴5,
1895 1348 1942 1396 5.
1983 1349 2037 1397 et
2079 1344 2261 1397 Catull.
2300 1348 2388 1409 6⁴,
2444 1347 2534 1397 33:
2586 1350 2798 1398 Mentem

1761 1434 1933 1471 amoro
1974 1422 2270 1484 revinciens,
2327 1423 2384 1471 Ut
2429 1427 2584 1472 tenax
2615 1423 2796 1472 hedera

1759 1495 1853 1546 huc
1886 1500 1931 1545 et
1962 1496 2057 1546 huc
2087 1496 2324 1547 Arbor-em
2356 1497 2578 1559 implicat
2599 1510 2792 1548 errans.
