3234 4975
651 402 774 467 628
1619 404 1889 461 notum

649 564 783 612 sisse
823 562 1043 625 insuper
1080 558 1486 625 simplicitatem,
1536 563 1595 610 ut
1619 564 1675 610 et
1698 562 2010 612 conveniret
2034 562 2209 611 choris
2233 560 2332 611 illis
2354 574 2648 625 puerorum
2668 561 2827 626 puel-

650 643 932 708 larumque
972 645 1028 693 et
1067 656 1099 692 a
1137 642 1335 707 populo
1372 643 1487 707 ipso
1532 643 1684 693 haud
1726 644 1881 695 nimis
1920 642 2203 694 difficulter
2236 643 2640 707 intelliget-etum
2678 645 2829 695 deni-

649 741 755 791 que
794 730 964 779 totum
998 725 1184 777 debuit
1222 738 1343 777 esse
1370 722 1670 777 πολιτικὸν
1693 729 1764 789 et,
1808 741 1947 790 quae
1980 741 2069 778 res
2099 727 2310 779 vincula
2343 729 2610 791 quaedam
2632 730 2825 792 poetae

650 811 956 862 necessario
995 810 1190 870 iniecit,
1229 812 1411 873 aptum
1445 811 1576 860 item
1598 809 1668 860 ad
1691 823 1913 861 sensum
1936 809 2376 874 voluntatemque
2400 812 2638 874 Augusti,
2676 812 2828 862 cuius

651 908 718 944 ex
759 896 908 946 iussu
953 907 1016 944 ac
1069 894 1332 944 sententia
1366 906 1555 945 versus
1596 892 1834 955 Sibyllini
1873 907 1901 943 a
1952 895 2162 944 zosimo
2200 895 2426 955 servati,
2493 908 2524 945 a
2569 895 2827 947 Graeculo

648 977 850 1042 aliquo,
886 976 1111 1028 fortasse
1145 977 1452 1038 Parthenio,
1490 975 1748 1026 elaborati
1787 990 1909 1028 esse
1955 977 2231 1039 videntur,
2275 990 2413 1040 quos
2453 979 2614 1042 poeta
2637 991 2827 1043 presse

650 1061 804 1123 sequi
843 1058 1091 1110 debebat.
1163 1061 1364 1110 Verum
1402 1059 1557 1122 igitur
1593 1061 1649 1110 in
1688 1060 1867 1111 medio
1905 1060 2143 1125 positum
2177 1073 2299 1111 esse
2341 1059 2590 1111 arbitror.

1081 1654 1767 1714 coMMENTATon
1805 1653 2261 1737 emmunim
2269 1655 2400 1714 [IS.

781 1822 943 1872 «Ludi
978 1821 1250 1873 seculares
1283 1823 1407 1873 ideo
1441 1822 1567 1872 dicti
1602 1823 1748 1883 sunt,
1787 1822 1932 1886 quod
1968 1836 2065 1888 per
2097 1824 2314 1873 centum
2350 1825 2406 1872 et
2438 1822 2630 1873 decem
2654 1835 2823 1874 annos

650 1904 1060 1956 celebrabantur
1093 1906 1361 1966 trinocti0,
1399 1905 1452 1955 id
1485 1909 1591 1967 est,
1632 1905 1802 1956 tribus
1837 1906 2029 1957 diebus
2062 1908 2117 1956 et
2141 1904 2310 1956 tribus
2332 1906 2615 1967 noctibus;
2670 1919 2825 1957 secu-

646 1988 787 2040 lares
820 1994 1021 2051 autem,
1058 1989 1205 2053 quod
1237 2001 1269 2038 a
1301 1990 1474 2053 primo
1509 1988 1718 2049 seculo,
1757 1988 1811 2038 id
1850 1992 1956 2049 est,
2001 1988 2069 2039 ab
2112 1989 2312 2051 origine
2345 1990 2614 2041 Romanae
2648 1990 2823 2054 gentis

647 2073 847 2137 reperti
882 2075 937 2122 et
967 2073 1186 2123 instituti
1227 2074 1370 2132 sunt,
1408 2071 1612 2122 scilicet
1651 2085 1682 2121 a
1721 2073 1893 2121 Numa
1917 2071 2192 2136 Pompilio,
2230 2085 2261 2121 a
2296 2086 2402 2135 quo
2426 2073 2673 2124 Romanis
2696 2075 2822 2137 post

647 2159 866 2207 centum
901 2159 955 2206 et
986 2156 1177 2207 decem
1212 2168 1380 2205 annos
1414 2167 1633 2219 semper
1667 2155 1718 2204 in
1753 2167 1855 2204 usu
1890 2154 2058 2204 ruere.
2116 2155 2335 2205 Verrius
2377 2157 2559 2206 autem
2601 2155 2820 2207 Flaccus

644 2239 810 2290 refert
842 2252 1061 2290 carmen
1092 2237 1335 2290 seculare
1377 2240 1431 2288 et
1468 2236 1792 2287 sacrificium
1828 2237 2126 2287 institutum
2158 2238 2296 2287 intra
2329 2252 2497 2289 annos
2532 2239 2634 2290 CX.
2676 2239 2816 2303 (leget

647 2323 725 2384 C.)
800 2323 903 2373 Diti
944 2324 998 2373 et
1038 2322 1385 2385 Proserpinae
1419 2320 1593 2385 primo
1628 2318 1770 2370 bello
1806 2321 2002 2370 Punico
2036 2319 2229 2371 decem
2261 2321 2501 2371 virorum
2535 2334 2817 2386 responso,

649 2418 773 2455 cum
827 2406 954 2456 iussi
996 2408 1177 2456 essent
1220 2403 1384 2454 libros
1427 2402 1710 2465 Sibyllinos
1752 2404 2015 2467 inspicere
2056 2402 2127 2453 ob
2170 2404 2501 2468 prodigium,
2561 2404 2706 2467 quod
2750 2418 2817 2455 eo

649 2488 791 2539 bello
831 2490 1048 2550 accidit,
1108 2502 1232 2540 nam
1276 2501 1399 2551 pars
1433 2500 1711 2537 murorum
1745 2488 1846 2537 icta
1879 2484 2096 2537 fulmine
2131 2488 2339 2539 cecidit.
2416 2491 2589 2551 Atque
2624 2490 2693 2538 ita
2726 2502 2820 2539 re-

645 2571 974 2637 sponderant
1018 2571 1218 2621 bellum
1263 2570 1523 2620 adversus
1566 2571 2032 2634 Karthaginienses
2072 2584 2330 2636 prospere
2373 2573 2485 2635 geri
2524 2585 2710 2636 posse,
2771 2573 2816 2623 si

646 2655 745 2704 Diti
781 2657 836 2705 et
868 2655 1216 2718 Proserpinae
1252 2653 1457 2714 tridu0,
1493 2654 1547 2702 id
1583 2657 1690 2714 est,
1730 2654 1901 2704 tribus
1934 2653 2125 2704 diebus
2152 2658 2207 2705 et
2228 2654 2398 2705 tribus
2423 2654 2668 2706 noctibus
2691 2668 2818 2705 con-

646 2739 832 2799 tinuis,
869 2735 979 2787 ludi
1013 2736 1235 2788 fuissent
1269 2735 1523 2786 celebrati
1559 2739 1614 2786 et
1647 2750 1866 2787 carmen
1903 2739 2172 2788 cantatum
2203 2738 2341 2787 inter
2375 2738 2648 2788 sacrificia.
2703 2739 2817 2788 Hoc

645 2824 826 2871 autem
860 2820 1053 2870 accidit
1085 2820 1252 2885 Appio
1288 2818 1507 2870 Claudio
1544 2819 1769 2870 Pulchro
1804 2834 1915 2870 cos.
1966 2822 2031 2883 (a.
2069 2834 2121 2869 u.
2159 2834 2202 2869 c.
2240 2817 2353 2871 490.
2391 2822 2691 2885 Referemus
2721 2822 2818 2871 huc

641 2905 840 2954 videtur
877 2904 1013 2953 locus
1058 2904 1300 2953 Varronis
1340 2904 1478 2965 apud
1520 2903 1845 2953 Camerinum
1887 2904 1946 2953 C.
1994 2903 2056 2952 ⁴7
2073 2917 2084 2951 ε
2145 2905 2312 2955 «Cum
2356 2904 2522 2956 multa
2569 2907 2814 2969 portenta

646 2988 839 3037 fierent
873 2988 929 3035 et
963 2998 1148 3036 murus
1181 2998 1247 3035 ac
1280 2986 1464 3046 turris,
1503 2999 1643 3048 quae
1678 2989 1803 3037 sunt
1834 2987 1970 3037 intra
2004 2991 2218 3052 portam
2253 2987 2512 3040 Collinam
2545 2991 2601 3039 et
2632 2990 2817 3051 Esqui-

642 3068 829 3130 linam,
889 3069 957 3118 de
993 3068 1140 3119 caelo
1174 3070 1355 3120 essent
1389 3071 1558 3131 tacta,
1617 3073 1674 3120 et
1705 3070 1827 3120 ideo
1861 3069 2026 3121 libros
2059 3071 2344 3135 Sibyllinos
2375 3073 2520 3123 xviri
2552 3073 2810 3134 adissent,

643 3152 1027 3212 renuntiarunt,
1065 3152 1141 3200 uti
1173 3152 1275 3202 Diti
1297 3154 1434 3217 patri
1457 3156 1512 3203 et
1535 3155 1884 3217 Proserpinae
1908 3153 2016 3205 ludi
2040 3156 2305 3206 Terentini
2328 3157 2382 3206 in
2406 3158 2607 3221 Campo
2630 3156 2815 3208 Martio

644 3235 837 3286 fierent
870 3236 924 3283 et
954 3234 1161 3285 hostiae
1199 3235 1383 3286 furvae
1418 3235 1848 3298 immolarentur,
1908 3239 2091 3302 utique
2124 3238 2232 3289 ludi
2269 3240 2564 3291 centesimo
2597 3252 2815 3303 quoque

644 3333 785 3370 anno
819 3317 1079 3380 fierent»)

778 3403 1089 3452 «Praeterea
1125 3399 1233 3452 ludi
1267 3402 1536 3454 seculares
1570 3401 1823 3455 celebrati
1859 3408 2008 3467 sunt,
2044 3419 2169 3457 cum
2203 3407 2370 3457 Roma
2403 3405 2700 3470 pestilentia
2734 3404 2814 3455 la-

643 3485 878 3548 boraret,
915 3485 1129 3549 quando
1164 3500 1229 3535 ex
1261 3484 1408 3537 libris
1443 3484 1708 3549 Sibyllinis
1734 3488 1948 3549 ,iussum
1981 3491 2082 3549 est,
2120 3493 2180 3540 ut
2211 3491 2315 3541 Diti
2347 3491 2484 3554 patri
2518 3490 2587 3540 ad
2621 3491 2817 3540 Teren-

644 3571 759 3619 tum
796 3569 961 3633 stipes
1007 3570 1321 3619 mitteretur.
1398 3571 1510 3620 Hoc
1551 3570 1715 3620 etiam
1755 3570 1919 3621 iidem
1961 3569 2081 3622 libri
2112 3573 2407 3634 iusserunt,
2466 3576 2525 3623 ut
2557 3571 2812 3622 nobilium

642 3651 798 3703 liberi
830 3654 883 3702 in
919 3651 1176 3716 Capitolio
1212 3665 1430 3703 carmen
1464 3654 1815 3704 decantarent
1847 3655 2146 3706 trinoctio.»

777 3737 1032 3796 Carmen,
1087 3735 1155 3785 de
1208 3749 1314 3798 quo
1364 3735 1596 3800 loquitur
1637 3737 2061 3800 Commentator,
2118 3739 2422 3790 «conditum
2456 3753 2487 3789 a
2521 3739 2665 3789 Livio
2699 3742 2813 3790 An-

642 3819 861 3870 dronico
895 3819 948 3867 in
981 3819 1240 3868 Iunonem
1274 3820 1527 3883 reginam,
1566 3818 1652 3869 illa
1675 3822 1993 3887 tempestate
2028 3822 2248 3874 forsitan
2285 3823 2548 3875 laudabile
2587 3822 2812 3874 rudibus

640 3901 889 3965 ingeniiS,
945 3914 1088 3951 nunc
1126 3900 1424 3953 abhorrens
1458 3904 1513 3951 et
1546 3902 1904 3955 inconditum»
1957 3908 2116 3957 vocat
2147 3907 2322 3958 Livius
2354 3907 2418 3956 27
2441 3944 2453 3967 ,
2490 3906 2570 3957 37.
2610 3906 2680 3957 ad
2713 3919 2814 3956 an-

642 3997 773 4035 num
806 3998 858 4034 u.
897 3997 944 4034 c.
982 3983 1097 4035 545.

769 4066 976 4131 Duplex
1020 4070 1201 4119 autem
1243 4069 1573 4121 enumeratio
1620 4072 1963 4135 antiquorum
1995 4071 2245 4124 ludorum
2277 4072 2598 4125 secularium
2631 4075 2812 4124 exsta-

638 4151 753 4213 bat,
790 4150 935 4214 apud
967 4149 1238 4202 Valerium
1272 4154 1535 4205 Antiatem
1567 4153 1751 4214 altera,
1789 4153 1956 4206 altera
1978 4156 2033 4207 in
2058 4157 2467 4209 Commentariis
2482 4157 2811 4208 XVvirorum

638 4237 774 4285 teste
810 4233 1102 4285 Censorino
1139 4235 1195 4283 C.
1240 4237 1317 4286 ⁴7.
