3234 4975
1196 420 1397 470 LtBER.
1469 421 1663 473 CARM.
1702 421 1786 472 xl.

688 576 910 640 Iussus
956 574 1134 641 abire
1180 574 1444 642 domum
1487 575 1743 643 ferebar
1788 577 2029 642 incerto
2076 575 2243 663 pede

2476 421 2597 485 707

2515 578 2598 640 20

605 695 698 761 Ad
744 716 872 762 non
917 695 1159 764 amicos
1202 696 1332 763 heu
1375 696 1527 764 mihi
1575 706 1794 783 postes
1838 705 1904 762 et
1944 695 2071 761 heu

687 816 932 882 Limina
976 815 1174 892 dura,
1223 815 1462 903 quibus
1506 815 1760 882 lumbos
1804 828 1869 883 et
1912 815 2135 902 infregi
2180 817 2363 882 latuS.

602 937 782 1001 Nunc
826 934 1155 1022 gloriantis
1201 934 1554 1021 quamlibet
1597 935 2041 1002 mulierculam

683 1055 951 1120 Vincere
995 1054 1260 1120 mollitie
1305 1074 1488 1119 amor
1533 1055 1784 1142 Lycisci
1829 1076 1933 1122 me
1978 1065 2187 1130 tenet,

603 1173 1141 1261 Unde-expedire
1189 1195 1315 1239 non
1361 1176 1717 1240 amicorum
1761 1185 2001 1263 queant

2518 1177 2601 1243 25

686 1292 917 1359 Libera
962 1292 1230 1359 consilia
1275 1312 1394 1358 nec
1439 1293 1867 1360 contumeliae
1911 1315 2173 1381 graveS,

573 1525 655 1577 24.
691 1525 905 1575 mollitia
939 1524 1100 1585 bSTc‚
1141 1526 1329 1575 LCtFJ.
1372 1527 1449 1588 (Ut
1482 1537 1607 1583 nos,
1644 1522 1678 1573 ὅ
1698 1563 1711 1586 ,
1750 1538 1831 1589 pr.
1867 1525 1933 1586 B,
1971 1525 2261 1589 Bentlelus‚
2299 1530 2385 1591 M.)

433 1738 629 1802 quibus
663 1739 716 1788 in
738 1737 1051 1790 muneribus
1074 1736 1359 1801 largiendis
1382 1739 1480 1789 im-
1551 1739 1701 1800 fores.
1758 1739 1934 1788 luo-aei
1980 1741 2171 1800 quoties
2214 1742 2497 1794 reditum
2534 1747 2603 1795 ad

432 1825 529 1875 par
574 1824 696 1862 sum
746 1813 802 1861 et
849 1811 1114 1861 inferior.»
1184 1813 1369 1862 Senon.
1427 1811 1475 1874 2)
1552 1812 1731 1862 limina
1761 1816 2050 1873 nunquam!
2106 1813 2231 1863 omn
2262 1814 2381 1865 bene
2410 1817 2606 1881 iuravi,¹

432 1898 588 1936 «cum
604 1898 787 1935 amore
809 1885 951 1935 haud
968 1886 1206 1936 mutuo.»
1242 1887 1349 1935 Iam
1377 1886 1479 1934 etsi

426 1971 580 2022 pares
611 1960 737 2008 sunt
770 1971 985 2008 «amore
1018 1959 1157 2009 inter
1189 1970 1248 2008 se
1283 1958 1475 2008 iuncti»

435 2030 622 2096 (Epod.
662 2032 751 2093 ⁴5,
806 2030 936 2094 ⁴4.),
989 2032 1121 2095 quid
1166 2032 1221 2082 h.
1258 2030 1292 2081 l.
1334 2032 1480 2082 esset

432 2107 670 2154 «certare
706 2116 830 2154 cum
864 2117 1047 2155 amore
1093 2104 1236 2153 haud
1283 2117 1480 2156 conso-

432 2180 632 2239 ciatis»,
669 2191 830 2228 nemo
865 2178 996 2228 dixit
1028 2192 1130 2229 nec
1164 2178 1344 2228 dicere
1378 2192 1479 2242 po-

430 2253 546 2301 tuit.
584 2252 631 2314 3)
663 2253 724 2301 V.
750 2252 1028 2313 imparibus
1050 2250 1231 2301 habito
1263 2265 1363 2315 pro
1386 2250 1480 2300 ab·

429 2325 518 2375 lat.
546 2327 789 2375 instrum.
817 2328 991 2375 neutr.
1018 2324 1182 2389 plur.:
1231 2326 1481 2389 «impari—

432 2400 532 2449 bus
567 2400 755 2460 armis·,
800 2398 854 2448 id
890 2400 999 2460 est,
1037 2398 1351 2449 muneribus
1385 2411 1480 2449 ce—

431 2474 667 2537 terisque
710 2471 910 2535 modis,
965 2471 1160 2536 quibus
1205 2474 1341 2523 vinci
1387 2484 1480 2523 so-

429 2549 540 2599 lent
573 2546 970 2598 mulierculae.»
999 2571 1052 2582 —
1086 2552 1359 2597 amotus
1382 2560 1481 2608 pu—

432 2623 551 2687 dor]
605 2620 832 2672 Achilles
883 2622 1059 2672 Tatius
1111 2633 1229 2685 pag.
1267 2619 1350 2671 28.
1393 2622 1478 2670 Ia-

431 2696 591 2746 cobs:
629 2688 813 2765 Ἒρως
862 2695 960 2744 καὶ
1005 2690 1317 2756 Διόνυσος,
1369 2690 1478 2744 δύο

428 2768 614 2830 βίαιοι
645 2769 792 2829 θεοί,
828 2764 1036 2833 ψυχὴν
1063 2764 1475 2830 κατασχόντες,

431 2844 807 2908 ἐκμαίνουσιν
841 2843 922 2904 εἰς
955 2837 1386 2902 ἀναισχυντίαν.

495 2917 671 2968 49-93.
708 2915 922 2980 severus]
948 2916 1074 2968 «Ubi
1097 2915 1246 2975 talia,
1285 2928 1479 2979 quem-

431 2990 726 3041 admodum
769 2990 899 3041 mihi
923 2993 1069 3040 certe
1091 2990 1339 3051 videbar,
1365 3003 1480 3040 me-

428 3067 545 3116 met
575 3064 692 3129 ipso
717 3065 1023 3125 contentus,
1060 3065 1188 3114 satis
1219 3064 1478 3113 constanti

432 3141 487 3188 et
524 3137 825 3202 praefracto
846 3138 1024 3187 animo
1057 3137 1408 3197 iactaveram‚
1446 3152 1475 3187 a

429 3214 483 3261 te
517 3211 846 3273 admonitus,
883 3212 945 3261 ut
977 3224 1041 3261 ex
1066 3211 1306 3261 convivio
1328 3212 1476 3261 recta

430 3284 653 3334 domum
688 3297 867 3335 meam
901 3284 1135 3335 redirem
1168 3297 1271 3334 nec
1305 3284 1477 3335 defle-

430 3359 635 3407 cterem
670 3356 740 3406 ad
772 3358 975 3407 amicae
1010 3358 1252 3419 ianuam,
1287 3371 1475 3409 rursus

430 3433 611 3480 tamen
643 3430 731 3479 vix
764 3431 895 3480 mihi
928 3433 1175 3482 conscius
1209 3445 1272 3482 ac
1305 3445 1474 3497 prope

430 3502 625 3553 invitus
660 3501 729 3551 ad
778 3502 918 3553 banc
961 3504 1264 3554 trahebar.»
1320 3530 1373 3541 —
1431 3511 1477 3555 te

426 3574 624 3639 palam]
696 3576 843 3625 Ovid.
898 3577 1050 3625 Trist.
1117 3579 1175 3637 ὅ,
1230 3578 1322 3637 40,
1376 3578 1470 3627 39;

431 3648 816 3711 Mequepalam
849 3649 1477 3700 demetutomalasae-

426 3737 493 3787 pe
523 3724 810 3783 loquuntur.
866 3723 974 3772 Liv.
1014 3724 1070 3785 6,
1108 3723 1199 3774 ⁴4:
1235 3725 1479 3775 inderem

430 3796 666 3846 creditori
718 3796 898 3858 palam
939 3797 1128 3858 populo
1193 3797 1354 3846 solvit.
1395 3820 1473 3835 .-

430 3871 619 3920 incerto
648 3871 793 3934 pede]
855 3871 1127 3934 «primum
1172 3872 1475 3934 resistente,

432 3944 626 3994 deinde
650 3957 869 4008 semper
889 3945 1093 3994 maiore
1117 3957 1242 3995 cum
1263 3945 1313 3993 vi
1339 3943 1480 3994 cian-

433 4016 612 4067 culum
669 4016 738 4066 ad
802 4017 1069 4067 Inachiam
1123 4031 1212 4068 me
1275 4017 1480 4080 perdu-

434 4095 641 4142 cente.»
697 4089 882 4140 Tibull.
919 4091 990 4150 2,·
1031 4092 1088 4151 6,
1137 4091 1228 4140 44ε
1286 4091 1481 4152 Mamm

433 4169 634 4228 loquor,
691 4166 776 4216 sed
821 4165 1085 4228 maynifice
1118 4164 1241 4213 mihi
1289 4176 1482 4226 maana

435 4240 597 4289 locuto
628 4240 908 4290 Excutiam
928 4237 1129 4288 clausae
1146 4238 1306 4301 fortia
1325 4236 1480 4286 verba

1545 1898 1638 1946 pes
1668 1890 1835 1935 tamen
1866 1886 1970 1948 ipse
1989 1887 2135 1938 redit.
2172 1889 2343 1939 Etiam
2367 1890 2422 1939 in
2438 1904 2601 1954 prosa

1553 1972 1632 2009 or.
1662 1960 1781 2010 Cic.
1820 1960 1891 2008 ad
1922 1961 2025 2010 Att.
2052 1961 2140 2022 45,
2180 1962 2274 2011 46;
2318 1963 2493 2025 ltaque
2523 1979 2604 2016 me

1549 2033 1775 2095 referunt
1798 2034 1949 2094 pedes
1979 2034 2035 2083 in
2070 2034 2415 2088 Meuianum.
2466 2038 2601 2090 Male

1553 2105 1785 2156 nonnulli
1839 2108 2255 2171 interpretantur
2305 2109 2373 2160 de
2426 2113 2603 2163 temu-

1551 2178 1680 2230 lenti
1729 2182 1919 2243 poetae
1965 2183 2227 2233 titubante
2269 2185 2499 2235 incessu.
2542 2214 2596 2224 —

1550 2266 1653 2301 non
1674 2254 1862 2302 mices
1895 2255 2021 2317 cet.]
2063 2256 2330 2318 «iniquam
2368 2258 2598 2319 ianuam,

1553 2326 1705 2376 cuius
1756 2324 1916 2375 limen
1976 2327 2274 2390 transgredi
2318 2330 2446 2379 mihi
2496 2344 2604 2381 non

1553 2396 2014 2449 concedebatur.»
2106 2400 2201 2450 Od.
2256 2401 2312 2462 3,
2374 2404 2463 2463 40,
2533 2405 2601 2454 2:

1551 2486 1761 2535 asperas
1810 2474 2100 2523 Por-rectum
2160 2479 2277 2524 ante
2329 2475 2478 2538 fores.
2541 2502 2596 2514 -

1550 2548 1734 2611 inti-equ·
1777 2546 1924 2610 lanas]
1985 2546 2087 2597 «ibi
2133 2551 2413 2611 porrectus
2462 2548 2600 2601 latus

1554 2620 1886 2683 defatigavi.»

1616 2694 1792 2744 23-28.
1829 2693 2109 2758 alon-iuncis]
2148 2696 2270 2758 «qui
2305 2709 2371 2746 eo
2406 2709 2600 2761 super-

1552 2767 1659 2829 bit,
1714 2766 1859 2829 quod
1909 2766 2077 2817 forma
2120 2766 2343 2818 delicata
2382 2782 2601 2821 omnem

1552 2838 1919 2891 mulierculam
1969 2840 2302 2891 antecedat.»
2341 2869 2398 2878 —
2433 2844 2603 2893 molli-

1550 2915 1634 2977 tie]
1671 2915 2029 2978 «Recipimus,
2068 2915 2128 2962 ut
2160 2915 2389 2965 evitetur
2417 2918 2599 2967 vastus

1549 2987 1637 3038 ille
1670 2989 1726 3037 et
1757 2987 2058 3037 inconditus
2107 3000 2273 3038 sonus
2313 2988 2355 3038 A
2392 2989 2463 3050 A3
2523 2991 2602 3040 sic

1552 3063 1610 3110 et
1641 3059 1764 3109 alibi
1797 3061 1849 3109 S.
1886 3061 1944 3122 2,
1981 3061 2039 3120 2,
2076 3060 2155 3112 87.
2214 3062 2472 3112 mollitiem
2515 3062 2601 3112 di-

1549 3134 1649 3195 xit,
1687 3146 1793 3184 non
1825 3134 2139 3183 mollitiam.»
2175 3134 2357 3185 Bam-1..
2389 3162 2446 3171 —
2478 3150 2601 3186 con-

1547 3206 1795 3271 tumeliae]
1831 3206 2094 3257 sodalium
2128 3220 2318 3270 graves
2353 3208 2601 3273 obiurga·

1550 3283 1721 3332 tiones
1757 3282 1811 3331 et
1851 3294 2032 3331 amara
2079 3283 2269 3332 irrisio.
2341 3284 2601 3333 «Nicht

1547 3362 1849 3419 strenqer
1887 3356 2179 3419 Vorwurf
2202 3357 2344 3405 oder
2375 3357 2592 3406 Helm.»

1552 3431 1706 3480 Voss.
1768 3443 1829 3479 «o
1858 3429 1980 3491 fier
2018 3428 2414 3490 rimprocct.»
2473 3431 2600 3478 Gar-

1546 3502 1699 3567 gallo.
1736 3500 1869 3554 Male
1902 3500 2144 3566 plerique
2179 3501 2248 3551 ad
2280 3503 2486 3565 Lycisci
2510 3514 2599 3552 su-

1547 3576 1792 3641 perbiam
1841 3576 1944 3624 hoc
1995 3574 2250 3625 referunt.
2303 3602 2359 3612 —
2413 3576 2595 3640 teretis]

1548 3651 1634 3700 Sic
1683 3649 1795 3699 Itali
1842 3649 2076 3699 toi-nito
2125 3662 2397 3711 yar-zone
2444 3650 2597 3713 (Gar-

1548 3723 1741 3786 gallo.),
1775 3722 2038 3772 schlank
2068 3724 2387 3786 gerundet.
2429 3749 2484 3759 —
2509 3737 2597 3773 re-

1545 3796 1796 3860 nodantis]
1835 3795 2137 3859 «eleganter
2170 3797 2222 3846 in
2257 3796 2458 3846 nodum
2484 3796 2597 3846 col-

1548 3869 1780 3932 ligentis,
1818 3868 2111 3931 religantiS,
2147 3867 2354 3933 puellae
2379 3870 2594 3919 instar.»

1551 3941 1807 3992 «Alebant
1878 3943 2022 3991 enim
2089 3954 2301 3992 comam
2374 3942 2596 3993 formosi

1549 4015 1701 4079 pueri
1727 4016 1782 4063 et
1803 4013 2042 4075 delicati,
2068 4018 2129 4065 ut
2150 4018 2429 4080 compositi
2452 4029 2599 4067 ama-

1549 4087 1758 4137 toribus
1808 4089 1976 4151 magis
2025 4088 2351 4152 placerent.»
2408 4093 2592 4140 Senot..

1551 4161 1658 4211 Cir.
1695 4162 1957 4212 Senecam
1991 4164 2043 4212 in
2078 4165 2211 4228 Epp.
2249 4164 2369 4225 449,
2408 4165 2496 4213 45;
2554 4165 2597 4211 si

1544 4235 1797 4297 pertinere
1818 4236 1887 4285 ad
1908 4241 1954 4286 te
1972 4238 2182 4300 iudicas,
2208 4251 2364 4298 quam
2386 4237 2598 4287 crinitus
