3234 4975
656 392 779 455 460

1409 393 1666 443 nonnil
1704 392 2042 447 CARMINUM

908 548 1310 633 Quocunque
1357 545 1595 612 lectum
1641 547 1899 613 nomine
1944 546 2286 612 Massicum
2782 549 2819 610 ξ’)

907 668 1173 742 Serva5‚
1222 667 1464 733 moveri
1512 667 1705 754 digna
1748 666 1921 733 bono
1965 667 2102 740 die,

988 787 1367 862 Descende,
1417 787 1695 853 Corvino
1740 786 2001 853 iubente

778 1007 825 1055 5.
866 1005 923 1066 Q.
952 1005 1109 1066 fetum
1138 1004 1341 1052 nunnae
1375 1001 1607 1052 malebat
1639 1000 1930 1060 Bentleius;
1977 1002 2231 1053 audacius
2266 1005 2423 1053 etiam
2449 1004 2746 1056 Siikeland:

716 1083 774 1142 Q.
815 1091 986 1128 servas
1021 1077 1183 1126 omine
1213 1077 1482 1125 Massicum
1514 1077 1713 1125 Lectum
1758 1079 1859 1125 cet.
1899 1076 2122 1141 (nmine
2151 1078 2192 1127 B
2227 1082 2437 1139 noster,
2491 1081 2627 1130 Feae
2661 1081 2750 1130 Vr.

715 1154 752 1203 B
789 1166 817 1202 a
844 1164 954 1202 sec.
982 1163 1075 1210 m.‚
1113 1150 1345 1201 Pottierii
1377 1153 1596 1212 quartus
1633 1148 1910 1212 decimus.)
1941 1178 1995 1185 —
2023 1150 2116 1200 Vv.
2145 1150 2238 1201 6-8
2262 1154 2312 1201 tn
2347 1153 2404 1202 B.
2434 1152 2643 1204 desunt.

648 1348 911 1411 quatenus
945 1347 1154 1408 gratum
1182 1356 1432 1394 somnum
1458 1342 1692 1402 adducit;

648 1422 894 1484 adeoque
928 1421 1031 1470 hoc
1062 1431 1115 1468 v.
1154 1418 1223 1468 ad
1263 1419 1503 1482 proxima
1537 1418 1694 1468 unice

648 1495 893 1554 refertur,
919 1496 980 1544 ut
998 1494 1146 1543 recte
1171 1490 1455 1543 Bentleius.
1486 1493 1694 1542 Etenim

647 1583 825 1634 neque
844 1567 1154 1634 simpliciter
1168 1567 1471 1625 «innocens,
1492 1567 1690 1630 arylos»

649 1642 936 1707 (quomodo
972 1643 1116 1692 enim
1152 1641 1279 1700 hoc,
1333 1641 1377 1689 si
1417 1641 1556 1690 rixas
1597 1653 1694 1689 ex-

647 1717 825 1778 citat‘t)
863 1728 1037 1779 neque
1064 1714 1370 1774 «munifica,
1406 1711 1690 1777 benigna»,

564 1793 569 1798 ’
647 1803 822 1853 neque
879 1790 1036 1839 nimis
1092 1787 1377 1838 artificiose
1435 1800 1693 1838 «mecum

645 1864 854 1930 pietatis
906 1862 1141 1925 quodam
1190 1874 1329 1911 nexu
1380 1862 1690 1922 coniuncta,

645 1937 940 1989 cumidem
974 1935 1067 1985 tibi
1090 1936 1158 1985 sit
1190 1947 1361 1985 annus
1386 1932 1689 1985 natalicius»

644 2010 1100 2075 interpretandum
1132 2008 1377 2059 arbitror.
1422 2007 1691 2059 Bentleius

643 2086 891 2147 distingui
936 2085 1087 2135 iussit
1132 2083 1270 2146 (vide
1318 2084 1478 2133 etiam
1522 2083 1691 2133 Curas

645 2159 872 2220 noviss)
958 2159 1059 2207 Seu
1108 2157 1307 2220 facilem
1358 2157 1475 2218 pia,
1528 2161 1687 2217 testa,

642 2245 885 2281 sutrinum.
928 2233 1041 2291 Qua
1075 2232 1294 2294 quidem
1330 2231 1686 2290 distinctione,

643 2309 703 2355 ut
734 2319 902 2370 prope
937 2304 1213 2356 simillimis
1252 2305 1375 2356 huic
1410 2305 1690 2355 Crot’tianis

644 2380 918 2439 omnihus,
956 2378 1083 2430 nihil
1117 2392 1336 2444 prorsus
1359 2377 1595 2428 lucratur
1619 2377 1692 2428 le—

644 2456 763 2505 ctor
794 2451 1117 2517 intelligens3
1156 2466 1281 2504 nam
1302 2453 1503 2504 utrovis
1526 2451 1689 2502 modo

643 2529 969 2590 distinxeris,
996 2528 1098 2578 hoc
1122 2527 1251 2577 dicit
1273 2529 1456 2591 poeta:
1497 2529 1685 2584 «testa,

642 2616 781 2667 quae
832 2603 923 2664 pia
979 2603 1169 2652 merito
1219 2599 1584 2665 appellabere,
1645 2602 1689 2651 si

644 2676 851 2727 facilem
886 2676 1040 2728 nobis
1063 2689 1314 2727 somnum
1348 2675 1686 2725 adduxeris.»

640 2752 842 2801 Verum
881 2749 982 2811 ille,
1020 2753 1078 2800 ut
1116 2751 1452 2801 acutissimus
1486 2748 1687 2812 logicae

639 2825 991 2875 accurationis
1025 2828 1141 2874 erat
1172 2825 1472 2887 indagator,
1516 2824 1689 2874 offen-

640 2899 717 2950 dit
738 2900 791 2949 in
814 2898 1073 2965 ἐπιθέτῳ,
1112 2899 1256 2962 quod
1280 2900 1393 2949 sine
1419 2900 1686 2948 commate

640 2972 725 3024 illo
760 2974 1022 3037 potuisset
1052 2972 1222 3023 videri
1256 2970 1341 3022 vel
1377 2985 1572 3022 ornans
1614 2973 1689 3035 (ut

639 3048 798 3110 aiunt)
836 3048 1126 3107 dumtaxat,
1161 3045 1246 3096 vel
1281 3048 1441 3097 etiam
1474 3045 1681 3108 falsum,

639 3123 763 3184 quia
805 3120 1033 3183 querelas
1074 3122 1129 3169 et
1160 3121 1309 3169 rixas
1340 3122 1531 3184 gerunt
1564 3121 1682 3171 cadi

637 3210 739 3246 non
753 3196 857 3258 pii,
885 3194 1314 3245 vehementiores
1338 3195 1498 3245 etiam
1522 3196 1681 3257 impii.

703 3272 753 3320 ὅ.
810 3272 1161 3332 Quocunque-
1187 3269 1409 3333 nomino]
1464 3269 1685 3330 «Quod—

639 3357 849 3408 cunque
885 3342 1102 3393 tandem
1140 3342 1372 3394 officium
1407 3343 1513 3393 fato
1548 3357 1687 3407 quo·

637 3420 763 3469 dam
797 3417 891 3468 tibi
932 3417 1189 3467 tributum
1230 3420 1337 3479 est,
1391 3420 1449 3468 ut
1483 3417 1685 3469 excita—

636 3507 724 3544 res
757 3491 1038 3556 aliquando
1067 3504 1236 3542 unum
1258 3493 1550 3544 alterumve
1574 3489 1687 3540 illo-

633 3579 757 3617 rum
806 3566 1123 3627 affectuum,
1179 3579 1315 3630 quos
1365 3565 1680 3629 significavi,

632 3639 718 3691 vel
742 3639 872 3691 alios
895 3641 1054 3691 etiam
1070 3658 1095 3685 ιι
1146 3639 1533 3705 (progrediente
1556 3651 1684 3688 sen-

636 3714 797 3764 tentia
833 3715 937 3764 iam
973 3716 1200 3775 querelas
1232 3715 1286 3763 et
1316 3714 1465 3762 rixas
1491 3712 1683 3762 missas

634 3789 774 3849 facit,
800 3789 1029 3851 gratiora
1046 3788 1320 3838 dumtaxat
1341 3788 1520 3836 mente
1538 3798 1686 3835 com-

634 3861 861 3926 plexus);
898 3875 1019 3912 seu:
1067 3872 1471 3925 «quemcunque
1506 3860 1575 3909 ad
1603 3858 1684 3909 ef-

634 3936 835 3987 fectum
856 3935 1238 4000 praestandum
1257 3934 1582 3985 destinatum
1600 3935 1685 3984 est

633 4011 920 4062 Massicum
973 4010 1352 4074 (Campanum,
1390 4008 1484 4058 Od.
1535 4010 1591 4069 4¹,
1622 4009 1678 4069 4,

635 4084 756 4146 49.),
793 4082 935 4147 quod
971 4084 1267 4133 contines.»
1321 4083 1527 4133 Mecum
1558 4082 1684 4132 facit

633 4158 842 4208 Liibker
896 4155 1192 4221 explicans:
1255 4157 1470 4207 «welche
1524 4158 1682 4208 Stim-

632 4246 789 4296 mimq
822 4234 890 4282 du
930 4232 1061 4283 auch
1100 4232 1553 4294 nervon-zahringen
1596 4233 1681 4283 bo-

1767 1344 1914 1406 rasan
1936 1343 2078 1393 bist.»
2111 1345 2268 1394 Voss:
2303 1346 2402 1395 νου
2423 1347 2634 1398 welcher-
2655 1349 2816 1398 Laun'

1769 1418 1898 1467 auch
1929 1418 2174 1468 Masaikor
2206 1419 2275 1467 du
2305 1418 2565 1470 betvahrst.
2616 1423 2813 1472 Garve:

1767 1491 2049 1541 Allwelchos
2078 1493 2360 1556 Iasio-qaum
2391 1495 2510 1544 Lesa
2537 1509 2636 1544 von
2674 1498 2818 1546 Mas-

1766 1565 1897 1614 sikar
1953 1566 2023 1613 ἆυ
2099 1566 2314 1626 walins&
2382 1567 2816 1632 interpretatione

1766 1638 2077 1689 iamdudum
2143 1652 2172 1688 a
2246 1639 2480 1690 Bentleio
2553 1644 2810 1694 refutata:

1768 1713 2163 1776 «cuiuscunque
2229 1713 2460 1765 consulis
2515 1730 2712 1769 nomen
2763 1720 2816 1768 et

1766 1799 1963 1837 annum
1999 1787 2155 1837 fers.»
2205 1815 2260 1824 —
2293 1789 2372 1838 Ad
2405 1803 2564 1841 usum
2585 1805 2669 1842 W.
2698 1807 2818 1855 quo-

1765 1874 1966 1922 cunque
1999 1862 2199 1911 nomine
2231 1862 2325 1912 cfr.
2352 1864 2520 1914 Varro
2541 1867 2640 1915 RB.
2671 1868 2722 1927 4,
2763 1869 2811 1927 4,

1767 1935 1820 1984 6:
1857 1935 1979 1983 Item
2000 1936 2277 1984 advenerer
2291 1937 2574 1987 Minervam
2595 1944 2642 1987 et
2669 1941 2815 1990 Vono-

1763 2021 1894 2068 rom,
1949 2021 2167 2070 quartam
2199 2011 2350 2059 unius
2381 2015 2681 2072 procuratio
2713 2014 2813 2063 oli-

1760 2083 1886 2142 veti,
1940 2083 2147 2132 alterius
2178 2084 2461 2146 hortorum,
2515 2100 2613 2148 quo
2648 2089 2814 2137 nomi-

1763 2170 1827 2205 no
1869 2157 2058 2219 (quam
2100 2155 2171 2206 ob
2214 2159 2459 2222 causam)
2500 2162 2690 2210 mastica
2729 2162 2813 2209 Vi-

1763 2230 1908 2279 nalia
1938 2231 2181 2280 instituta.
2240 2230 2373 2281 Nihil
2417 2233 2671 2296 equidem
2709 2232 2815 2284 dif-

1765 2302 2010 2354 ficultatis
2062 2304 2249 2365 video,
2302 2306 2346 2355 si
2396 2306 2700 2369 iungamus,
2756 2311 2814 2356 ut
2915 2319 2926 2328 ·

1765 2377 1912 2427 iubet
1943 2391 2029 2426 vv.
2063 2376 2362 2428 collocatio:
2404 2381 2816 2442 Quot-unquam—

1762 2452 1896 2502 mine
1916 2452 2109 2515 tectim,
2141 2452 2194 2503 id
2220 2455 2319 2515 est,
2350 2466 2626 2518 «pressum
2650 2457 2810 2519 atque

1766 2527 2104 2587 conditum»,
2151 2540 2276 2578 cum
2311 2541 2445 2577 uvae
2481 2531 2693 2593 proprie
2728 2530 2811 2580 le-

1763 2605 1979 2665 gantur;
2018 2602 2095 2651 sic
2119 2603 2263 2652 enim
2285 2602 2576 2653 admodum
2598 2607 2809 2668 poetice

1763 2676 2047 2738 significat,
2101 2677 2204 2726 iam
2258 2690 2324 2725 eo
2379 2678 2648 2741 tempore,
2702 2692 2810 2741 quo

1763 2750 2034 2800 conditum
2076 2751 2145 2800 sit
2183 2752 2394 2811 vinum,
2448 2755 2652 2803 certam
2694 2754 2809 2805 eius

1763 2828 1817 2875 et
1850 2825 2245 2889 quodammodo
2280 2825 2492 2875 fatalem
2528 2826 2686 2878 fuisse
2718 2827 2812 2877 de-

1761 2899 2124 2958 stinationem;
2181 2901 2362 2948 contra
2406 2899 2620 2962 languet
2653 2900 2804 2951 illud:

1761 2986 2054 3035 quocunque
2093 2974 2291 3023 nontine
2332 2986 2502 3023 sev-vas
2539 2975 2810 3024 Massia-mn

1759 3048 1954 3098 lectum.
1997 3071 2051 3082 -
2093 3048 2294 3096 Leonem
2333 3049 2515 3112 utique
2539 3051 2624 3098 est
2645 3062 2809 3099 «con-

1760 3121 1995 3181 ditum»,
2039 3133 2144 3170 non
2181 3119 2500 3182 «electum»,
2536 3125 2596 3171 ut
2627 3120 2809 3172 volunt

1760 3194 2070 3246 Sanadonus
2105 3196 2160 3243 et
2181 3192 2521 3246 Forcellinus.
2557 3222 2612 3232 —
2655 3196 2810 3245 Cete-

1759 3282 1881 3319 rum
1931 3270 2201 3332 speciosa,
2262 3281 2367 3318 non
2419 3271 2599 3319 tamen
2650 3282 2803 3330 vera,

1760 3345 1843 3394 est
1904 3341 2059 3393 lectio
2118 3343 2327 3393 Codicis
2375 3344 2416 3393 B
2457 3343 2807 3406 antiquissimi

1758 3414 2089 3479 aliorumque
2121 3417 2340 3466 numine.

1823 3490 1935 3540 6-8.
1970 3490 2178 3553 movet-i]
2218 3491 2410 3541 «Tanta
2443 3494 2592 3540 certe
2627 3504 2687 3542 es
2710 3491 2807 3541 bo—

1757 3564 1948 3624 nitate,
1985 3565 2044 3613 ut
2076 3564 2236 3628 digna
2269 3565 2368 3624 siS,
2407 3576 2546 3627 quae
2580 3566 2685 3615 hoc
2717 3564 2803 3615 die

1759 3637 1930 3688 fausto
1980 3638 2317 3689 demovearis
2368 3651 2430 3688 ox
2484 3640 2803 3703 apotheca.»

1759 3711 1924 3775 Epod.
1969 3712 2059 3773 43,
2113 3714 2170 3761 6:
2236 3712 2305 3761 Tu
2335 3713 2688 3764 vina-mom.
2747 3740 2800 3750 -

1757 3786 1953 3849 Dignus
1985 3788 2166 3836 autem
2212 3798 2338 3836 cum
2384 3786 2568 3837 infinit.
2620 3789 2804 3852 poste-

1759 3859 1897 3909 riore
1924 3863 2165 3925 tempore
2218 3860 2380 3910 etiam
2431 3861 2483 3909 in
2528 3874 2686 3925 prosa
2722 3874 2801 3911 or.

1759 3933 2002 3997 iungitur.
2041 3935 2242 3984 Seneca
2267 3934 2336 3984 de
2359 3934 2538 3985 Renes.
2563 3936 2611 3995 4,
2633 3935 2680 3995 4,
2708 3935 2796 3984 to:

1758 4009 1938 4072 dimus
1974 4014 2044 4058 ost
2076 4009 2252 4071 decipi.
2311 4033 2365 4044 -
2419 4009 2700 4069 Descende]
2739 4021 2804 4058 ex

1758 4083 1935 4133 horrei
1970 4084 2081 4134 sive
2116 4083 2410 4147 apothecae
2445 4084 2556 4133 sive
2591 4083 2801 4133 fumarii

1757 4159 1986 4221 pariete,
2025 4159 2109 4207 cui
2135 4157 2335 4207 tamdiu
2361 4155 2615 4207 acclinata
2643 4156 2801 4207 fuisti.

1757 4229 2115 4282 Similiterod.
2150 4230 2206 4291 3,
2233 4232 2323 4291 28,
2352 4233 2406 4281 7:
2447 4231 2808 4294 deriperehor-
