3234 4975
1215 388 1417 439 ussa.
1486 388 1681 438 CARM.
1719 388 1779 437 11.
2448 380 2562 447 66⁴

1029 644 1759 703 Excunsus
1837 646 1926 701 11.

1342 777 1625 828 Anium.

526 900 729 949 Acron:
793 897 1022 959 «too-dot]
1075 910 1213 960 quae
1247 899 1302 948 in
1335 901 1488 949 aestu
1520 895 1809 948 velleribus
1843 897 2184 961 premantur,
2233 896 2328 945 aut
2359 894 2572 947 relictas

395 981 624 1032 medic.»
691 980 825 1031 Hinc
858 977 1228 1044 Dillenburger
1260 981 1597 1045 interpretari
1633 978 1866 1031 mavolt:
1923 992 2084 1041 «quac
2114 979 2171 1029 in
2202 983 2343 1029 aestu
2372 978 2575 1029 velleri-

397 1065 487 1114 bus
511 1068 847 1128 promuntur»
865 1102 877 1122 ,
933 1062 1164 1114 addens:
1221 1075 1452 1126 «easque
1484 1065 1614 1128 puto
1652 1076 1781 1113 oves
1816 1062 2085 1122 infirmas,
2138 1074 2276 1126 quae
2310 1060 2573 1112 vellerum

398 1147 722 1210 longitndine
771 1149 827 1196 et
859 1147 1012 1210 copia
1047 1159 1115 1196 ne
1150 1145 1382 1210 pedibus
1416 1145 1584 1196 libere
1620 1147 1829 1210 possint
1859 1146 1935 1196 uti
1968 1144 2379 1209 prohibentur-»3
2432 1157 2572 1208 quae

400 1230 620 1294 quidem
653 1230 798 1280 notio
833 1228 1105 1293 quomodo
1140 1229 1193 1279 iu
1227 1227 1454 1293 simplici
1487 1243 1540 1278 v.
1577 1230 1809 1294 infimas
1840 1230 2018 1279 inesse
2052 1229 2224 1292 possit
2242 1267 2254 1289 ,
2302 1240 2408 1278 non
2443 1228 2573 1278 satis

400 1313 685 1378 perspicio.
755 1313 879 1363 Mihi
911 1325 1041 1362 vero
1074 1312 1250 1362 Acron
1285 1311 1389 1361 hoc
1422 1312 1598 1376 potius
1633 1312 1812 1363 dicere
1846 1310 2079 1362 voluisse
2114 1310 2351 1372 videtur,
2388 1307 2574 1376 quales

401 1409 532 1447 oves
579 1395 745 1447 Alfius
796 1394 1096 1446 tondendas
1146 1393 1247 1446 sibi
1295 1395 1586 1459 proponat,
1654 1392 1965 1445 incredibile
2017 1406 2143 1444 cum
2191 1393 2489 1456 videretur,
2542 1406 2573 1444 a

401 1478 619 1530 domino
653 1479 769 1543 ipso
801 1479 973 1530 totum
1008 1490 1228 1542 gregem
1261 1477 1490 1528 tonderi.
1560 1478 1699 1541 Ergo
1732 1477 1942 1528 adiicit:
1981 1488 2111 1527 oves
2137 1474 2395 1540 (aliquot),
2434 1490 2573 1541 quae

404 1563 457 1613 in
492 1563 648 1612 aestu
680 1560 967 1612 velleribus
1020 1561 1210 1625 (nimis)
1261 1563 1577 1625 premantur
1596 1598 1608 1620 ‚
1669 1562 1763 1610 aut
1803 1558 2016 1611 relictas
2068 1559 2186 1623 (per
2217 1571 2405 1610 casum
2439 1573 2576 1624 qua-

405 1643 744 1708 lemcunque)
799 1645 1075 1694 lanitondio
1126 1644 1219 1707 (sic
1269 1644 1412 1694 enim
1449 1642 1681 1693 emendo
1716 1645 2031 1707 corruptum
2062 1655 2116 1692 v,
2154 1643 2352 1702 modim
2410 1645 2576 1693 utitur

401 1726 486 1778 illa
519 1741 654 1778 voce
691 1730 900 1780 Comm.
938 1726 1122 1791 Cruq.)
1159 1727 1348 1778 tondet
1382 1728 1562 1791 (animi
1593 1728 1769 1791 potius
1804 1738 1969 1791 quam
2003 1725 2336 1776 necessitatis
2371 1726 2569 1789 causa).

401 1808 638 1875 Explicat
670 1811 826 1875 igitur
858 1810 1148 1861 Scholiasta
1182 1811 1358 1875 potius
1390 1823 1443 1859 ν.
1482 1811 1649 1860 tondet
1680 1823 1794 1860 oves
1826 1822 1990 1874 quam
2022 1807 2289 1860 ἐπίθετον
2322 1808 2570 1872 generale

401 1895 646 1958 infirmas.
688 1921 743 1931 —
783 1896 1034 1945 Ceterum
1069 1907 1154 1944 vv.
1191 1898 1283 1944 aut
1314 1895 1516 1945 relictas
1547 1895 1714 1945 taedio
1746 1907 1855 1945 om.
1894 1892 1990 1944 Ed.
2026 1892 2228 1943 Veneta
2266 1890 2411 1943 ⁴48⁴.

1264 2512 1708 2534 u
