3234 4975
649 393 773 455 308

1411 393 1668 443 HORATII
1704 393 2040 445 CARMINUM

905 546 1418 623 Formidolosus,
1464 568 1617 635 pars
1661 547 2003 614 violentior

980 667 1216 734 Natalis
1265 666 1497 744 horae,
1544 690 1664 735 seu
1708 679 2019 756 tyrannus

1074 789 1426 877 Hesperiae
1472 789 1905 877 Capricornus
1948 789 2202 867 undae,

2735 794 2821 858 20

896 910 1250 998 Utrumque
1296 920 1585 976 nostrum
1636 910 1996 977 incredibili
2040 911 2237 977 modo

773 1072 852 1121 49.
891 1070 1082 1119 Fatalis
1114 1068 1169 1129 b,
1207 1069 1390 1118 Letalis
1423 1080 1548 1119 cum
1584 1070 1718 1119 Pott.
1756 1084 1851 1121 sex
1884 1084 1967 1135 pr.
2006 1083 2036 1120 c
2072 1072 2126 1120 et
2159 1084 2239 1134 pr.
2278 1071 2339 1132 d;
2378 1073 2432 1122 in
2466 1073 2571 1124 hoc
2605 1087 2744 1123 corr.

704 1145 917 1194 Natalis.
944 1173 998 1180 —
1020 1145 1075 1193 24
1092 1143 1394 1211 „Utcumque
1415 1141 1587 1193 Schol.
1612 1144 1773 1207 Cruq.
1798 1145 1914 1209 (nisi
1938 1157 2121 1196 merus
2144 1147 2227 1196 est
2249 1158 2537 1209 operarum
2560 1149 2745 1211 error),

706 1219 861 1283 prob.
901 1218 1104 1268 Bothio.

640 1345 935 1418 Κυθήρην.
1014 1345 1145 1397 lbid.
1205 1361 1255 1397 V.
1317 1349 1340 1397 4
1350 1348 1438 1397 09
1490 1340 1688 1419 ’Ἄρεος

639 1421 1062 1485 εἰσβλέψαντος
1108 1416 1260 1486 ὁμοῦ
1312 1419 1516 1506 Μῄνην
1558 1421 1687 1472 Πα-

638 1499 782 1561 φίην
815 1510 902 1546 τε·
958 1498 1011 1546 et
1043 1496 1120 1547 sic
1154 1496 1492 1559 saepissime,
1539 1498 1600 1546 ut
1634 1498 1688 1545 et

638 1571 782 1635 apud
815 1569 988 1621 Manil.
1026 1571 1084 1631 2,
1121 1570 1235 1619 290.
1275 1569 1532 1619 lacob:-
1550 1571 1687 1620 -Li-

637 1646 809 1705 braca,
864 1648 1024 1694 tortus
1073 1644 1412 1706 Capricornus
1455 1649 1502 1693 et
1544 1645 1687 1694 illam

637 1719 909 1781 Conspicit,
961 1719 1091 1767 hunc
1134 1717 1289 1766 Aries.
1372 1717 1505 1768 lbid.
1554 1717 1680 1768 496:

635 1793 856 1856 Erigone
893 1794 1113 1842 Tam-um
1144 1797 1359 1854 spectat,
1412 1793 1498 1841 scd
1530 1793 1685 1842 Scor-

628 1868 751 1928 pion
786 1866 930 1914 audit
962 1867 1064 1915 cet.
1103 1865 1344 1915 Proxime
1368 1868 1547 1915 tamen
1572 1865 1686 1916 for-

637 1943 781 1990 tasse
818 1939 888 1989 ad
919 1938 1116 1988 Horatii
1150 1937 1325 1988 locum
1350 1939 1559 1989 accedit
1579 1942 1688 1991 Ma-

638 2013 800 2065 netho
836 2012 894 2073 4,
945 2014 1066 2063 ⁴⁴6:
1109 2006 1214 2062 Ἢν
1256 2010 1320 2063 δέ
1350 2016 1398 2064 τ’
1432 2008 1686 2065 ἀνοικεί-

639 2103 758 2139 οισι
823 2083 1026 2149 τόποις
1105 2082 1453 2158 ωροσκόπον
1518 2083 1686 2159 Ἄρης

637 2161 851 2227 Φέγγος
883 2160 1167 2245 ἐπιτρέψῃ
1202 2162 1449 2227 γονίμην
1469 2161 1562 2212 ἐπὶ
1587 2178 1686 2228 γα-

636 2236 811 2304 στέρα
850 2231 1108 2299 θνητῶν,
1153 2232 1514 2298 Χωλόποδας
1555 2233 1685 2287 τεύ-

634 2324 743 2370 χει·
783 2312 838 2358 et
872 2310 995 2358 422ι
1021 2303 1127 2358 Ἢν
1159 2307 1203 2358 δ’
1237 2309 1329 2360 ἐπὶ
1361 2312 1686 2398 μαρτυρίην

619 2380 827 2453 Ἄρεως
875 2380 1107 2433 ἐλθοῦσ’
1152 2378 1451 2469 Ἀφροδίτη
1487 2379 1686 2449 Ὅμμα

632 2454 787 2529 βάλῃ
824 2456 1145 2524 πανταυγὲς
1177 2456 1239 2508 ἐν
1265 2450 1572 2529 ἧμερινῇσι
1593 2457 1687 2509 λο-

634 2511 818 2595 χειὰις
852 2529 972 2582 κτλ.
1043 2533 1128 2582 Sic
1161 2531 1435 2596 paullatim
1467 2533 1687 2584 invaluit

633 2620 763 2658 usus
781 2645 793 2668 ,
828 2608 888 2656 ut
921 2606 1097 2656 sidera
1132 2607 1246 2671 ipsa
1282 2610 1563 2657 nascentes
1592 2607 1687 2657 ad-

634 2683 841 2745 spicere
875 2680 1198 2731 dicerentur.
1253 2682 1546 2732 Mamertin.
1585 2684 1687 2731 Ge-

633 2754 795 2805 nethl.
833 2756 1043 2805 Maxim.
1085 2755 1174 2805 ⁴9:
1211 2761 1465 2805 nascentes
1495 2770 1558 2805 vo
1603 2783 1687 2794 --

633 2828 767 2878 bona
799 2830 967 2878 sidera
988 2834 1036 2878 et
1056 2830 1224 2878 conica
1241 2830 1498 2888 video-unu
1536 2842 1688 2893 pror-

633 2916 727 2954 sus
761 2905 820 2953 ut
849 2916 915 2952 ex
935 2903 1233 2987 antiquiore
1256 2905 1420 2953 etiam
1442 2904 1684 2954 doctrina

634 2975 688 3024 di
718 2975 918 3036 placido
950 2989 1155 3025 numne
1189 2979 1475 3027 nascentes
1510 2977 1687 3042 adspi-

634 3050 796 3097 ciunt.
826 3047 936 3111 (Od
963 3047 1025 3108 4,
1051 3048 1108 3108 3,
1135 3049 1206 3110 2)
1233 3049 1447 3100 Hesiod.
1485 3050 1681 3113 Theog

634 3123 729 3173 8⁴·
718 3158 728 3169 .
757 3115 983 3171 Ὅντινα
1001 3116 1292 3185 τιμήσωσι
1320 3118 1456 3185 Διὸς
1477 3123 1686 3194 κοῦραι

633 3190 914 3261 μεγάλοιο
962 3191 1308 3259 Γεινόμενόν
1355 3195 1400 3246 τ’
1449 3196 1685 3249 ἐσίδωσι

633 3268 752 3320 κτλ.
802 3268 1021 3332 (Eadem
1054 3269 1434 3332 significatione
1469 3271 1684 3323 ovidius

633 3346 687 3394 in
737 3344 901 3395 Ibidis
951 3358 1001 3394 v.
1054 3344 1168 3394 244.
1224 3345 1394 3396 verbo
1443 3348 1687 3411 amalgero

636 3430 766 3468 usus
816 3420 902 3468 est
950 3419 1003 3467 in
1045 3417 1206 3468 Ibidis
1249 3419 1548 3484 horoscopo
1589 3433 1686 3471 ex-

633 3492 913 3555 ponendo:
962 3492 1106 3541 «Non
1144 3493 1302 3542 Venus
1327 3494 1542 3556 amasii,
1583 3509 1685 3544 non

633 3565 725 3615 illa
752 3567 978 3630 Iuppiter
1008 3567 1180 3630 hora.)
1227 3593 1282 3603 -
1319 3568 1378 3616 ln
1411 3569 1684 3631 praesenti

633 3641 863 3702 adspicit,
884 3640 939 3690 id
955 3642 1055 3701 est,
1080 3639 1355 3703 «adspexit
1372 3644 1684 3692 nascentem

636 3716 692 3763 et
724 3713 901 3765 adhuc
943 3714 1053 3763 vim
1099 3727 1251 3764 suam
1290 3715 1344 3762 in
1391 3727 1478 3763 me
1526 3727 1686 3765 exer-

635 3790 771 3848 cet»,
791 3786 896 3838 noli
915 3800 1040 3838 cum
1059 3787 1152 3837 Ed.
1170 3787 1415 3838 Leidensi
1432 3789 1679 3851 argutari.

639 3885 693 3896 —
717 3862 794 3910 De
819 3861 974 3911 Libra
998 3865 1178 3912 autem
1201 3863 1256 3910 et
1272 3863 1490 3924 Scorpio
1508 3861 1682 3914 Manil.

634 3932 693 3993 4,
742 3933 865 3984 548:
917 3936 1060 3985 Felix
1104 3940 1319 3996 aequato
1362 3936 1556 3998 genitus
1594 3935 1686 3985 sub

632 4008 853 4070 pondere
883 4008 1093 4058 Librae!
1125 4010 1285 4059 Iudex
1317 4022 1530 4059 examen
1550 4010 1685 4060 sistet

633 4081 863 4142 vitaeque
895 4084 1123 4144 necisque
1160 4084 1477 4145 Imponetquo
1508 4085 1684 4148 iugum

637 4155 787 4204 terris
817 4155 1041 4218 loyesquo
1070 4156 1287 4220 rogabit.
1354 4156 1502 4206 Illum
1537 4157 1685 4208 urbes

634 4234 682 4281 ot
731 4241 890 4293 remia
934 4234 1142 4280 tromem
1183 4235 1404 4291 nutuque
1445 4237 1684 4294 reqontw

1765 1349 1946 1411 Unum,
1982 1353 2030 1399 et
2062 1349 2187 1398 caeli
2214 1353 2327 1410 post
2359 1354 2525 1399 terrae
2556 1352 2677 1400 iura
2704 1364 2815 1401 ma-

1758 1423 1956 1472 nebunt.
2028 1423 2262 1484 Scorpios
2293 1428 2550 1473 extremae
2582 1439 2696 1474 cum
2724 1427 2817 1475 tol-

1760 1497 1826 1546 let
1858 1498 2052 1547 lumina
2080 1498 2301 1558 caudae,
2338 1498 2395 1547 Si
2418 1500 2529 1560 quis
2548 1500 2644 1548 eric
2663 1501 2814 1550 stellis

1759 1575 1868 1620 cum
1914 1570 2310 1634 sufflaqamibm
2368 1577 2535 1633 ortus,
2604 1574 2813 1622 Urbibus

1759 1644 1960 1708 augebit
2025 1650 2189 1694 terra-s
2255 1646 2532 1707 iunctisque
2594 1647 2814 1697 &moncia

1758 1719 1963 1768 Moenia
2027 1719 2304 1768 succinctus
2367 1732 2523 1769 curvo
2577 1722 2813 1770 describet

1760 1799 1968 1854 aratro,
2020 1793 2119 1842 Aut
2166 1797 2350 1842 sternet
2395 1794 2587 1855 positas
2632 1795 2811 1857 urbes,

1760 1868 1911 1929 inque
1943 1880 2076 1916 arva
2107 1868 2308 1917 reducet
2342 1867 2540 1928 Oppida
2573 1875 2618 1918 σε
2650 1870 2703 1918 in
2726 1872 2813 1919 do-

1757 1941 1918 1991 mibus
1948 1946 2182 1991 maturas
2212 1943 2381 1991 reddet
2424 1943 2625 1992 aristas,
2699 1944 2805 1993 Cir.

1760 2014 1827 2064 de
1885 2017 2105 2079 Scorpio
2156 2016 2317 2066 etiam
2367 2017 2540 2068 Manil.
2595 2016 2656 2075 4,
2712 2019 2807 2067 2⁴7

1759 2100 1913 2151 seqq.
1937 2089 2190 2140 Ceterum
2204 2091 2463 2154 scriptura
2478 2092 2712 2152 Scor-pios
2726 2094 2809 2142 usi

1758 2166 1883 2212 sunt
1917 2160 2105 2213 Cicero
2140 2177 2355 2228 quoque
2385 2168 2440 2214 et
2462 2168 2811 2217 Germanicus

1761 2237 1868 2299 (qui
1912 2238 2092 2299 fertur)
2138 2239 2190 2287 in
2222 2240 2453 2298 ArateiS,
2501 2241 2627 2290 item
2661 2241 2805 2303 Virg.

1760 2313 1851 2360 Ge.
1892 2312 1947 2370 4,
1993 2312 2074 2361 35.
2127 2313 2362 2362 Bosscha
2410 2313 2614 2363 consuli
2658 2314 2808 2364 iubet

1758 2383 2123 2435 Ptolemaeum
2142 2384 2173 2435 4
2190 2423 2203 2445 ,
2228 2387 2278 2435 7.
2311 2413 2365 2422 —
2391 2388 2496 2436 Suo
2520 2385 2638 2437 loco
2661 2401 2807 2437 nunc

1758 2457 1965 2519 addidi,
2008 2472 2147 2524 quae
2182 2460 2234 2508 in
2269 2458 2380 2509 Iulii
2416 2461 2623 2512 Firmici
2659 2462 2808 2525 eapi-

1758 2533 1900 2583 tibus
1952 2546 1980 2583 a
2033 2534 2306 2596 Lessingio
2361 2535 2593 2598 primum
2651 2536 2809 2586 editis

1757 2607 1860 2657 Zur
1909 2607 2187 2657 Geschichte
2233 2608 2338 2655 und
2392 2609 2667 2658 Litteratur
2714 2611 2803 2659 ΙΙΙ.

1760 2681 1960 2732 faciunt
1992 2680 2061 2730 ad
2095 2681 2292 2732 Horatii
2328 2695 2515 2732 versus
2550 2682 2809 2734 illustran-

1760 2755 1876 2806 dos.

1824 2831 1903 2879 48.
1941 2829 2322 2892 Formidolosus]
2366 2829 2539 2880 Manil.
2578 2830 2636 2880 4.
2674 2832 2805 2880 2⁴7:

1756 2903 2001 2965 Scorpion
2042 2909 2213 2952 amau
2254 2904 2330 2952 uti
2359 2904 2576 2953 violenta
2607 2906 2809 2966 cuspide

1757 2979 1926 3027 cauda
1974 2979 2078 3027 cet.
2133 3004 2188 3014 —
2229 2977 2375 3040 pars]
2428 2977 2608 3028 «sidus
2659 2979 2815 3041 quod.

1758 3064 1865 3100 una
1900 3064 2025 3101 cum
2061 3050 2200 3111 aliis,
2240 3064 2377 3114 quae
2410 3050 2662 3115 adspicit,
2703 3052 2807 3101 ho-

1759 3126 1915 3175 minis
1949 3125 2246 3188 genituram
2281 3124 2473 3175 format
2511 3126 2670 3187 atque
2706 3125 2807 3175 de-

1759 3199 1922 3248 finit.»
1964 3225 2020 3234 -
2053 3197 2330 3261 violemior]
2372 3200 2431 3247 ln
2465 3199 2611 3248 omni
2654 3201 2806 3261 geni-

1759 3274 1876 3322 tura
1921 3273 2005 3322 est
2047 3285 2184 3322 unus
2227 3284 2445 3335 semper
2485 3265 2673 3341 ἀστὴρ
2707 3285 2807 3321 au-

1759 3349 1907 3396 ctore
1942 3346 2260 3396 Manethone
2296 3347 2352 3406 4,
2390 3345 2477 3395 344
2511 3348 2566 3396 et
2586 3345 2646 3407 3,
2674 3344 2800 3395 4⁴3:

1759 3413 1827 3483 ὃς
1860 3415 1935 3489 ῥά
1969 3433 2032 3469 τε
2063 3416 2325 3483 δεσπόζει
2356 3418 2631 3485 γενέθλης
2654 3420 2806 3485 μέγα

1758 3508 1820 3545 τε
1862 3489 2076 3563 κράτος
2118 3487 2269 3552 zze»,
2321 3493 2551 3557 ideoque
2594 3493 2805 3544 mathe-

1759 3569 1952 3619 matico
2006 3580 2136 3631 prae
2200 3568 2394 3618 ceteris
2457 3567 2798 3631 spectandus.

1758 3641 1959 3694 Eadem
1993 3639 2143 3692 stella
2166 3643 2390 3692 Firmico
2417 3640 2451 3691 l.
2477 3639 2511 3691 l.
2536 3654 2657 3706 pag.
2683 3640 2799 3692 254.

1754 3717 1938 3780 fortior
1978 3716 2203 3765 radiatio
2246 3717 2302 3765 et
2341 3715 2575 3778 fortiores
2615 3716 2798 3766 stellae.

1764 3789 2029 3839 Violentior
2062 3791 2264 3851 itaque,
2311 3801 2480 3852 «quae
2517 3789 2805 3840 maximam

1759 3864 1866 3914 vim
1901 3864 1953 3913 in
1974 3864 2275 3927 genituram
2297 3863 2440 3924 eius,
2478 3863 2570 3927 qui
2592 3864 2647 3913 in
2669 3861 2804 3914 illius

1757 3939 1981 4001 aspectu
2013 3940 2167 3988 natus
2202 3939 2312 3997 est,
2351 3939 2627 3996 exercet;»
2669 3949 2801 3987 non:

1761 4024 1928 4073 «quae
1945 4013 2166 4075 propter
2182 4009 2485 4061 violentiam
2497 4047 2510 4070 ,
2537 4023 2644 4073 qua
2660 4022 2807 4073 gras-

1757 4087 1930 4146 satur,
1984 4085 2185 4134 homini
2220 4085 2269 4134 ei
2304 4084 2548 4136 subiecto
2588 4085 2805 4148 pericu-

1757 4157 1870 4209 lum
1904 4159 2184 4209 minatur.»

1826 4231 1904 4280 49.
1942 4232 2158 4295 Natalis]
2188 4233 2374 4283 Lotalis
2408 4234 2459 4283 in
2483 4231 2652 4284 Codd.
2678 4230 2801 4295 aliq.
