3234 4975
1117 887 1574 992 QflossATII
1607 885 1919 979 FLAGGI

906 1093 2174 1275 EPODON

1336 1365 1757 1431 LIBER.

1098 1706 1986 1766 PROLEGOMENA.

597 1850 892 1909 «Quantum
926 1862 991 1898 ex
1015 1849 1107 1908 iis,
1145 1860 1283 1911 quae
1309 1847 1376 1898 ad
1403 1860 1501 1898 nos
1521 1851 1901 1912 pervenerunt,
1939 1847 2172 1910 reliquiis
2197 1846 2415 1897 iudicari
2438 1849 2632 1911 potest,

462 1931 827 1994 antiquissima
878 1933 1201 1982 Graecorum
1253 1931 1489 1981 carmina
1540 1943 1607 1980 ex
1657 1929 1904 1982 versibus
1959 1931 2114 1981 unius
2163 1931 2407 1994 generis,
2466 1931 2635 1994 iisque

463 2028 569 2065 non
621 2016 770 2066 nexis
821 2015 1185 2066 constIterunt.
1266 2012 1369 2065 Sed
1423 2026 1549 2064 cum
1598 2015 1777 2078 poesis
1827 2027 1894 2063 ex
1946 2014 2082 2078 epici
2133 2013 2383 2064 carminis
2432 2014 2639 2077 magni-

464 2098 644 2148 tudine
689 2102 744 2148 et
791 2099 1048 2161 gravitate
1091 2098 1160 2148 ad
1212 2098 1460 2149 breviora
1492 2099 1550 2147 et
1596 2097 1838 2147 tenuiora
1872 2100 2183 2161 argumenta
2227 2095 2637 2157 transferretur,

464 2193 717 2232 numeros
763 2194 979 2245 quoque
1026 2183 1150 2245 apta
1196 2178 1371 2243 aliqua
1411 2178 1781 2243 complexione
1816 2179 2057 2230 concludi
2091 2179 2389 2243 oportebat.
2450 2181 2523 2229 Ita
2559 2180 2642 2231 in-

464 2265 605 2314 venti
650 2265 775 2314 sunt
819 2263 977 2326 epodi
996 2302 1008 2324 ,
1060 2275 1291 2326 quorum
1337 2261 1764 2324 antiquissimum
1809 2274 1978 2324 genus
2020 2263 2198 2312 versui
2247 2263 2466 2312 heroico
2508 2262 2641 2313 suh-

465 2346 663 2396 iectum
696 2345 883 2396 habuit
915 2348 1312 2410 pentametrum
1346 2358 1414 2394 ex
1447 2343 1660 2395 duabus
1694 2345 1896 2395 heroici
1929 2344 2171 2409 partibus
2207 2345 2431 2405 sactum;
2469 2356 2641 2408 eaque

465 2428 789 2479 consociatio
835 2441 1031 2479 nomen
1078 2432 1231 2478 nacta
1281 2431 1364 2479 est
1407 2428 1658 2479 carminis
1693 2426 1927 2492 elegiaci.
1997 2426 2239 2478 Excoluit
2271 2428 2410 2477 hanc
2438 2426 2644 2492 epodo-

464 2525 586 2562 rum
620 2513 885 2563 rationem
919 2514 1148 2563 maxime
1182 2512 1560 2573 Archilochus,
1613 2525 1757 2563 nunc
1791 2512 1928 2563 duos
1970 2510 2240 2577 simplices
2285 2523 2477 2561 versus
2511 2522 2645 2562 con-

465 2594 704 2654 sociam,
743 2597 830 2645 ut:
867 2591 1060 2666 Πάτερ
1092 2592 1404 2659 Λυκάμβα,
1440 2600 1612 2646 ποῖον
1646 2596 1887 2667 ἑφροίσω
1920 2592 2085 2654 πόδες
2120 2596 2219 2658 Τίς
2242 2590 2352 2657 σὰς
2373 2589 2646 2664 παρήειρε

465 2680 714 2749 φρέναςς
753 2692 896 2729 nunc
928 2680 1166 2744 priorem
1200 2693 1408 2744 ponens
1431 2683 1830 2742 asynartetum,
1868 2683 1950 2730 ut:
1990 2681 2162 2743 Τοΐος
2194 2674 2305 2750 γὰρ
2327 2674 2641 2744 φιλότητος

466 2756 613 2832 ἔρως
664 2756 779 2813 ὑπὸ
822 2760 1063 2834 καρδίην
1105 2761 1369 2827 ἐλυσθεὶς
1414 2760 1649 2829 Πολλὴν
1698 2763 1820 2814 κατ’
1852 2756 2037 2824 ἀχλὺν
2079 2756 2361 2827 ὀμμάτων
2406 2753 2607 2821 ἔχευεν
2630 2799 2643 2822 ,

468 2857 610 2895 nunc
642 2846 1020 2909 posteriorem,
1068 2849 1130 2897 ut
1161 2848 1246 2898 est
1278 2848 1331 2898 in
1363 2847 1468 2898 hoc
1503 2848 1706 2898 Horatii
1744 2847 1925 2912 (Epod.
1966 2847 2097 2909 43.);
2134 2847 2357 2897 Horrida
2389 2849 2650 2908 mestas

468 2929 664 2978 oachim
695 2930 983 2991 contraxit,
1035 2936 1083 2980 et
1130 2930 1313 2982 imbros
1342 2932 1591 2993 Nivesque
1634 2931 1882 2981 dodumm
1929 2933 2119 2988 lovom,·
2170 2944 2303 2981 nunc
2342 2942 2487 2979 mare
2516 2942 2652 2978 nunc

465 3012 649 3074 siluae,
687 3024 828 3063 nunc
862 3015 1177 3077 utrumque,
1215 3014 1260 3064 si
1294 3014 1514 3077 quidem
1547 3013 1601 3064 id
1638 3014 1744 3064 iam
1779 3013 2155 3075 Archilochus,
2193 3018 2249 3064 et
2281 3027 2387 3064 non
2416 3011 2502 3062 alii
2522 3015 2651 3077 post

467 3108 594 3146 eum
626 3097 983 3147 instituerunt.
1042 3098 1119 3147 Ita
1153 3098 1205 3146 in
1240 3097 1345 3147 hoc
1381 3096 1692 3148 Simonidis:
1745 3094 2004 3148 Πολλάκι
2036 3092 2107 3162 δὴ
2143 3094 2335 3163 φυλῆς
2361 3090 2644 3161 Ἀκαμαν-

468 3177 626 3242 τίδος
658 3178 721 3230 ἐν
753 3183 1023 3250 χοροῖσιν
1064 3168 1237 3251 Ὧραι
1265 3174 1651 3244 Ἀνωλόλυξαν
1694 3177 2082 3253 κισσοφόροις
2114 3180 2209 3232 ἐπὶ
2241 3175 2644 3251 διθυράμβοις.

466 3264 530 3313 Et
562 3266 623 3313 ut
655 3264 830 3314 minor
861 3277 1052 3315 versus
1085 3263 1456 3329 praecederet,
1494 3266 1585 3329 qui
1608 3263 1799 3329 proodi
1822 3266 1998 3329 potius
2029 3268 2316 3325 vocantur,
2352 3262 2519 3329 Epod.
2549 3265 2635 3314 44ε

465 3346 589 3396 Pom
602 3384 619 3406 ,
672 3347 797 3396 nihil
844 3361 923 3397 me
973 3349 1100 3398 sicut
1147 3353 1299 3399 antea
1347 3349 1491 3399 iuvat
1522 3348 1752 3399 Scribere
1792 3349 2088 3410 versiculos,
2142 3361 2316 3398 amore
2356 3359 2649 3408 percussum

466 3429 667 3493 oravi.»
736 3431 1041 3481 Hsauaunus
1092 3429 1259 3482 Elem.
1296 3430 1466 3482 doctr.
1504 3435 1661 3482 metr.
1700 3446 1754 3496 p.
1798 3432 1913 3481 670.
2713 3431 2720 3438 '

597 3513 824 3564 Maxima
868 3525 996 3576 pars
1042 3513 1236 3563 horum
1279 3515 1592 3578 Epodorum
1625 3515 1814 3564 referri
1847 3513 2014 3563 dehet
2044 3514 2114 3563 ad
2161 3525 2332 3575 genus
2365 3511 2522 3572 illud,
2576 3511 2646 3562 de

469 3608 578 3659 quo
612 3595 725 3659 ipse
759 3595 892 3646 dixit
933 3596 1067 3659 Epp.
1107 3598 1162 3656 4,
1201 3596 1294 3656 49,
1330 3597 1423 3646 23;
1477 3598 1656 3647 Parios
1687 3611 1776 3661 eqo
1817 3597 2018 3658 primns
2048 3595 2239 3645 iambos
2273 3595 2471 3645 Ostendi
2501 3596 2649 3645 Latio

469 3691 702 3728 nwmros
733 3678 1025 3738 annuosque
1057 3683 1250 3728 secutus
1280 3678 1582 3742 Archilochi,
1619 3695 1722 3731 non
1751 3692 1833 3729 res
1852 3684 1900 3728 et
1932 3679 2137 3742 agentia
2162 3676 2316 3728 verba
2348 3677 2644 3738 Lycaonbon.

472 3762 763 3825 compositi
797 3763 977 3810 autem
1011 3763 1136 3810 sunt
1169 3760 1291 3811 inde
1327 3761 1395 3812 ab
1431 3776 1479 3812 a.
1518 3777 1571 3813 u.
1611 3777 1658 3814 c.
1690 3763 1803 3814 743.
1868 3761 2033 3827 (Epod
2069 3761 2169 3822 46.)
2203 3772 2377 3824 usque
2413 3761 2482 3811 ad
2516 3774 2564 3810 a.
2591 3773 2644 3810 u.

471 3861 518 3896 c.
558 3844 672 3895 724.
712 3845 823 3908 (Ep.
860 3845 909 3895 2.
950 3844 1029 3894 47.
1059 3845 1260 3895 Franke
1294 3859 1347 3909 p.
1373 3846 1509 3910 23⁴.)
1580 3847 1654 3896 Ex
1679 3844 1860 3897 verbis
1895 3846 2025 3910 Epp.
2055 3846 2110 3904 4,
2139 3843 2227 3904 49,
2252 3844 2334 3893 23.
2370 3844 2517 3907 patet
2548 3844 2648 3894 has

470 3928 682 3992 eclogas
716 3930 844 3979 satis
867 3929 1076 3978 mature
1101 3926 1168 3977 ab
1203 3929 1317 3992 ipso
1338 3931 1498 3992 poeta
1523 3930 1719 3990 editas,
1758 3942 1862 3980 non
1887 3927 2108 3978 demum
2132 3927 2253 3991 post
2275 3927 2390 3977 eius
2417 3930 2649 3978 mortem

469 4026 500 4062 a
533 4012 883 4075 grammatico
927 4008 1103 4074 aliquo
1148 4010 1399 4061 collectas
1440 4023 1592 4072 esse,
1645 4014 1705 4062 ut
1739 4011 1956 4075 quidam
1990 4010 2088 4059 rati
2138 4011 2289 4067 sunt;
2342 4023 2467 4060 nam
2502 4014 2649 4075 quod

470 4095 655 4147 dicunt
688 4093 937 4144 nonnulla
971 4095 1210 4145 carmina
1243 4092 1508 4144 liberioris
1541 4095 1756 4157 spiritus
1791 4094 1901 4157 (Ep.
1931 4093 1976 4142 7.
2007 4096 2062 4144 et
2096 4093 2197 4155 46.)
2254 4107 2318 4144 ac
2352 4092 2437 4144 vel
2471 4095 2646 4158 ipsum

472 4182 703 4231 Carmen
737 4179 785 4228 9.
824 4180 1044 4243 propter
1089 4178 1306 4228 nimiam
1350 4178 1418 4230 Μ.
1455 4178 1665 4228 Antonii
1713 4176 2158 4240 vituperationem
2192 4176 2302 4240 (cfr.
2341 4177 2410 4228 ad
2448 4177 2543 4227 Od.
2584 4179 2645 4239 4,

471 4264 571 4323 37.)
610 4261 892 4326 displicere
942 4261 1195 4312 debuisse
1240 4263 1477 4324 Augusto
1521 4262 1575 4309 et
1619 4260 1932 4322 Maecenati,
1988 4273 2096 4310 non
2146 4262 2230 4310 est
2275 4261 2517 4323 profecto
2552 4272 2648 4309 cur
