3234 4975
649 383 729 447 92
1405 385 1661 434 HORATII
1694 384 2039 453 CARmNUM

1242 538 1550 606 Interfusa
1601 539 1875 606 nitentes

1329 660 1499 726 Vites
1546 680 1831 747 aequora
1881 658 2216 749 Cycladas.
2734 660 2816 723 20

781 867 858 917 ⁴9.
894 867 1096 916 nitentis
1128 865 1258 916 bST.

649 1046 834 1095 sima.»
852 1070 881 1081 -
906 1046 1011 1094 «Ne
1036 1043 1362 1106 naufragium
1385 1041 1562 1103 facias,
1581 1043 1689 1092 vita
1765 1056 1863 1091 σοι
1896 1039 1941 1090 δ’
1975 1037 2162 1106 ἑξείης
2196 1036 2489 1129 Σποράδες
2528 1054 2810 1111 περιπαμ-

651 1132 818 1179 mare,
852 1118 995 1181 quod
1027 1119 1246 1168 fluctuat
1276 1118 1415 1167 inter
1429 1117 1690 1178 cycladas,
1765 1112 2083 1179 φανόωσιν,
2129 1111 2255 1166 οἷον
2279 1108 2362 1166 ὅτ’
2398 1110 2706 1177 ἅνεφέλοιο
2739 1113 2809 1165 δι’

652 1191 840 1255 (schol.
884 1191 1011 1241 Plat.
1056 1205 1108 1256 p.
1145 1192 1258 1241 943.
1297 1192 1391 1242 Ed.
1446 1194 1686 1242 nostrae:
1764 1186 1937 1262 ἠέρος
1987 1188 2192 1242 ειδεται
2239 1184 2442 1262 ἄστρα.
2431 1191 2468 1255 .)
2514 1190 2598 1240 Sic
2644 1193 2806 1241 Paros

648 1262 743 1316 διὰ
790 1262 858 1316 τὸ
893 1262 999 1331 τὴν
1032 1265 1221 1332 Δῆλον
1255 1266 1505 1319 κυκλοῦν
1539 1259 1690 1316 οὕτω
1765 1267 1912 1318 Ovid.
1936 1269 2057 1319 Met.
2084 1269 2133 1328 7,
2167 1266 2280 1317 465.
2317 1279 2633 1325 mammea,
2686 1266 2806 1314 Vir-

648 1336 999 1407 καλοῦνται.)
1066 1340 1262 1392 insulas
1303 1355 1570 1392 marmore
1607 1346 1691 1390 ni·
1765 1340 1885 1405 gilio
1934 1345 2065 1393 Aen.
2130 1342 2189 1403 3,
2245 1342 2356 1392 ⁴26.
2410 1341 2557 1389 nivea
2601 1339 2805 1389 dicitur.

648 1420 848 1466 tentes.»
921 1416 1031 1480 (Od.
1080 1417 1140 1477 3,
1177 1417 1269 1477 28,
1306 1416 1394 1467 ⁴4:
1433 1417 1692 1480 Fulqentes
1765 1419 1885 1467 Sine
1920 1417 2173 1479 imagine:
2215 1414 2387 1465 «Bello
2420 1413 2582 1474 civili,
2620 1413 2806 1476 patria,

649 1491 907 1552 oycladas.
941 1492 1157 1555 Dionys.
1189 1493 1390 1555 Perieg.
1424 1492 1547 1542 530:
1585 1487 1690 1556 νῆ-
1765 1491 1928 1541 finem
1963 1492 2208 1555 impone,
2247 1503 2312 1540 ne
2350 1489 2720 1554 pervertaris»

1589 1767 1879 1776 ——-—-

1361 2013 2087 2073 Excuusus

1554 2173 1889 2224 Anc.xlv.

779 2322 1053 2373 pensitatis
1098 2322 1448 2386 interpretum
1494 2321 1768 2372 sententiis
1814 2321 1882 2371 de
1915 2321 2073 2373 huius
2108 2322 2357 2373 carminis
2392 2323 2707 2386 argumento
2742 2336 2805 2370 ac

649 2406 892 2468 tempore
941 2404 1089 2469 (quas
1135 2407 1410 2470 opiniones
1455 2405 1694 2469 perbene
1740 2404 1949 2469 collegit
1992 2406 2400 2469 diiudicavitque
2446 2405 2704 2469 Luebker)
2753 2406 2804 2455 id

647 2487 944 2551 lucramur,
983 2492 1040 2540 ut
1072 2504 1138 2541 ex
1171 2491 1385 2541 incertis
1419 2491 1730 2540 incertiores
1764 2491 1925 2540 etiam
1959 2491 2165 2541 fiamus.
2236 2490 2366 2540 Illud
2411 2491 2640 2540 maxime
2677 2504 2805 2553 pro-

645 2571 822 2624 babile
869 2587 1011 2624 nunc
1055 2575 1183 2624 mihi
1224 2574 1463 2634 videtur,
1509 2576 1570 2623 ut
1613 2587 1736 2624 cum
1771 2560 2171 2624 Walckenaerio
2217 2575 2257 2623 Ι.
2296 2587 2349 2637 p.
2389 2575 2502 2624 354.
2555 2574 2622 2624 ad
2663 2574 2805 2623 initia

648 2656 770 2707 belli
804 2659 1001 2709 Actiaci
1036 2671 1082 2707 a.
1120 2672 1174 2708 u.
1214 2673 1261 2709 c.
1300 2659 1414 2708 723.
1451 2658 1728 2709 referatur.
1801 2659 2133 2720 Quamquam
2174 2660 2283 2708 tota
2317 2658 2557 2720 quaestio
2592 2657 2804 2707 indubi-

647 2744 752 2792 tata
784 2744 1295 2806 ratione·nunquam
1317 2743 1523 2793 definiri
1556 2742 1768 2806 poterit,
1805 2743 1926 2805 quia
1962 2741 2087 2792 nihil
2109 2755 2330 2806 prorsus
2363 2743 2415 2791 in
2440 2742 2543 2790 hoc
2566 2741 2802 2791 carmine

645 2827 809 2886 inest,
848 2826 992 2889 quod
1027 2827 1200 2877 certas
1233 2840 1491 2890 personas
1524 2841 1587 2876 ac
1622 2828 1863 2890 tempora
1899 2824 2040 2875 clare
2075 2828 2329 2888 certeque
2363 2824 2647 2887 significet:
2686 2827 2803 2874 ete-

645 2911 755 2960 nim
790 2923 962 2973 aequo
997 2909 1108 2959 fere
1143 2910 1255 2960 iure
1291 2911 1359 2960 ad
1393 2924 1582 2960 omnes
1617 2908 1730 2960 illas
1766 2908 1948 2961 turbas
1983 2908 2163 2960 civiles
2198 2911 2321 2972 post
2341 2922 2573 2973 pugnam
2608 2907 2802 2971 Philip-

645 3006 869 3057 pensem
906 3007 1074 3056 usque
1111 2993 1178 3042 ad
1212 2993 1500 3044 stabilitum
1534 2993 1800 3044 Octaviani
1834 2993 2189 3056 principatum
2223 2993 2410 3043 referri
2458 2993 2631 3042 omnia
2675 3005 2802 3056 pos-

645 3077 784 3126 sunt.
854 3076 1044 3125 Forma
1079 3077 1234 3139 igitur
1266 3078 1424 3127 totius
1460 3078 1707 3128 carminis
1729 3077 2126 3140 imaginumque
2152 3076 2474 3140 praestantia
2508 3077 2676 3139 magis
2710 3089 2800 3124 re-

643 3158 916 3222 spicienda
961 3162 1044 3209 est
1086 3173 1249 3223 quam
1292 3165 1664 3224 argumentum
1696 3159 1909 3224 aliquod
1942 3160 2254 3210 historicum
2288 3162 2374 3210 vix
2410 3159 2796 3210 extricandam.

775 3243 1026 3293 Ceterum
1059 3244 1419 3307 antiquissima
1453 3246 1537 3294 est
1568 3245 1892 3308 comparatio
1926 3244 2003 3294 rei
2038 3242 2281 3308 publicae
2305 3258 2428 3294 cum
2463 3245 2581 3294 navi
2606 3245 2661 3293 et
2681 3242 2799 3292 bel-

644 3324 816 3376 lorum
852 3340 976 3377 cum
1009 3326 1273 3390 procellis.
1342 3327 1638 3378 Archiloch.
1677 3329 1760 3379 Fr.
1797 3328 1877 3378 49.
1916 3329 2083 3391 Bergk
2118 3342 2172 3391 p.
2206 3327 2329 3378 477:
2378 3325 2619 3387 Γλαῦκ’,
2668 3319 2797 3396 ὅρα,

642 3406 835 3473 βαθὺς
866 3406 976 3480 γὰρ
1007 3404 1119 3476 ἤδη
1152 3409 1407 3475 κύμασιν
1438 3408 1790 3481 ταράσσεται
1820 3407 2074 3474 Πόντος,
2117 3404 2273 3476 ἀμφὶ
2305 3409 2352 3460 δ’
2388 3404 2542 3482 ἄκρα
2573 3410 2799 3481 Γυρέων

645 3488 826 3565 ὀρθὸν
860 3494 1088 3546 ἵσταται
1120 3496 1325 3557 νέφος,
1362 3490 1535 3561 Σῆμα
1556 3492 1857 3561 χειμῶνος·
1884 3492 2105 3556 κιχάνει
2128 3493 2175 3544 δ’
2201 3492 2263 3560 ἐξ
2285 3488 2558 3560 οἷελπτίης
2580 3490 2793 3556 φόβος.

644 3580 890 3643 Aeschyl.
940 3583 992 3630 S.
1039 3579 1160 3630 adv.
1209 3579 1302 3629 Th.
1354 3582 1412 3629 ⁴:
1466 3575 1706 3644 Κάδμου
1758 3577 2014 3640 πολῖται,
2066 3575 2179 3650 χρὴ
2229 3577 2410 3646 λέγειν
2457 3576 2531 3629 τὰ
2580 3580 2795 3648 καίρια,

633 3656 832 3726 ”Οστις
863 3660 1152 3726 φυλάσσει
1185 3659 1402 3734 πρᾶγος
1434 3662 1495 3714 ἐν
1529 3660 1758 3735 πρύμνῃ
1782 3660 2018 3726 πόλεως,
2055 3662 2240 3714 Οιακα
2270 3661 2497 3729 νωμῶν,
2531 3661 2798 3732 βλέφαρα

640 3765 728 3813 μη
762 3744 983 3813 κοιμῶν
1017 3740 1191 3815 ὕπνῳ.
1260 3748 1492 3810 Theogn.
1520 3748 1634 3797 67⁴
1660 3748 1854 3799 Bekkm
1895 3741 2117 3799 Οὕνεκα
2148 3745 2252 3798 νῦν
2285 3743 2629 3818 φερόμεσθα
2669 3747 2799 3796 καθ

644 3833 800 3883 ἱστία
832 3827 1007 3883 λευκὰ
1040 3827 1315 3894 βαλόντες
1348 3829 1570 3896 Μηλίου
1615 3829 1681 3881 ἐκ
1726 3827 1939 3884 πόντου
1972 3829 2153 3883 νύκτα
2185 3828 2279 3883 διὰ
2311 3827 2616 3902 δνοφερήν·
2678 3825 2798 3880 Ἀν-

642 3914 791 3966 τλεῖν
822 3912 869 3963 δ’
908 3909 1016 3965 οὐκ
1048 3914 1364 3967 ἐθέλουσιν·
1405 3910 1744 3986 ὑπερβάλλει
1775 3913 1837 3967 δὲ
1868 3913 2143 3967 θάλασσα
2169 3910 2530 3985 Ἀμφοτέρων
2563 3915 2793 3974 τοίχων·

641 3993 684 4065 ἦ
713 3997 875 4064 μάλα
905 4014 992 4062 τις
1024 3998 1287 4063 χαλεπῶς
1318 3996 1583 4064 Σώζεται,
1621 3993 1694 4050 οἷ’
1744 3994 1992 4071 ἔρδουσι.
2062 3996 2432 4070 Κυβερνήτην
2475 3998 2584 4065 μὲν
2617 3993 2795 4050 ἔπαυ-

643 4100 755 4135 σαν
783 4080 1052 4144 Ἐσθλόν,
1090 4078 1212 4147 ὅτις
1244 4080 1513 4151 φυλακὴν
1547 4080 1700 4144 εἶχεν
1734 4083 2140 4150 ἐπισταμένως.
2198 4082 2344 4133 Plato
2380 4081 2526 4133 Polit.
2565 4083 2679 4132 302.
2708 4086 2789 4133 Α.;

642 4168 862 4219 Πολλαὶ
895 4166 1004 4233 μὲν
1037 4164 1230 4231 πόλεις
1262 4168 1445 4220 ἐνίοτε
1478 4170 1576 4219 καὶ
1608 4164 1870 4239 καθάπερ
1904 4166 2076 4218 πλοῖα
2099 4162 2501 4233 καταδυόμενα
2532 4163 2794 4216 διόλλυν-

643 4268 737 4305 ται
770 4254 869 4305 καὶ
903 4248 1210 4306 διολώλασι
1245 4253 1342 4304 καὶ
1375 4246 1460 4303 ἔτι
1492 4250 1816 4305 διολοῦνται
1848 4250 1966 4302 κτλ.
2035 4250 2286 4314 Polybius
2321 4251 2371 4312 6,
2399 4250 2477 4302 44.
2504 4250 2794 4301 Athenien—
