3234 4975
638 384 762 446 352

1406 382 1661 432 nomm!
1698 381 2037 433 CARMINUM

1144 518 1358 584 Martis
1401 517 1588 605 equis
1633 516 1995 584 Acheronta
2037 517 2228 603 fugit,

980 679 1243 745 Gratum
1288 675 1545 743 elocuta
1587 674 2072 742 consiliantibus

990 801 1233 865 Iunone
1277 797 1444 863 divis
1465 819 1476 861 :

1525 796 1685 861 Ilion
1704 848 1717 871 ,

1766 794 1925 861 Ilion

1069 917 1301 985 Fatalis
1345 916 1763 1004 incestusque
1808 914 2003 982 iudex

1147 1041 1223 1105 Et
1270 1037 1502 1104 mulier
1548 1037 1890 1124 peregrina
1932 1036 2122 1102 vertit

2733 1037 2815 1100 20

981 1201 1050 1263 In
1094 1196 1461 1284 pulverem,
1509 1215 1591 1261 ex
1636 1214 1767 1282 quo
1812 1193 2099 1260 destituit
2143 1193 2304 1260 deos

777 1388 858 1437 46.
895 1386 1062 1437 Patris
1094 1385 1232 1447 equis
1265 1382 1397 1434 Cod.
1437 1382 1507 1446 (9)
1566 1381 1789 1439 Barthii‚
1842 1379 1997 1443 prob.
2035 1379 2291 1430 Bentleio.
2338 1406 2391 1416 —
2455 1383 2532 1431 47.
2571 1384 2752 1432 flatum

709 1464 888 1525 Progr.
928 1459 1151 1513 Scholae
1186 1456 1578 1509 Tremoniensis
1613 1470 1661 1506 a.
1703 1454 1847 1505 4840.
1892 1482 1944 1494 —-
1983 1454 2064 1504 24.
2104 1454 2316 1503 ἀόειίιιιίι
2350 1455 2405 1503 Τ.

646 1612 738 1670 ὅτι
791 1615 1182 1703 σωφροσύνην
1238 1619 1359 1681 μετ
1429 1600 1695 1700 ἀνδρείας

645 1688 962 1755 ἀσκοῦντες
1005 1690 1100 1743 ἐπὶ
1149 1689 1417 1743 πλεῖστον
1467 1682 1696 1759 ἀνθρω-

646 1769 812 1833 πίνης
846 1760 1156 1831 ἀφίξονται
1186 1761 1503 1829 δυνάμεως.
1557 1762 1692 1814 Plut.

648 1845 798 1893 Rom.
835 1842 917 1892 28.
989 1840 1207 1903 (Quirini
1257 1838 1458 1902 effigies
1510 1840 1594 1889 est
1642 1837 1696 1887 in

648 1928 870 1966 nummo
914 1914 967 1964 C.
1015 1914 1263 1963 ΜΕΜΜΙ.
1315 1913 1368 1963 C.
1406 1913 1462 1962 F.
1519 1912 1696 1963 Rioeio

648 1991 719 2040 Μ.
758 1989 817 2038 F.
854 1988 913 2038 R.
951 2001 1004 2051 p.
1045 1986 1178 2049 444.)
1219 2013 1273 2023 -
1325 1986 1510 2036 Martis
1542 1984 1698 2049 equis]

648 2061 800 2114 Ovid.
855 2063 978 2112 Met.
1035 2060 1128 2121 44,
1181 2059 1277 2110 805
1325 2073 1479 2124 seqq.
1554 2060 1695 2109 Fast.

649 2138 710 2198 2,
765 2134 896 2186 493ε
968 2135 1319 2196 Ηίησλοηαε,
1377 2135 1491 2184 hinc
1538 2134 1703 2183 missis

649 2209 970 2271 abrumpitur
989 2208 1186 2272 ignibus
1206 2208 1375 2258 aester
1394 2223 1410 2257 .·
1445 2209 1524 2258 Fit
1543 2208 1699 2272 Ma?

648 2299 746 2335 νοω
805 2284 998 2346 patriis
1062 2287 1207 2332 astra
1265 2282 1466 2344 petebat
1540 2282 1695 2342 equis.

649 2360 822 2409 Etiam
857 2359 1077 2419 Dionys.
1115 2354 1280 2407 Halic.
1319 2357 1381 2419 2,
1418 2358 1500 2406 57.
1539 2354 1702 2404 tradit

651 2445 778 2484 eum
799 2425 918 2481 ἀπὸ
941 2426 1045 2481 τοῦ
1070 2423 1498 2502 πατρόςἌρεως
1519 2423 1700 2500 ἀνηρ-

651 2503 893 2558 πάσθαι.
936 2533 990 2544 -
1025 2504 1328 2568 Acheronta]
1365 2505 1697 2555 Pindar.1·'r

653 2584 746 2645 44,
783 2582 833 2633 4.
894 2583 1031 2633 Diss.
1068 2581 1136 2631 de
1174 2581 1289 2632 dis:
1348 2579 1542 2630 Κεῖνοι
1590 2574 1703 2649 γάρ

651 2660 698 2708 τ
749 2649 963 2707 ἄνοσοι
1029 2655 1128 2706 καὶ
1176 2647 1428 2726 ἀγήραοι
1492 2652 1703 2706 Πόνων

651 2734 697 2782 τ’
745 2724 1009 2818 ἄπειροι,
1065 2724 1370 2799 βαρυβόαν
1418 2723 1705 2800 Πορθμόν

653 2818 1002 2872 πεφευγοτες
1040 2796 1385 2889 Ἀχέροντος.
1477 2804 1701 2853 Theocr.

655 2882 748 2942 47,
785 2880 880 2931 46ε
940 2879 1217 2948 Βερενίκα
1263 2872 1509 2942 Εὗειδὴς
1547 2871 1705 2937 Ἀχέ-

788 2969 828 3002 α
862 2949 1223 3004 πολύπονον
1257 2947 1370 3002 οὐκ
1403 2949 1701 3022 ἐπέρασεν.

659 3026 1126 3093 —fiuqitJutOd
1166 3026 1225 3086 3,
1263 3028 1321 3088 2,
1358 3025 1451 3077 24.
1486 3027 1707 3091 Ῑὶιρὶοηιο

651 3115 839 3165 penna.

722 3176 800 3225 47,
862 3173 944 3223 48.
1004 3172 1245 3236 Gracina]
1304 3174 1502 3225 Omnes
1559 3176 1702 3225 enim

656 3246 877 3300 Romulo
912 3246 1176 3298 favebant.
1224 3273 1279 3284 —
1316 3249 1704 3313 consiliantibus]

658 3320 1133 3383 «deliberantibus,
1192 3324 1373 3373 utrum
1407 3324 1459 3373 in
1496 3322 1705 3375 caelum

655 3395 994 3459 recipiendus
1029 3399 1174 3446 esset
1207 3409 1431 3446 necne.»
1476 3398 1552 3448 De
1586 3398 1704 3461 ipso

656 3484 706 3518 v.
733 3470 992 3519 consiliari
1016 3471 1067 3520 in
1093 3469 1358 3522 nonnullis
1382 3471 1705 3535 scriptorum

656 3543 786 3594 locis
835 3546 1120 3608 suspecto,
1177 3545 1264 3595 hic
1307 3547 1363 3594 et
1395 3547 1454 3595 A.
1491 3548 1548 3595 P.
1587 3545 1703 3595 496.

657 3621 836 3680 certo,
889 3619 984 3670 cfr.
1033 3619 1157 3670 Ern.
1211 3618 1281 3669 ad
1314 3620 1435 3669 Tac.
1473 3621 1603 3670 Hist.
1641 3619 1704 3678 2,

657 3695 750 3744 53:
804 3707 984 3744 rursus
1012 3694 1358 3753 consiliam-{3
1415 3694 1542 3743 item
1579 3694 1709 3741 For-

659 3767 927 3819 eellinum.
958 3795 1014 3805 —
1037 3768 1240 3833 Iunone]
1276 3766 1452 3818 Simile
1477 3768 1561 3818 est
1581 3765 1712 3815 deo-

658 3855 782 3893 rum
832 3841 1111 3893 consilium
1160 3841 1305 3905 apud
1353 3842 1532 3906 Eurip.
1589 3836 1704 3889 Hel.

659 3916 774 3966 878.
813 3914 1005 3966 Dind.:
1047 3909 1209 4000 Ερις
1256 3912 1387 4002 γὰρ
1414 3915 1477 3965 ἐν
1507 3914 1706 3976 θεοῖς,

660 3984 946 4054 σύλλογός
977 4003 1039 4039 τε
1070 3986 1175 4040 τοῦ
1211 3990 1364 4078 πέρι
1355 3982 1559 4039 Ἔσται
1594 3983 1708 4037 πά-

659 4060 884 4150 ρεδρος
886 4063 1032 4149 ¹thl
1062 4060 1190 4131 ufir)
1227 4063 1290 4115 ἐν
1323 4056 1520 4129 ἤματι
1564 4055 1710 4135 ’Ἡρα

659 4139 799 4203 μέν,
857 4129 896 4202 ἦ
946 4151 1044 4189 σοι
1091 4134 1381 4204 δυσμενὴς
1429 4138 1710 4210 πάροιθεν

661 4204 769 4279 ἦν,
804 4208 927 4263 Νῦν
958 4210 1115 4263 ἐστιν
1149 4205 1370 4275 εὔνους.
1441 4214 1525 4264 Sic
1548 4216 1709 4264 etiam

1769 1615 1822 1663 in
1845 1612 2071 1665 Hercule
2095 1616 2233 1666 inter
2255 1615 2388 1666 deos
2409 1615 2734 1678 recipiendo.
2758 1641 2811 1652 —

1771 1687 1886 1747 Quo
1937 1690 2117 1739 autem
2166 1690 2325 1740 huius
2361 1690 2612 1740 orationis
2646 1689 2820 1753 digni—

1772 1763 1935 1810 tatem
1986 1763 2198 1825 penitus
2246 1764 2633 1827 persentiscas,
2686 1776 2820 1814 eou—

1769 1833 2075 1898 templanda
2110 1836 2203 1886 tibi
2238 1840 2363 1888 sunt
2395 1839 2608 1889 lunonis
2650 1839 2819 1888 simu-

1770 1907 1915 1959 lacra
1948 1910 2188 1974 antiqua,
2242 1912 2505 1976 imprimis
2549 1914 2680 1963 Iuno
2714 1913 2821 1962 Lu-

1772 1983 2047 2047 dovigiana
2082 1988 2138 2035 et
2158 1987 2495 2037 Praenestina
2528 1985 2673 2050 apud
2695 1984 2823 2035 Mul-

1771 2055 1852 2107 ler
1892 2054 2109 2108 Domum.
2162 2060 2223 2108 Il.
2277 2060 2335 2121 4,
2386 2057 2467 2110 34.
2523 2063 2579 2110 et
2627 2059 2708 2109 35.
2763 2087 2819 2096 —

1770 2132 1930 2192 Ilion,
1967 2133 2115 2197 Ilion]
2154 2135 2375 2196 Dionys.
2411 2136 2572 2197 Long.
2610 2136 2817 2197 Fragm.

1772 2206 1821 2256 8.
1858 2218 1913 2269 p.
1955 2206 2067 2256 423.
2106 2208 2309 2271 Egger:
2345 2204 2552 2270 Πάθος
2584 2204 2824 2259 ποιοῦσι

1773 2280 1873 2328 καὶ
1906 2280 1969 2329 οἱ
2007 2273 2538 2347 ἄναδιπλασιασμοὶ
2552 2297 2565 2310 ·
2624 2280 2822 2348 Θῆβαι

1773 2351 1858 2415 δέ,
1883 2351 2076 2419 Θῆβαι
2095 2356 2358 2419 (Aeschin.
2376 2358 2428 2406 in
2446 2359 2587 2409 Ctes.
2602 2356 2650 2420 5.
2667 2357 2819 2419 433.).

1842 2429 1922 2479 49.
1976 2431 2186 2496 Fatalis]
2247 2446 2309 2481 «a
2360 2431 2478 2482 satis
2528 2432 2598 2482 ad
2638 2432 2822 2482 Troiae

1777 2504 2041 2556 excidium
2106 2506 2401 2558 destinatus
2472 2502 2821 2576 (Δύσπαρις,

1776 2577 2107 2651 Αἰνόπαρις)
2158 2584 2318 2645 atque
2359 2583 2579 2645 propter
2610 2583 2823 2645 raptum

1778 2653 2010 2705 Helenae
2055 2655 2234 2719 (quam
2269 2656 2371 2707 dea
2405 2658 2680 2707 nominare
2715 2668 2823 2706 non

1778 2728 2037 2792 dignatur)
2074 2730 2315 2794 impurus
2348 2728 2584 2791 adulter,
2622 2729 2692 2779 ob
2718 2730 2823 2780 hoc

1778 2802 1956 2854 scelus
1998 2805 2172 2867 ipsum
2215 2818 2245 2854 a
2289 2803 2407 2855 fatis
2441 2804 2677 2865 electus,
2732 2805 2822 2868 qui

1779 2879 2005 2943 patriam
2040 2881 2358 2929 everteret.»
2400 2906 2457 2915 —
2502 2878 2672 2943 iudet]
2707 2879 2826 2929 Eri-

1779 2954 1861 3004 dis
1894 2965 2020 3003 cum
2054 2952 2255 3003 malum
2288 2966 2541 3015 aureum,
2590 2952 2826 3018 pulchri-

1779 3027 1975 3077 tudinis
2009 3028 2344 3091 praemium,
2396 3027 2696 3091 posthabita
2736 3028 2825 3077 lu·

1780 3116 1920 3152 none
1956 3105 2009 3152 et
2059 3103 2320 3162 Minerva,
2374 3102 2567 3152 Veneri
2617 3101 2826 3153 adiudi-

1781 3178 1935 3227 cavit
1971 3177 2114 3239 virg.
2141 3179 2271 3227 Aen.
2310 3176 2357 3235 4,
2384 3176 2482 3226 26.
2518 3182 2689 3226 manet
2718 3177 2827 3226 alta

1778 3256 1940 3302 mente
2006 3255 2261 3312 repostum
2325 3251 2571 3300 Iudicimn
2629 3251 2826 3300 Paridis

1778 3330 2070 3387 φνοισοᾳυο
2111 3324 2303 3374 inimo
2332 3324 2543 3386 tonnae.
2614 3322 2826 3374 Fundus

1780 3399 1990 3451 fabulae
2025 3402 2109 3450 est
2141 3397 2286 3449 Iliad.
2322 3415 2396 3457 ω,
2431 3399 2644 3449 28-30,
2665 3437 2678 3460 ,
2735 3400 2824 3462 qui

1779 3478 1959 3524 tamen
1992 3471 2143 3523 locus
2176 3471 2355 3523 multis
2390 3473 2465 3535 (ut
2484 3471 2676 3523 Wolfio
2697 3476 2828 3525 Pm-

1779 3547 1917 3611 legg.
1960 3559 2015 3611 p.
2051 3546 2187 3609 273.)
2238 3546 2382 3596 haud
2416 3547 2681 3597 immerito
2730 3559 2826 3598 su-

1781 3623 1999 3686 spectus
2034 3620 2156 3680 fuit3
2204 3619 2399 3671 clarius
2433 3620 2627 3671 deinde
2661 3633 2827 3685 expo-

1780 3697 1880 3747 sita
1904 3696 1989 3745 est
2008 3696 2061 3744 in
2086 3695 2294 3758 Cypriis
2311 3732 2323 3754 ,
2360 3694 2641 3758 aliquoties
2663 3695 2825 3758 signi-

1781 3768 1938 3818 ficata
1971 3767 2041 3818 ab
2071 3767 2319 3832 Euripide
2345 3768 2490 3831 (Hec.
2518 3769 2632 3830 629,
2671 3781 2823 3831 seqq.

1782 3843 1897 3907 lph.
1937 3841 2054 3893 Aul.
2105 3842 2248 3893 4300.
2307 3842 2497 3892 Troad,
2541 3843 2656 3893 925.
2710 3840 2822 3893 Hel.

1782 3917 1864 3968 23.
1901 3916 2063 3967 Andr.
2101 3915 2272 3980 284,),
2331 3929 2496 3980 saepe
2546 3917 2707 3967 etiam
2756 3915 2826 3966 ab

1782 3992 2011 4055 antiquis
2072 3989 2364 4040 artificibus
2427 4003 2706 4054 expressa,
2772 3992 2829 4039 ut

1782 4068 1868 4117 est
1911 4065 2204 4116 Mercurius
2250 4067 2360 4114 tres
2407 4064 2539 4132 deas
2573 4063 2643 4114 ad
2689 4062 2829 4113 iudi-

1785 4141 1928 4190 cium
1979 4139 2186 4190 ducens
2248 4139 2299 4189 in
2350 4138 2590 4189 Gerhard
2644 4138 2828 4188 Vam-

1782 4226 1911 4277 9cm.
1967 4213 2023 4261 T.
2077 4213 2157 4263 72.
2234 4215 2395 4277 atque
2429 4213 2713 4281 ⁸imprimis
2768 4212 2823 4260 T.
