3234 4975
1220 425 1338 475 ua.
1378 427 1414 475 ι.
1488 428 1545 476 c.
1584 425 1804 477 xxxm.
2522 424 2644 490 479

1077 913 2003 978 cmm

818 1126 991 1204 Albi,
1042 1150 1124 1194 ne
1170 1129 1396 1196 doleas
1439 1130 1587 1218 plus
1631 1132 1828 1197 nimio
1877 1152 2125 1198 memor

824 1249 1084 1316 Immitis
1130 1250 1477 1340 Glycerae,
1528 1273 1654 1317 neu
1702 1252 2106 1319 miserabiles

610 1473 828 1525 xxxin.
883 1477 1047 1525 lnscr.
1096 1475 1234 1539 volg.
1283 1478 1359 1526 Ad
1402 1476 1598 1528 Albium
1648 1478 1902 1528 Tibullum.
1951 1506 2005 1515 -
2042 1479 2118 1528 Ad
2150 1481 2346 1530 Albium
2391 1484 2452 1541 S,
2511 1481 2587 1531 Aa

547 1547 776 1597 Albinum
808 1550 863 1598 T.
906 1576 960 1586 -
997 1552 1046 1600 2.
1084 1550 1276 1601 [amitis
1306 1551 1431 1601 Tcd.

546 1753 764 1804 xxxin.
824 1753 1037 1804 Albium
1077 1754 1367 1817 Tibullum,
1412 1755 1533 1806 dul-

481 1828 755 1878 cissimum
811 1827 956 1879 illum
1012 1832 1256 1894 poetam,
1316 1832 1531 1881 Horatio

480 1903 664 1953 intima
752 1902 1101 1953 familiaritate
1191 1906 1532 1955 coniunctum

483 1976 632 2040 (Epp.
673 1978 728 2037 l,
776 1976 844 2040 4.)
898 1977 1202 2028 consolatur
1236 1979 1303 2029 de
1339 1980 1444 2029 fide
1482 1981 1531 2029 ei

481 2064 513 2100 a
565 2049 789 2112 Glycera
841 2050 986 2103 laesa
1040 2053 1206 2115 (anno
1258 2068 1309 2103 u.
1349 2067 1396 2103 c.
1435 2055 1531 2104 728

479 2124 705 2185 Walck.,
721 2126 816 2175 729
830 2127 1069 2189 Franke.)
1080 2165 1091 2177 .
1113 2126 1336 2190 Glycera
1350 2131 1533 2178 autem

483 2201 610 2262 (sive
655 2199 904 2262 Glycere,
958 2204 1018 2251 ut
1060 2204 1145 2251 est
1186 2202 1328 2266 apud
1364 2201 1527 2252 Plaut.

481 2272 587 2324 Mil.
614 2272 680 2337 gl.
708 2276 766 2335 2,
792 2276 849 2334 5,
887 2276 970 2325 26.
999 2279 1054 2325 et
1074 2277 1225 2326 Mart.
1255 2276 1335 2336 44,
1374 2276 1529 2338 ⁴81),

482 2348 550 2399 ab
600 2350 713 2413 ipso
758 2348 960 2399 Tibullo
1004 2364 1278 2414 nunquam
1321 2364 1535 2402 memo-

482 2427 620 2484 rata,
674 2425 909 2488 itemque
958 2427 1197 2489 ignorata
1244 2426 1312 2475 ab
1349 2426 1533 2475 Ovidio

480 2502 662 2549 Amor.
712 2499 769 2561 3,
825 2500 874 2550 9.
931 2501 983 2550 in
1032 2500 1220 2551 Tibulli
1271 2501 1528 2565 epicedi0‚

482 2574 664 2636 utique
714 2573 924 2624 diversa
971 2574 1182 2624 videtur
1226 2578 1280 2625 et
1319 2589 1348 2625 a
1386 2574 1531 2625 Delia

484 2650 540 2698 et
573 2661 603 2697 a
637 2650 876 2709 Nemesi,
917 2651 1015 2699 etsi
1040 2649 1269 2711 fuerunt,
1308 2651 1400 2714 qui
1424 2662 1535 2698 ma-

482 2723 624 2772 xime
669 2725 889 2786 propter
934 2722 1162 2774 eandem
1205 2722 1533 2786 syllabarum

484 2798 830 2860 quantitatem
867 2798 1270 2858 contenderent,
1310 2799 1411 2847 hoc
1436 2811 1532 2846 no-

484 2884 608 2921 men
670 2873 903 2936 positum
964 2885 1084 2922 esse
1140 2886 1239 2936 pro
1296 2872 1529 2924 Nemesi.

482 2946 655 2995 Etiam
704 2946 1073 2997 Lachmannus
1126 2946 1285 3010 (Hall.
1331 2949 1529 3010 Ltztnq.

485 3020 631 3070 4836.
680 3021 741 3070 Ν.
781 3021 914 3082 440.)
954 3019 1094 3071 favet
1137 3022 1262 3071 huic
1306 3021 1535 3072 Dissenii

483 3095 744 3159 opinioni,
798 3096 978 3145 nescio
1027 3109 1133 3159 quo
1168 3096 1281 3145 iure
1314 3108 1536 3160 compa-

485 3182 610 3219 rans
644 3168 758 3218 Tib.
797 3170 854 3228 2,
893 3169 951 3230 3,
990 3170 1083 3219 37:
1138 3175 1195 3219 ut
1225 3176 1402 3220 nostra
1439 3172 1537 3219 sint

482 3249 575 3293 lua
606 3250 776 3293 castra
808 3245 980 3305 dorna,
1035 3247 1090 3294 et
1121 3245 1180 3306 2,
1229 3246 1286 3304 6,
1325 3245 1415 3295 36:
1470 3247 1536 3294 sis

482 3319 605 3368 mihi
637 3319 915 3368 lontaveto.
988 3320 1085 3379 Qui
1115 3318 1367 3369 volaticos
1392 3322 1535 3384 ipsos

484 3394 841 3443 Romanorum
882 3395 1016 3444 milla
1043 3395 1358 3456 puellarum,
1404 3409 1537 3456 pue-

482 3481 659 3517 rorum
690 3469 823 3518 millo
853 3469 1053 3530 Furores
1082 3470 1238 3519 nimis
1262 3469 1331 3518 ad
1354 3469 1534 3519 vivum

482 3555 730 3592 resecare
741 3542 959 3593 student
968 3542 1226 3607 pluraque
1241 3543 1308 3594 de
1325 3544 1385 3594 iis
1398 3545 1534 3593 scire

483 3629 542 3665 se
577 3615 810 3678 fingunt,
849 3630 1012 3680 quam
1038 3619 1228 3681 poetae
1253 3618 1353 3681 ipsi
1380 3618 1534 3668 nobis

483 3689 840 3751 tradiderunt,
894 3704 1057 3755 saepe
1108 3692 1277 3741 risum
1318 3694 1536 3742 movent

484 3764 573 3822 iis,
639 3764 730 3827 qui
780 3763 976 3815 diutius
1026 3765 1167 3815 inter
1221 3763 1393 3816 Gallos
1450 3765 1534 3816 vel

482 3836 640 3888 Italos
674 3839 871 3889 versati
904 3841 1045 3892 sunt.
1115 3841 1300 3903 Neque
1338 3853 1436 3889 our
1465 3841 1535 3891 ad

483 3910 768 3973 Glyceram
801 3912 1101 3963 reserantur
1133 3912 1320 3964 Tibulli
1354 3914 1413 3975 4,
1451 3914 1529 3965 ⁴3.

482 3989 539 4036 et
568 3985 670 4045 ⁴4„
705 3986 810 4037 ulla
835 3989 1008 4038 exstat
1027 3989 1178 4037 ratio.
1219 3989 1532 4052 (ascriptum

436 4067 449 4079 ⁰
481 4052 586 4110 boc
632 4073 850 4111 carmen
896 4066 1184 4113 auctumno
1225 4064 1349 4112 anni
1393 4062 1529 4123 728„

483 4148 606 4185 cum
654 4134 888 4187 Tibullus
934 4150 1058 4186 rure
1105 4135 1275 4187 latens
1322 4136 1532 4187 Planiae

485 4210 768 4272 (Neaerae)
835 4210 1115 4274 perfidiam
1180 4209 1415 4276 ploraret
1480 4213 1535 4259 et

482 4282 657 4347 paullo
693 4286 815 4335 ante
850 4283 992 4334 Libri
1026 4284 1072 4333 3.
1114 4283 1254 4347 Eleg.
1292 4285 1340 4334 Ξ.
1381 4287 1435 4334 et
1457 4279 1530 4344 6.,

1605 1770 1731 1807 vere
1776 1758 2079 1808 ”durabiles
2110 1758 2270 1823 elegos
2319 1761 2652 1811 cecinisset.»

1605 1832 1789 1882 Sronn.
1826 1831 1934 1882 Sed
1966 1831 2144 1896 Elegg.
2181 1831 2318 1883 liber
2338 1834 2526 1884 tertius
2548 1846 2656 1885 non

1605 1907 1689 1956 est
1733 1904 1956 1969 Tibulli.)
2014 1905 2299 1957 Paldamus
2331 1907 2537 1971 (Ztschr.
2570 1908 2659 1971 fiir

1603 1981 1858 2029 Alter-Htw.
1907 1978 2053 2031 ⁴837.
2102 1983 2162 2030 N.
2212 1983 2380 2044 ⁴⁴5.):
2448 1982 2660 2032 Tibullus

1603 2059 1787 2103 mussto
1834 2056 1890 2105 in
1930 2055 2233 2117 publicium
2278 2056 2541 2107 &dictam
2582 2058 2662 2107 dio

1606 2129 1821 2189 Glycera
1863 2129 2109 2193 besunqon
2156 2129 2342 2189 habam·
2392 2136 2528 2180 sonat
2575 2144 2662 2180 or-

1604 2203 1770 2252 laubto
1792 2204 1881 2252 der
1903 2203 2165 2253 Gabi-auch
2185 2204 2320 2253 nicht
2340 2206 2450 2254 eine
2468 2205 2663 2254 Privat-

1603 2278 1750 2326 sache
1777 2278 2044 2341 deryeatalt
2075 2279 2322 2340 offmuich
2347 2293 2416 2328 zu
2433 2280 2656 2329 machon.

1608 2351 1753 2403 Unde
1788 2353 2014 2415 petitum
2037 2352 2175 2402 hoc?
2210 2354 2452 2405 Fortasse
2477 2368 2506 2403 a
2532 2352 2661 2404 Galli

1606 2426 1867 2490 Lycoride
1918 2426 2130 2489 Virgilio
2181 2431 2509 2488 memorata;
2562 2429 2661 2478 sed

1606 2501 1791 2565 quidni
1823 2500 2032 2551 licuerit
2065 2502 2303 2562 Horatio,
2339 2507 2531 2566 poetae
2563 2501 2662 2552 ali·

1605 2576 1775 2634 cuius,
1813 2576 1900 2625 hic
1934 2575 2154 2638 quidem
2187 2575 2393 2636 Tibulli,
2431 2578 2658 2625 amicam

1603 2649 1689 2699 vel
1741 2663 1970 2713 puerum
2020 2648 2305 2699 delicatum
2354 2663 2658 2700 memorare

1604 2724 1828 2788 perinde
1862 2726 2023 2787 atque
2057 2722 2182 2772 alibi
2208 2723 2463 2785 Lycidam
2486 2725 2658 2784 Sestii,

1608 2797 1831 2860 Lydiam
1866 2800 1922 2847 et
1953 2796 2171 2860 Sybaris
2208 2799 2262 2846 et
2295 2795 2541 2861 Telephi,
2596 2811 2661 2848 ac

1607 2871 1740 2921 tales
1790 2883 2006 2922 amores
2055 2870 2257 2933 fingere
2303 2870 2372 2920 ab
2417 2870 2504 2921 illo
2539 2884 2661 2922 esse

1609 2948 1867 2997 cantatos.

1677 3059 1722 3108 ⁴.
1755 3058 1872 3120 plus
1903 3058 2076 3122 nimio]
2115 3060 2173 3107 ut
2205 3057 2301 3108 od.
2343 3059 2398 3118 4,
2439 3058 2527 3118 48,
2580 3059 2658 3108 45.

1608 3134 1780 3183 Etiam
1816 3134 1869 3182 in
1902 3132 2138 3196 pedestri
2177 3133 2415 3183 oratione
2451 3132 2518 3182 M.
2554 3135 2664 3182 An-

1608 3209 1782 3258 tonius
1832 3208 1926 3271 Ep.
1970 3206 2039 3257 ad
2089 3209 2191 3257 Att.
2240 3207 2330 3268 ⁴0,
2385 3207 2433 3256 8.
2474 3208 2563 3255 Α.;
2618 3212 2665 3256 to

1606 3283 1762 3331 nivnio
1787 3283 1907 3343 plus
1935 3282 2105 3346 diligo,
2144 3294 2207 3330 ac
2232 3279 2471 3331 similiter
2493 3279 2657 3329 Plaut.

1609 3356 1801 3405 Bacch.
1829 3355 1879 3416 4,
1906 3356 1954 3416 4,
1981 3357 2037 3406 2⁴
2062 3371 2072 3404 ε
2116 3356 2272 3405 nimio
2293 3356 2478 3414 minus,
2504 3354 2663 3403 mullo

1601 3444 1808 3491 parum.
1877 3429 1974 3480 Vel
1996 3431 2216 3494 propter
2239 3440 2521 3479 caesuram
2542 3440 2663 3476 me-

1609 3504 1708 3555 lius
1755 3505 1941 3567 iungas
1982 3505 2099 3567 plus
2140 3504 2297 3553 nimio
2334 3515 2549 3561 mernor,
2605 3504 2665 3551 ut

1607 3580 1806 3641 puncto
1840 3582 1962 3642 post
1994 3592 2044 3627 v.
2084 3577 2251 3627 doleas
2291 3576 2464 3641 posito
2498 3575 2663 3637 signi-

1608 3652 1798 3702 ficatur
1831 3654 1882 3703 in
1919 3651 2048 3703 Cod.
2076 3652 2269 3711 Turic.,
2308 3662 2472 3712 quam
2495 3648 2663 3697 doleas

1599 3728 1718 3790 plus
1748 3727 1918 3776 nimia.

1673 3840 1722 3889 2.
1759 3837 1967 3888 Inmutis
1990 3835 2246 3899 Glycerae]
2270 3833 2443 3885 «nullo
2460 3835 2658 3885 amoris

1606 3925 1769 3964 sensu
1793 3914 2018 3971 tactae‚»
2055 3912 2204 3974 grato
2232 3908 2352 3962 lusu
2386 3911 2521 3959 inter
2542 3908 2660 3960 ἐπὶ·

1603 3987 1777 4037 θετον
1811 3989 1866 4036 et
1899 3998 2096 4035 nomen
2129 3983 2413 4055 Γλυκέρα,
2453 3982 2661 4034 Γλυκέ-

1606 4076 1734 4131 ριον
1755 4074 1785 4110 a
1809 4058 2089 4132 dulcedine
2114 4058 2353 4109 ductum.
2393 4060 2509 4108 «Sic
2532 4056 2654 4107 alibi

1605 4137 1747 4185 dulce
1786 4135 1990 4196 loquens
2030 4134 2244 4198 Lalaqe,
2297 4135 2432 4184 mitis
2465 4134 2653 4195 Gorya,

1605 4211 1795 4259 iniusta
1847 4209 2092 4257 Adrastea
2107 4247 2119 4268 ‚
2181 4204 2384 4277 πικρὸν
2441 4204 2674 4256 Γλυκέ-“

1605 4298 1784 4352 mov.»
1821 4284 1959 4332 laus.
