3234 4975
666 385 792 452 486

1444 388 1701 440 nonam
1735 388 2072 441 CARMINUM

917 543 1128 609 Mirari
1174 542 1349 609 libet.
1440 543 1498 610 O
1542 542 1858 608 Na'iadum
1898 552 2130 629 potens

832 662 1362 750 Baccharumque
1404 662 1754 730 valentium

916 786 1230 850 Procerus
1274 783 1570 850 manibus
1622 791 1877 851 vertere
1915 783 2228 858 fraxinos,

831 940 929 1006 Nil
975 961 1245 1028 parvum
1291 950 1401 1006 aut
1443 939 1664 1005 humili
1708 939 1933 1018 mode,

912 1060 1009 1126 Nil
1054 1058 1321 1126 mortale
1368 1059 1619 1147 loquar.
1707 1059 1911 1128 Dulce
1955 1060 2317 1148 periculum
2360 1071 2491 1137 est,

832 1181 890 1248 O
936 1181 1222 1256 Lenaee,
1272 1180 1458 1267 sequi
1506 1179 1705 1246 deum

914 1301 1289 1388 Cingentem
1332 1299 1520 1366 viridi
1564 1311 1858 1388 tempora
1899 1303 2224 1390 pampino,

2748 1305 2834 1370 20

794 1479 873 1530 ⁴4.
911 1481 1150 1530 onaidum
1181 1481 1238 1530 T.
1284 1509 1335 1516 -—
1376 1482 1454 1531 47.
1491 1481 1675 1531 humile
1706 1481 1763 1530 T.
1805 1508 1860 1516 —
1901 1481 1979 1531 49.
2020 1481 2108 1543 To,
2155 1482 2371 1542 Lenaeo,
2419 1482 2557 1544 sequi
2596 1484 2768 1533 ducem

728 1552 961 1604 malebat
992 1553 1275 1604 BentleiuS.

661 1728 803 1764 mma
833 1714 1043 1777 rupibus
1065 1716 1168 1764 cet.
1198 1740 1253 1751 -
1279 1713 1409 1778 ubet]
1440 1712 1712 1764 efficacius

666 1790 752 1839 est
772 1790 1169 1851 quamuiuvat»‚
1207 1788 1432 1851 gaudeo.

731 1860 793 1912 ⁴4
815 1887 845 1898 —
868 1862 946 1912 48.
983 1862 1243 1911 Naiadum
1268 1860 1466 1925 potens]
1504 1860 1713 1910 «domi-

662 1947 851 1986 nusae
876 1935 1060 1996 dux‚»
1095 1934 1272 1986 utOd.
1302 1935 1356 1994 4,
1392 1934 1451 1995 3,
1489 1936 1545 1984 4;
1594 1935 1714 1983 diva

655 2014 834 2071 potens
855 2009 1025 2071 Cypri.
1050 2009 1329 2073 Nymphae
1352 2012 1551 2069 autem,
1572 2009 1712 2057 inter

664 2094 799 2146 quas
822 2085 1152 2132 memoratur
1175 2083 1436 2146 imprimis
1450 2074 1712 2153 Ἀριάγνη

670 2156 780 2219 (sic)
804 2156 932 2206 Ami.
958 2157 1067 2206 dell'
1088 2157 1205 2207 Inst.
1232 2158 1373 2206 arch.
1400 2157 1506 2206 vn.
1526 2171 1580 2221 p.
1601 2157 1707 2218 83„

663 2231 898 2293 primum
950 2230 1142 2281 Bacchi
1193 2231 1455 2291 nutrices,
1513 2231 1710 2282 deinde

665 2304 888 2355 comites
911 2304 1141 2354 fuerunt.
1179 2305 1422 2369 Orpheus
1445 2307 1507 2356 H.
1532 2306 1620 2367 53,
1648 2306 1707 2355 6:

668 2375 846 2428 Ναΐσι
871 2377 971 2429 καὶ
1003 2375 1261 2442 Βάκχαις
1292 2372 1577 2445 ἧγούμενε
1598 2393 1714 2430 κιτ-

669 2447 1029 2524 τοφόροισιν.
1080 2452 1186 2504 Cir.
1212 2453 1306 2505 Od.
1349 2455 1406 2516 2,
1446 2455 1532 2516 49,
1571 2454 1620 2504 3.
1652 2480 1707 2491 -

666 2527 942 2578 valeritimn
957 2554 987 2566 -
1001 2554 1031 2564 -
1044 2528 1295 2593 fraxinos]
1314 2530 1492 2594 Eurip.
1512 2529 1707 2579 Bacch.

665 2601 827 2651 ⁴⁴09:
879 2602 946 2652 αἱ
974 2599 1036 2652 δὲ
1067 2604 1280 2673 μυρίαν
1312 2603 1457 2673 χέρα
1486 2602 1713 2673 Προσέ-

656 2674 846 2725 θεσαν
878 2672 1052 2746 ἐλάτῃ
1086 2671 1534 2741 κάξανέσπασαν
1564 2676 1711 2736 χθο-

663 2745 782 2811 νός.
813 2778 869 2786 -
904 2751 1079 2801 Inmiti
1109 2751 1272 2816 modo]
1307 2753 1386 2802 De
1417 2752 1577 2802 modis
1597 2752 1710 2801 sive

664 2826 902 2876 numeris
955 2825 1171 2889 proprie
1233 2826 1388 2875 dictis
1448 2827 1713 2888 interpre-

664 2900 762 2948 tari
789 2911 893 2948 non
925 2911 1238 2963 possumus,
1277 2913 1402 2950 cum
1429 2900 1531 2948 hac
1554 2900 1713 2961 signi-

666 2971 911 3023 ficatione
976 2970 1193 3036 pluralis
1246 2982 1464 3036 semper
1517 2985 1712 3023 nume-

665 3058 758 3094 rus
790 3048 1093 3109 usurpetur.
1148 3044 1460 3097 «pollicetur
1490 3060 1550 3098 se
1584 3045 1711 3097 nihil

666 3117 767 3168 nisi
815 3131 976 3181 grave
1029 3121 1084 3169 et
1131 3119 1359 3171 sublime
1407 3121 1672 3171 dicturum
1695 3159 1707 3183 ‚

666 3193 722 3241 et
770 3192 868 3243 has
916 3193 1058 3255 ipsas
1108 3192 1366 3245 sublimes
1420 3196 1712 3247 sententias

663 3277 769 3315 non
819 3263 1035 3325 humili,
1105 3266 1203 3317 sed
1268 3267 1481 3318 sublimi
1549 3269 1711 3319 modo

665 3339 965 3399 dicturum3
1020 3341 1180 3404 atque
1230 3342 1334 3391 hoc
1375 3342 1498 3391 addi
1549 3355 1713 3406 opor-

666 3415 789 3473 tuit,
842 3415 965 3479 quia
1017 3428 1123 3465 non
1173 3414 1439 3466 insolitum
1490 3418 1572 3466 est
1623 3430 1711 3467 res

665 3501 855 3551 graves
887 3489 1137 3541 orationis
1172 3490 1425 3540 tenuitate
1468 3490 1713 3539 dehone-

666 3563 844 3614 stari.»
880 3564 1197 3614 Cumaeam.
1257 3589 1310 3600 -
1362 3565 1450 3614 Nil
1478 3564 1709 3627 mortale]

662 3638 779 3687 Non
801 3639 908 3688 est:
939 3637 1266 3688 «immortale
1282 3677 1293 3699 ‚
1320 3639 1371 3688 in
1390 3641 1712 3702 perpetuum

1787 1707 1974 1763 Τοῦτο
2005 1707 2116 1783 γὰρ
2147 1706 2443 1763 ἀθάνατον
2475 1707 2709 1775 φωνᾶεν
2738 1706 2835 1784 ἕρ-

1785 1801 1896 1849 πει,
1933 1784 2013 1837 Εἴ
2051 1801 2137 1850 τις
2170 1777 2236 1837 εὖ
2269 1784 2400 1859 εἴπῃ
2432 1800 2507 1837 τι·
2543 1788 2678 1838 sed:
2718 1789 2836 1838 «ni-

1785 1859 1858 1911 hil
1879 1898 1892 1923 ,
1955 1860 2111 1924 quala
2156 1860 2462 1913 mortalium
2497 1861 2684 1926 volgus
2714 1875 2837 1927 pro-

1785 1934 1926 1986 ferre
1960 1934 2147 1987 solet.»

1853 2009 1933 2059 48.
1995 2010 2074 2059 49.
2130 2010 2290 2060 Dulce
2334 2011 2643 2076 par-iculum]
2715 2012 2833 2061 Non

1784 2084 1899 2133 sine
1933 2082 2174 2147 periculo
2207 2084 2312 2135 deo
2334 2086 2617 2149 praesente
2639 2086 2837 2135 morta-

1785 2154 1894 2207 lem
1931 2158 2362 2221 appropinquare
2397 2156 2652 2222 illumque
2686 2159 2833 2208 cerni

1784 2243 1947 2295 posse
1998 2229 2309 2281 credebant.
2378 2233 2666 2282 Praeterea
2716 2229 2834 2281 talis

1785 2297 2219 2368 ἐνθουσιασμὸς
2266 2306 2501 2367 graviter
2549 2305 2835 2369 torquebat

1784 2378 2119 2443 vexabatque
2144 2378 2367 2430 mortale
2391 2391 2603 2443 corpus.
2636 2404 2689 2415 -
2737 2380 2833 2429 Lo-

1785 2452 1933 2517 naoa]
1986 2465 2066 2516 pr.
2119 2451 2406 2517 Koltarqott.
2477 2453 2633 2517 Apud
2668 2452 2828 2517 Orph.

1786 2527 1981 2590 Hymn.
2014 2526 2094 2577 50.
2138 2529 2360 2576 vocatur
2402 2525 2600 2593 ληνατε
2632 2530 2688 2578 et
2717 2526 2834 2578 ἐπι·
2943 2512 2950 2517 ’

1785 2596 1945 2665 λήνιε
1994 2613 2025 2649 a
2074 2596 2285 2665 ληνός,
2339 2602 2485 2664 quod
2532 2602 2582 2652 ei
2615 2613 2832 2652 sacrum

1786 2678 1870 2726 est
1903 2673 2150 2725 torcular.
2189 2675 2322 2725 Hinc
2345 2675 2486 2739 Virg.
2507 2677 2600 2725 Ge.
2626 2676 2676 2737 3,
2701 2676 2826 2726 509:

1784 2750 1955 2799 latices
1985 2774 2067 2786 --
2099 2750 2335 2800 Lenaeos.
2384 2778 2438 2786 —-
2491 2751 2632 2811 sequi
2668 2749 2829 2813 deuna]

1785 2823 1935 2874 Ovid.
1957 2825 2078 2875 Met.
2107 2825 2187 2885 45,
2211 2823 2332 2875 ⁴43:
2367 2824 2434 2874 Ει
2455 2825 2694 2886 quoniam
2715 2825 2834 2874 deus

1783 2911 1879 2947 ora
1900 2903 2093 2958 movet,
2120 2911 2306 2959 sequar
2327 2912 2422 2948 ora
2437 2904 2712 2949 moventem
2725 2900 2832 2949 Rite

1784 2972 1946 3021 deum.
1984 2970 2204 3022 Bentleii
2237 2972 2412 3021 ducem
2441 2972 2598 3023 nimis
2627 2971 2833 3023 redolet

1784 3045 2096 3109 pedestrem
2131 3046 2445 3097 orationem.
2575 3054 2586 3073 '

1850 3119 1933 3168 ΞΟ.
1972 3119 2269 3183 Cinqmuom]
2306 3119 2501 3184 Supple
2538 3119 2686 3181 «sibi,
2725 3120 2833 3169 cin-

1785 3194 1981 3252 ctum»,
2001 3192 2252 3255 referque
2262 3193 2332 3242 ad
2345 3194 2613 3244 Bacchum
2632 3194 2827 3258 ipsum,

1785 3278 1852 3316 ne
1886 3264 2129 3332 ἐπιθέτῳ
2153 3266 2484 3318 destituatur.
2520 3269 2604 3318 Sic
2627 3267 2827 3318 estod.

1785 3339 1846 3401 4,
1884 3341 1944 3401 8,
1981 3340 2079 3390 33:
2133 3341 2354 3390 Θνηαιυε
2407 3342 2562 3391 vin’di
2606 3347 2834 3404 tempora

1777 3415 2020 3476 pampino
2057 3414 2218 3465 Liber.
2285 3413 2381 3465 Alii
2415 3416 2590 3467 minus
2631 3415 2833 3480 proba-

1784 3487 1961 3538 biliter
1994 3488 2062 3539 de
2106 3494 2178 3537 eo
2206 3488 2493 3552 explicant,
2550 3490 2672 3553 «qui
2706 3502 2830 3540 cum

1786 3574 1980 3612 corona
2014 3564 2296 3626 pampinea
2330 3566 2414 3615 est
2446 3565 2498 3614 in
2528 3564 2719 3614 Bacchi
2742 3576 2832 3613 co-

1787 3638 2033 3694 mitatum
2083 3634 2168 3687 vel
2220 3639 2518 3697 «Bacchus,
2573 3639 2664 3702 qui
2714 3638 2829 3701 ipse

666 3710 1037 3773 duraturum»,
1076 3712 1135 3762 ut
1155 3712 1303 3762 Pind.
1330 3711 1511 3763 Isthm.
1539 3711 1587 3771 3,
1615 3713 1708 3762 58:
1786 3724 1913 3762 suos
1947 3711 2171 3762 comites
2199 3715 2472 3762 coronat.»

1524 4074 1601 4079 ἓ
