3234 4975
1248 448 1450 499 LIBER.
1524 450 1720 499 CARM.
1759 449 1819 498 V.

873 603 1072 671 Petita
1120 604 1292 670 ferro
1335 601 1528 669 belua
1549 602 1582 666 Ῥ

2483 446 2598 513 671

2533 605 2613 669 110

781 724 860 790 Ut
903 723 1065 789 haec
1105 723 1398 790 trementi
1443 732 1718 810 questus
1762 743 1877 789 ore
1922 723 2203 790 constitit

870 843 1232 931 Insignibus
1275 844 1476 932 raptis
1521 864 1713 930 puer,

781 964 1049 1052 lmpube
1094 985 1362 1052 corpus,
1410 963 1604 1054 quale
1650 975 1878 1052 posset
1913 964 2109 1052 impia

868 1084 1112 1152 Mollire
1156 1083 1472 1152 Thracum
1516 1095 1812 1173 pectora,

780 1203 1081 1282 Canidia,
1128 1204 1438 1272 brevibus
1483 1204 1805 1294 implicata
1847 1205 2091 1294 viperis

868 1326 1095 1393 Crines
1140 1336 1205 1392 et
1247 1326 1644 1413 incomptum
1686 1338 1910 1415 caput,

784 1446 968 1514 lubet
1010 1444 1328 1534 sepulcris
1372 1444 1714 1533 caprificos
1758 1456 2014 1523 erutas,

574 1628 655 1677 44.
708 1630 945 1675 tremente
985 1623 1152 1675 Bentl.
1215 1625 1294 1688 (Ut
1326 1636 1449 1684 n08‚
1509 1624 1677 1675 nostri
1712 1625 1767 1673 et
1800 1624 2030 1674 Pottierii
2065 1627 2292 1688 omnes.)
2350 1649 2404 1662 -
2468 1627 2545 1676 43.

499 1702 681 1763 posset]
712 1700 834 1751 solet
865 1701 923 1750 B.
968 1726 1024 1737 —
1062 1700 1142 1749 ⁴5.
1180 1700 1380 1763 illigata
1406 1700 1484 1749 BS
1520 1700 1645 1761 (non
1678 1697 1828 1762 bed).

443 1861 580 1912 quae
607 1848 743 1898 tueri
778 1849 939 1910 atque
974 1844 1330 1896 inviolabilem
1364 1847 1492 1896 red-

1635 1847 1809 1898 45-48.
1859 1846 2102 1911 brevibus]
2137 1847 2338 1898 Eodem
2372 1846 2614 1915 ἐπιθέτῳ

442 1921 572 1972 dere
618 1920 852 1972 debebat
897 1932 1123 1985 puerum
1172 1922 1488 1971 Romanum.
1567 1921 1733 1970 utitur
1765 1920 1914 1971 Ovid.
1952 1925 2012 1972 Α.
2039 1922 2099 1971 Α.
2129 1921 2186 1981 2,
2225 1921 2346 1971 376:
2384 1923 2487 1972 Nec
2510 1923 2617 1974 bre-

443 1994 651 2056 Quintil.
690 1995 836 2046 Deci.
860 1995 982 2046 340:
1017 1995 1127 2057 Ερο
1156 1994 1295 2044 vobis
1328 1995 1493 2059 allego

440 2070 594 2120 etiam
615 2071 780 2132 ipsum
814 2069 938 2119 illud
970 2082 1172 2118 sacrum
1188 2075 1491 2131 praetexta-

438 2157 583 2206 rum,
637 2158 733 2206 quo
776 2146 1054 2194 sacerdotes
1083 2144 1340 2204 velantur,
1395 2158 1492 2206 quo

439 2219 791 2281 magstat-atim
844 2229 942 2278 quo
985 2218 1327 2281 infirmatatem
1362 2230 1492 2278 pue-

439 2292 593 2341 ritiae
643 2305 847 2341 sacram
899 2291 1115 2353 facimus
1168 2305 1231 2340 ac
1277 2303 1492 2340 venera-

441 2365 602 2415 bilem.
646 2391 705 2402 —
740 2367 898 2415 Inane
929 2368 1136 2425 autem,
1190 2366 1491 2428 «quatenus

443 2451 531 2490 me
590 2452 698 2490 non
759 2441 1009 2490 tutatur.»
1065 2465 1124 2475 —
1177 2437 1492 2501 improbatu-

438 2513 587 2578 rum]
652 2513 957 2565 mollissimo
1022 2512 1192 2564 verbo
1248 2511 1490 2563 consulto

441 2588 604 2637 utitur
648 2590 997 2651 experturus,
1049 2600 1117 2637 an
1162 2599 1322 2649 sagae
1357 2587 1489 2636 istae

441 2660 806 2712 misericordia
863 2661 1005 2723 tangi
1061 2663 1295 2724 queant,
1354 2673 1486 2724 pro:

443 2735 890 2796 «vindicaturum,
929 2735 1292 2799 puniturum.»
1319 2759 1377 2770 —
1403 2748 1492 2783 no-

439 2809 623 2874 verca]
681 2811 885 2859 Seneca
943 2810 1187 2873 Excerpt.
1236 2809 1487 2858 Controv.

443 2884 597 2945 4‚6:
652 2884 746 2934 Hic
795 2889 909 2934 tuus
957 2888 1055 2933 est:
1107 2882 1229 2944 quid
1277 2883 1492 2931 alter-iem

439 2958 784 3008 novercalibus
799 2959 925 3007 odiis
946 2955 1191 3006 baveris?
1214 2957 1336 3006 Tac.
1353 2959 1485 3005 Anu,

442 3033 531 3093 42,
553 3034 613 3082 2:
654 3034 881 3083 coniunx
905 3030 1252 3082 novercalibus
1271 3030 1399 3079 odiis
1420 3031 1493 3079 vi-

446 3119 571 3155 sura
620 3106 969 3156 Britannicum
1014 3110 1062 3156 et
1099 3105 1377 3155 octaviam.
1427 3130 1487 3140 —

437 3180 612 3244 Petita]
663 3181 800 3230 «iam
835 3179 938 3230 telo
973 3180 1204 3239 confixa,
1254 3179 1488 3230 saucia.»

506 3254 561 3303 44
585 3280 615 3290 -
637 3253 716 3305 44.
775 3254 1052 3317 Insignibus
1098 3253 1276 3317 raptis]
1328 3266 1490 3317 prae-

441 3329 580 3377 texta
617 3329 673 3376 et
711 3326 880 3387 bulla,
931 3327 999 3377 de
1035 3341 1141 3391 qua
1186 3328 1294 3378 Cic.
1332 3329 1483 3377 Verr.

439 3404 630 3451 Aecus.
681 3402 745 3462 4,
799 3403 898 3452 58:
960 3403 1102 3463 Quod
1138 3407 1490 3452 momentum

435 3474 686 3536 pueritiae
743 3480 894 3536 pater
946 3476 1183 3536 dederat,
1250 3477 1491 3525 indicium

441 3554 593 3610 atque
639 3547 833 3611 insiyno
877 3548 1127 3611 fortunae.
1183 3573 1241 3584 —
1288 3549 1491 3611 Impube

441 3621 638 3685 corpus]
665 3621 756 3671 Est
777 3622 1037 3685 appositio
1059 3634 1111 3670 v.
1132 3634 1289 3683 puer:
1332 3635 1489 3672 «cum

441 3696 615 3746 nudus
649 3696 1030 3745 destitueretur
1060 3707 1091 3743 a
1126 3696 1294 3759 sagis,
1333 3708 1491 3746 eum-

441 3783 547 3834 que
591 3769 829 3820 nondum
870 3768 938 3818 ad
981 3768 1326 3833 pubertatem
1361 3784 1491 3835 per-—

439 3845 653 3895 venisse
715 3844 1001 3906 appareret
1057 3842 1171 3906 (qui
1238 3848 1488 3908 aspectus

439 3916 643 3967 mollire
702 3920 887 3980 posset
949 3917 1213 3966 immanes
1273 3930 1486 3981 quoque

438 3989 744 4051 barbaros),
784 3989 1001 4040 Canidia
1025 3991 1161 4039 cet.»
1197 3991 1366 4039 Nemo
1388 4002 1487 4053 pro

439 4066 587 4117 certo
630 4077 773 4114 nunc
815 4075 920 4113 non
957 4065 1212 4125 agnoscet
1249 4063 1487 4127 protasin

439 4152 561 4191 esse
609 4140 668 4189 Ut
715 4139 938 4188 haoc—-
963 4139 1208 4187 Thraciam
1248 4142 1484 4200 pectora,

438 4213 697 4278 apodosin
740 4212 920 4262 autem
956 4211 1170 4262 Canidia
1199 4214 1332 4272 cet.,
1380 4224 1483 4274 qua

439 4287 507 4336 de
543 4301 600 4336 re
635 4286 763 4338 olim
797 4284 1159 4349 ambigebant.

1563 1997 1642 2046 vis
1705 1997 1889 2060 imaro
1939 1998 2119 2059 vipera
2176 1998 2315 2047 laesa
2357 1999 2505 2058 pede,
2561 1999 2615 2048 id

1567 2073 1685 2132 est,
1745 2070 1909 2121 brevis
1959 2070 2202 2135 quidem,
2273 2084 2462 2135 parva,
2518 2072 2615 2123 sed

1567 2144 1763 2195 eadem
1783 2150 2030 2195 venenata
2052 2151 2098 2195 et
2115 2146 2353 2209 pestifera
2366 2185 2383 2206 ,
2422 2159 2619 2210 quem-

1566 2218 1861 2268 admodum
1916 2232 2037 2269 eam
2092 2221 2249 2270 vocat
2305 2219 2491 2269 Orator
2546 2219 2615 2269 de

1566 2293 1794 2355 Harusp.
1833 2304 1975 2354 resp.
2012 2291 2094 2341 24.
2137 2320 2191 2329 —
2245 2294 2505 2354 implicata
2534 2296 2617 2343 vi-

1557 2366 1699 2428 peris
1732 2365 1921 2426 Crines]
1978 2366 2142 2416 instar
2193 2368 2495 2427 Furiarum,
2555 2372 2615 2418 ut

1567 2441 1666 2491 has
1716 2452 1900 2503 magas
1950 2441 2108 2491 vocat
2155 2441 2262 2491 Sat.
2318 2443 2372 2503 4,
2427 2443 2485 2503 8,
2530 2442 2611 2492 45.

1565 2517 1651 2565 Sic
1699 2515 1947 2565 Erichtho
2002 2512 2085 2564 illa
2138 2516 2332 2566 Lucani
2384 2517 2442 2578 6,
2490 2517 2610 2567 654:

1564 2589 1796 2639 Discolor
1860 2593 1907 2638 et
1968 2589 2116 2638 vario
2183 2589 2390 2651 furialis
2457 2592 2619 2640 culeus

1574 2663 1765 2711 amictu
1811 2663 2046 2712 Induitur
2090 2663 2347 2724 voltusque
2387 2666 2618 2725 aperitur

1563 2737 1702 2785 crine
1732 2741 1924 2786 remoto
1955 2737 2023 2785 Et
2061 2750 2206 2786 coma
2248 2739 2459 2800 vipereis
2505 2737 2618 2787 sub-

1563 2809 1831 2874 stringitur
1862 2810 2076 2859 horrida
2104 2811 2266 2861 sertis.
2309 2838 2364 2848 —
2410 2813 2617 2863 Memo-

1567 2881 1748 2933 rabilis
1783 2896 1912 2934 sane
1948 2885 2030 2934 est
2072 2882 2229 2933 lectio
2275 2885 2351 2934 BS
2385 2885 2611 2949 illigata,

1565 2970 1729 3021 quam
1784 2970 1960 3021 neque
2028 2960 2296 3009 Gesnerus
2357 2972 2458 3010 nec
2514 2961 2615 3009 Fea

1566 3032 1857 3091 memorat,
1905 3044 2081 3096 neque
2116 3033 2168 3082 in
2202 3033 2313 3083 suls
2356 3046 2617 3097 reppere-

1563 3107 1687 3155 runt
1743 3102 2022 3156 oberlinus
2065 3108 2119 3156 et
2169 3107 2465 3157 Pottierius.
2525 3108 2618 3157 Est

1565 3182 1746 3229 tamen
1791 3192 1821 3228 e
1857 3177 2015 3241 gloss.
2069 3205 2124 3215 —
2170 3181 2463 3245 caprificos]
2511 3184 2616 3230 Ca-

1563 3253 1784 3318 priflcus
1829 3254 1975 3303 nasci
2027 3252 2164 3304 solet
2212 3254 2351 3304 inter
2391 3267 2519 3304 saxa
2561 3255 2617 3304 et

1564 3341 1767 3378 muros.
1804 3329 1986 3378 Iuven.
2015 3328 2104 3388 40,
2143 3327 2264 3377 ⁴43:
2304 3329 2469 3377 laudis
2501 3328 2618 3376 titu-

1561 3404 1696 3465 lique
1736 3403 1918 3464 cupido
1960 3402 2174 3451 Haesuri
2216 3402 2360 3449 savis
2391 3401 2617 3450 cinerum

1561 3476 1871 3535 cuswdtbus,
1907 3476 1978 3524 ad
2011 3487 2141 3536 quae
2170 3475 2497 3524 Discutienda
2515 3488 2616 3522 va·-

1562 3552 1663 3600 lent
1694 3550 1876 3600 sterilis
1905 3547 2048 3598 mala
2077 3547 2265 3597 robora
2292 3548 2433 3609 ficus.
2480 3547 2617 3596 Mar-

1563 3623 1665 3674 tial.
1705 3624 1793 3683 40,
1830 3624 1889 3682 2,
1934 3621 1992 3671 9:
2047 3623 2315 3671 Marmora
2355 3620 2600 3670 Messalae

1558 3691 1705 3761 findit
1734 3697 2018 3760 caprificus.
2074 3695 2136 3744 Η.
2174 3692 2208 3743 l.
2246 3693 2482 3757 caprifici
2514 3707 2612 3744 na-

1564 3773 1648 3820 tae
1682 3771 1735 3820 in
1758 3768 2167 3834 sepulchrorum
2198 3767 2492 3830 parietibus
2514 3769 2616 3819 im-

1561 3845 1747 3909 primis
1770 3844 2017 3895 efficaces
2041 3843 2166 3893 sunt
2196 3841 2267 3891 ad
2300 3842 2613 3892 incantatio-

1561 3931 1682 3978 nes,
1754 3931 1888 3981 quas
1954 3917 2239 3981 praeparat
2304 3927 2446 3977 saga.
2528 3918 2613 3966 Sic

1561 3992 1785 4040 Theocr.
1801 3992 1852 4049 ὃ,
1874 3991 1961 4040 424
1983 4004 1995 4039 :
2022 3987 2264 4050 Σκιλλας
2289 3983 2391 4038 idm
2409 3991 2612 4059 γραίας

1561 4058 1683 4112 ἀπὸ
1723 4059 1990 4128 σάματος
2022 4057 2232 4115 αὔτικα
2263 4060 2492 4126 τίλλοις.
2553 4092 2605 4100 -

1560 4136 1762 4201 erutas]
1801 4136 2005 4187 «multo
2049 4150 2175 4188 cum
2217 4136 2401 4188 labore
2449 4137 2613 4187 effos-

1561 4223 1651 4260 sas
1693 4223 1757 4260 ex
1803 4209 2091 4275 lapidibus,
2144 4210 2340 4274 quibus
2386 4210 2612 4260 firmiter

1559 4284 1928 4335 retinebantur
1982 4297 2167 4335 earum
2223 4283 2489 4334 radices.»
2551 4308 2605 4318 —-
