3234 4975
1257 410 1374 460 Lm.
1413 412 1450 460 1.

1524 411 1770 462 c.xxv.
2450 412 2572 477 ⁴43

830 563 1120 630 Gaudeat
1163 564 1337 651 pulla
1381 566 1585 653 magis
1630 576 1824 654 atque
1868 578 2119 656 myrt0,

829 684 1053 750 Aridas
1097 684 1358 752 frondes
1403 684 1635 753 hiemis
1678 687 1884 754 sodali

995 806 1262 873 Dedicet
1307 807 1543 874 Hebro.

2488 815 2571 879 20

532 1062 612 1110 20.
681 1061 822 1110 Euro
870 1064 1087 1111 auctore
1139 1061 1413 1123 Rutgersio
1456 1061 1726 1113 Bentleius
1772 1066 1824 1113 et
1867 1065 1945 1115 sic
1991 1065 2099 1115 iam
2139 1065 2303 1117 Aldus
2356 1069 2498 1118 ⁴50⁴.

473 1136 637 1193 ⁴509„
677 1150 740 1184 ex
774 1148 1002 1199 quarum
1036 1133 1199 1185 altera
1236 1139 1352 1184 utra
1387 1136 1547 1186 lulius
1582 1138 1783 1188 Caesar
1815 1138 2048 1203 Scaliger
2082 1142 2276 1192 Poetic.
2301 1155 2353 1207 p.
2381 1143 2493 1194 340.

468 1211 608 1261 hunc
652 1209 830 1260 locum
871 1210 1101 1261 afferens
1147 1211 1275 1261 item
1317 1210 1482 1261 habet
1525 1211 1683 1261 Euro.
1764 1214 1823 1265 ln
1858 1213 1972 1264 Ald.
2014 1215 2158 1264 4549.
2197 1219 2501 1268 correctum

469 1287 551 1334 est
587 1284 766 1335 Hebro.

401 1510 624 1573 niodo-590
664 1508 1054 1573 yraulo’chfflne
1099 1510 1335 1571 Myrtea,
1388 1511 1447 1558 ut
1521 1509 1685 1561 iactas
1708 1512 2056 1575 contemptim
2078 1515 2346 1576 spargunt.
2380 1543 2433 1552 —
2467 1518 2569 1568 Do-

402 1585 604 1634 Goethii
637 1583 817 1635 verbis
851 1587 971 1635 utar
1003 1585 1058 1635 in
1091 1584 1206 1634 ltin.
1246 1583 1356 1634 Ital.
1384 1586 1441 1635 Τ.

400 1659 574 1709 xxm.
613 1659 744 1722 Opp.
781 1671 835 1722 p.
875 1659 991 1708 ⁴0.»
1025 1660 1175 1708 lacon
1206 1660 1441 1719 Quaestt.

403 1746 486 1796 ep.
523 1745 576 1796 p.
615 1734 694 1785 78.
733 1733 881 1782 Ovid.
919 1736 979 1783 Α.
1015 1736 1076 1783 Α.
1114 1733 1163 1793 3,
1190 1734 1313 1784 69οε
1349 1735 1446 1783 Ros

398 1809 558 1857 waaris
589 1812 636 1857 et
655 1808 792 1857 lam-i
813 1809 1060 1871 nim-aque
1079 1813 1275 1870 mur-tm
1295 1810 1440 1858 olovtt.

405 1910 460 1919 —
502 1884 838 1942 «Iuventus»,
876 1884 1070 1946 inquit,
1107 1885 1197 1933 «ut
1219 1895 1443 1933 coronas

401 1961 644 2007 recentes
665 1957 898 2008 hederae
923 1961 1082 2022 atque
1106 1960 1266 2021 myrti
1290 1972 1444 2022 prae-

400 2031 502 2081 fert
553 2032 1026 2093 flaccescentibus,
1096 2034 1166 2083 ita
1228 2038 1441 2083 teneras

399 2105 602 2171 puellas
635 2106 728 2157 tibi
765 2110 871 2158 iam
906 2106 1167 2158 vetulae.»
1238 2108 1440 2159 Eadem

398 2179 644 2244 allegoria
678 2182 773 2231 Od.
811 2182 860 2241 4,
898 2183 979 2243 43,
1006 2183 1054 2231 9.
1093 2184 1441 2245 aridasquer-

397 2269 499 2304 cus
536 2255 830 2306 Archiloch.
869 2258 1073 2319 Fragm.
1111 2257 1436 2320 9⁴.Be1·gk.:

399 2324 602 2380 Ov’ne‘ffl
673 2324 834 2395 ὅμως
906 2328 1136 2394 θάλλεις
1209 2325 1439 2381 ἁπαλὸν

399 2402 564 2476 χρόα·
588 2401 869 2475 κάρφεται
891 2400 1001 2494 γὰρ
1022 2400 1152 2472 ἤδη.
1187 2404 1436 2468 Aeschyl-

396 2483 579 2543 Agam.
606 2480 697 2530 79:
735 2476 814 2531 Τό
848 2480 902 2530 θ’
940 2474 1276 2553 ὑπέργηρων
1297 2477 1440 2542 φυλ-

398 2552 569 2617 λάδος
602 2549 714 2621 ἧδη
747 2556 1286 2641 Κατακαρφομένης
1316 2556 1438 2627 τρι-

399 2628 578 2692 ποόας
609 2629 718 2695 μὲν
753 2624 926 2693 ὁδοὺς
947 2630 1184 2691 Στειχει.
1225 2630 1433 2681 Anthol.

397 2704 503 2755 Pal.
541 2707 600 2755 11.
626 2719 679 2769 p.
705 2705 829 2756 426:
865 2703 969 2757 νῦν
1000 2703 1048 2755 δ’
1083 2704 1434 2777 ἐμαράνθης,

398 2776 622 2850 Γήραος
654 2776 936 2850 αὐχμηρῷ
970 2783 1310 2853 καθφομένη
1346 2780 1441 2830 θέ-

398 2855 499 2924 ρεϊ.
557 2857 666 2905 Nec
698 2856 874 2905 differt
904 2856 1112 2907 Anthol.
1150 2856 1257 2908 Pal.
1294 2859 1356 2907 Π.
1380 2870 1433 2920 p.

399 2928 510 2979 483.
553 2925 627 2979 τὰ
668 2928 903 2980 παιδικὰ
945 2932 989 2980 si
1027 2931 1188 2981 infida
1225 2931 1435 2990 fuerint,

397 3001 613 3074 μύρτον
662 2997 843 3054 ἕωλον
892 2998 1183 3076 Ἕῤῥίφθω
1239 3002 1438 3076 ξηροῖς

397 3078 728 3150 φυρόμενον
761 3077 1094 3143 σκυβάλοις.
1156 3084 1299 3132 Pers.
1327 3083 1432 3131 Sat.

397 3155 446 3214 5,
482 3154 573 3203 59:
605 3156 786 3204 veteris
815 3155 1040 3205 ramalia
1069 3156 1193 3219 [αφ’.

460 3230 542 3278 20.
577 3229 784 3290 HebruS,
822 3229 1013 3280 fluvius
1035 3231 1305 3290 Thraciae,
1332 3232 1439 3279 ter-

398 3316 488 3352 rae
532 3303 925 3365 frigidissimam
978 3305 1086 3354 iam
1130 3317 1254 3354 cum
1296 3306 1434 3354 circa

397 3375 635 3427 Hebrum
682 3378 896 3428 assidue
945 3381 1185 3429 moretur
1232 3380 1431 3440 Hiems,

397 3451 480 3501 ille
534 3452 691 3503 huius
743 3453 927 3502 sodalis
990 3452 1306 3517 appellatur,
1376 3456 1437 3503 ut

397 3524 714 3577 Claudianus
754 3525 881 3577 Bell.
929 3529 1042 3576 Get.
1079 3527 1192 3577 339.
1262 3530 1438 3579 Danu-

395 3599 544 3649 bium
585 3602 640 3650 et
671 3601 914 3652 Rhenum
953 3602 1145 3651 Boreae
1185 3604 1439 3664 Martique

395 3675 583 3724 rodda
611 3679 784 3735 vocat,
822 3678 877 3726 et
908 3676 1003 3726 Od.
1042 3677 1103 3737 3,
1131 3676 1223 3738 48,
1259 3679 1306 3728 6.
1351 3679 1438 3727 Ve-

394 3749 530 3798 neris
559 3750 743 3799 sodalis
776 3751 858 3802 est
889 3753 1115 3802 cratera.
1153 3751 1210 3801 In
1232 3751 1434 3802 flumen

1519 1585 1665 1648 dicet]
1723 1586 1931 1637 iocose:
1993 1588 2309 1652 «tamquam
2364 1589 2566 1644 donum

1518 1658 1721 1721 glaciali
1789 1661 2008 1710 flumine
2068 1661 2287 1724 dignum
2354 1665 2564 1718 inutiles

1516 1732 1631 1784 illas
1677 1734 1892 1785 frondes
1928 1736 1975 1801 ei
2012 1736 2215 1796 tmdat,
2266 1737 2563 1790 immittat.»

1519 1809 1629 1857 Nec
1662 1821 1792 1859 vero
1825 1811 2017 1873 poetae
2040 1811 2272 1861 curanda
2296 1816 2413 1863 erat
2432 1814 2567 1864 diffl-

1517 1880 1684 1931 cultas
1728 1896 1758 1932 a
1791 1881 2028 1933 Bentleio
2073 1887 2243 1945 mota,
2293 1889 2562 1950 quomodo

1515 1955 1631 2005 fleri
1664 1958 1912 2019 potuerit,
1950 1960 2008 2007 ut
2047 1958 2293 2011 iuventus
2327 1963 2562 2013 Romana

1514 2030 1691 2080 aridas
1708 2029 1820 2081 illas
1839 2030 2053 2083 frondes
2072 2033 2268 2095 Hebro,
2289 2039 2433 2087 amni
2451 2039 2563 2090 tam

1512 2109 1739 2166 remoto,
1772 2107 2059 2157 dedicaret.
2104 2110 2167 2159 Et
2194 2110 2387 2161 Hebrus
2406 2114 2563 2177 poni-

1512 2182 1597 2229 tur
1626 2194 1724 2244 pro
1756 2181 1915 2231 fluvio
1950 2195 2268 2247 quocunque
2296 2185 2481 2250 frigido
2508 2191 2563 2239 et

1512 2267 1757 2306 amoene.
1817 2255 2042 2307 Alcaeus
2092 2257 2276 2321 Bergk.
2332 2273 2384 2325 p.
2434 2263 2557 2313 59⁴:

1500 2322 1710 2401 Ἕβρος
1746 2327 2052 2394 κάλλιστος
2090 2331 2385 2399 ποτάμων.
2426 2338 2562 2386 The-

1511 2419 1622 2455 ocr.
1648 2407 1695 2465 7,
1718 2405 1842 2456 ⁴⁴⁴:
1866 2404 2077 2471 El'vycd
2094 2400 2561 2495 Ἠδωνῶνμὲνέν

1511 2495 1684 2552 ωρεσι
1714 2482 1945 2545 χείματι
1974 2482 2177 2548 μέσσῳ
2203 2475 2413 2571 Ἕβρον
2443 2480 2561 2574 πὰρ

1510 2553 1775 2620 ποταμὸν
1792 2558 2180 2626 τετραμμένος
2198 2555 2493 2623 symma*
2451 2577 2559 2631 αρ-

1509 2645 1668 2681 κτου.
1693 2631 1771 2680 De
1791 2630 1983 2681 eadem
2002 2630 2305 2683 difficultate
2324 2634 2393 2684 ad
2412 2635 2553 2698 Vir-g.

1509 2707 1640 2755 Aen.
1678 2705 1736 2764 4,
1791 2705 1913 2754 347;
1958 2707 2301 2767 praevertitur
2339 2708 2558 2758 Hebrum

1512 2778 1594 2842 (al.
1647 2778 1862 2843 Εωνη)
1920 2782 2170 2829 accurate
2223 2779 2560 2845 disputarunt

1511 2854 1749 2917 Heynius
1792 2856 1848 2903 et
1890 2854 2207 2917 Wagnerus.
2280 2856 2552 2919 Ceterum,

1512 2928 1816 2991 ubicunque
1873 2927 1983 2978 fere
2048 2928 2238 2979 Heln-us
2288 2942 2320 2980 a
2386 2932 2561 2995 poetis

1511 3005 1857 3063 memoratur,
1896 3003 2072 3052 critici
2107 3003 2344 3054 mutandi
2378 3005 2554 3069 cupidi

1511 3079 1787 3138 exstitere,
1846 3076 1991 3126 velut
2044 3076 2130 3127 Sil.
2191 3078 2301 3128 ltal.
2356 3081 2405 3140 2,
2461 3080 2553 3131 74:

1508 3166 1757 3215 cursuque
1806 3153 2028 3216 sativam
2075 3153 2295 3204 Hebrum
2342 3156 2557 3218 innupta

1507 3241 1690 3277 manus
1752 3228 2088 3277 Burmannus
2154 3228 2369 3279 volebat
2417 3230 2556 3280 Hae-

1505 3316 1661 3352 mum.
1703 3301 2122 3365 (unemotissimo
2140 3302 2392 3353 Thraciae
2411 3306 2555 3354 amni

1510 3389 1669 3426 nemo
1722 3377 1922 3425 Romae
1977 3376 2178 3438 degens
2228 3375 2556 3427 dedicaverit

1508 3450 1685 3501 aridas
1708 3449 1940 3501 frondes.
1978 3452 2163 3514 Neque
2196 3454 2374 3501 tamen
2397 3465 2554 3502 rece-

1508 3529 1680 3591 perim
1714 3526 2073 3575 coniecturam
2108 3526 2271 3586 Euo-0,
2316 3524 2415 3575 sed
2450 3524 2555 3575 bo—

1510 3615 1640 3652 num
1684 3600 2001 3651 dormitasse
2048 3599 2336 3649 Homerum
2377 3599 2555 3649 credi-

1508 3676 1711 3733 derim,
1764 3675 2041 3725 inductum
2084 3675 2304 3725 sortasse
2350 3676 2555 3725 Graeco

1508 3750 1655 3815 quod
1680 3749 1984 3800 imitabatur
2005 3747 2301 3812 exemplo.»
2340 3748 2555 3799 Srmm

398 3824 551 3886 igitur
597 3836 822 3876 coronas
862 3826 970 3876 iam
1013 3826 1182 3877 victas
1226 3828 1281 3876 et
1312 3839 1435 3876 are-
1508 3827 1695 3877 Gomm.
1729 3824 1851 3874 Hor.
1889 3824 2027 3886 spec.
2066 3823 2129 3873 11.
2166 3836 2220 3887 p.
2257 3822 2360 3885 27.)
