3234 4975
1148 457 1266 505 LIB.
1317 456 1397 506 lv,
1471 458 1528 505 C.
1566 456 1694 505 XIII.

2472 456 2596 518 609

766 613 1037 676 Lentum
1081 610 1402 678 sollicitas,
1492 610 1602 677 Ille
1646 612 1911 678 virentis
1956 622 2020 677 et

853 734 1094 799 Doctae
1139 731 1418 819 psallere
1469 732 1666 799 Chiae

947 852 1238 919 Pulchris
1283 851 1561 918 excubat
1605 853 1669 917 in
1712 853 1918 941 genis.

770 1014 1177 1098 Importunus
1221 1011 1392 1077 enim
1437 1010 1786 1077 transvolat
1829 1011 2044 1077 aridas

771 1133 1069 1211 Quercus
1110 1141 1176 1197 et
1218 1131 1449 1218 refugit
1491 1142 1583 1207 te,
1634 1132 1786 1219 quia
1831 1131 2021 1197 luridi

2517 1133 2598 1197 ›10

855 1254 1128 1330 DenteS,
1176 1263 1239 1320 te
1281 1254 1436 1339 quia
1480 1274 1680 1342 rugae

944 1376 1226 1461 Turpant
1268 1384 1332 1441 et
1374 1374 1599 1461 capitis
1645 1374 1843 1447 nives,

767 1533 900 1599 Nec
946 1533 1117 1598 Coae
1161 1532 1447 1599 referunt
1490 1533 1620 1598 iam
1662 1532 1776 1598 tibi
1823 1553 2152 1620 purpurae

772 1654 905 1719 Nec
948 1652 1101 1720 clari
1146 1652 1397 1739 lapides
1443 1662 1763 1740 tempora,
1813 1675 1982 1741 quae
2027 1653 2231 1720 semel

566 1842 646 1891 40.
683 1842 904 1891 Frondes
936 1855 1073 1892 unus
1106 1843 1363 1891 Torrentii
1399 1855 1464 1892 ex
1499 1843 1677 1892 Carm.
1718 1843 1867 1904 ⁴‚25
1890 1881 1903 1905 ,
1932 1843 2010 1892 49.
2052 1871 2106 1879 —-
2146 1841 2226 1892 ⁴4.
2263 1844 2375 1892 cari
2392 1842 2534 1903 bST,

499 1914 735 1967 Blandin.
790 1917 1101 1980 antiquiss,
1154 1914 1296 1976 βκ,0
1333 1919 1389 1966 et
1430 1915 1699 1967 Bentleius
1744 1916 2022 1980 (probante
2070 1914 2321 1967 Paldamo
2362 1916 2532 1967 Rhoin.

500 1992 633 2040 Mus.
670 1992 734 2039 Ν.
771 1991 828 2040 F.
864 1991 948 2041 Vl.
986 2004 1040 2055 p.
1079 1991 1212 2055 633.)
1237 2030 1249 2051 ,
1285 1991 1402 2040 rari
1435 2004 1705 2054 superscr.
1744 1992 1799 2040 in
1832 1990 1885 2040 b.
1927 1991 2005 2054 (Ut
2038 2004 2164 2053 nos,
2200 1992 2318 2055 Bd.)

433 2160 694 2207 saevus»,
747 2150 808 2197 ut
855 2161 1017 2212 saepe
1064 2148 1207 2212 apud
1251 2149 1359 2198 Cic.
1411 2148 1480 2198 de

435 2222 670 2283 tyrannis
713 2224 873 2285 atque
921 2222 1224 2272 hominibus
1268 2224 1483 2272 iracun-

435 2294 516 2343 dis
541 2297 594 2344 et
616 2293 940 2345 crudelibus.
974 2297 1075 2346 Pro
1098 2296 1227 2345 Rab.
1254 2295 1407 2359 perd.
1436 2310 1479 2345 r.

436 2369 503 2416 5:
539 2381 606 2416 ex
636 2368 729 2417 illa
760 2369 982 2429 cntdeli,
1029 2371 1347 2430 importuna,
1382 2384 1485 2420 non

435 2442 709 2500 tribunicia
772 2443 995 2504 actione,
1065 2445 1148 2493 sed
1201 2445 1362 2508 reyia.
1423 2469 1477 2480 —

434 2517 612 2566 avidas
646 2516 888 2580 Quercus]
942 2518 1026 2566 Sic
1075 2520 1259 2567 Graeci
1306 2520 1486 2569 homi-

436 2602 535 2640 nes
559 2590 711 2639 senio
742 2590 1015 2641 confectos
1036 2588 1353 2662 γεράνδρυα
1385 2605 1485 2642 vo-

438 2665 576 2713 cant.
647 2665 782 2713 Item
806 2663 901 2713 Od.
929 2666 949 2714 4
977 2703 988 2726 ,
1014 2666 1103 2726 25,
1132 2665 1153 2713 4
1164 2666 1211 2714 9.
1264 2665 1485 2727 Lydiam

440 2751 566 2788 cum
597 2738 758 2787 aridis
782 2738 1042 2800 frondibus
1076 2741 1369 2802 comparat.
1423 2741 1488 2790 Et

437 2813 587 2861 Pers.
614 2812 645 2860 ὅ
663 2848 675 2872 ,
702 2812 797 2860 59:
831 2814 1011 2862 veteris
1029 2814 1253 2861 ramalia
1273 2813 1399 2876 Γηρᾶ.
1426 2841 1481 2848 -

437 2885 533 2935 Alii
567 2886 744 2936 minus
778 2888 901 2951 apte
937 2887 1293 2950 distinguunt:
1344 2888 1487 2950 refu·-

439 2961 515 3023 9⁴⁶
548 2964 622 3021 te,
678 2962 800 3021 quia
833 2961 989 3011 luridi
1019 2963 1203 3012 Dentes
1242 2968 1311 3023 to,
1366 2963 1489 3024 quia

439 3046 605 3097 ruyae
627 3037 761 3096 cet.,
801 3033 903 3096 alii,
929 3039 990 3085 ut
1011 3036 1139 3087 lahn
1163 3051 1173 3085 :
1209 3036 1413 3100 refugit,
1441 3041 1487 3085 te

436 3108 561 3169 quia
594 3108 749 3157 luridi
776 3110 959 3159 Dentes
978 3147 990 3170 ‚
1028 3115 1075 3159 te
1104 3111 1228 3172 quia
1251 3112 1353 3160 cet.
1426 3111 1485 3159 ln

435 3185 614 3231 nostra
651 3183 1012 3242 distinctione,
1052 3197 1214 3248 quam
1236 3182 1488 3248 praetulit

433 3254 803 3319 Dillenburger
834 3272 953 3322 pag.
981 3258 1063 3309 99.
1082 3296 1094 3318 ,
1133 3256 1388 3322 particula
1419 3262 1484 3318 et,

437 3331 495 3378 ut
540 3330 625 3381 ille
669 3335 839 3393 notat,
903 3336 1014 3383 vim
1066 3336 1334 3398 quandam
1386 3335 1488 3384 ha-

434 3403 531 3453 bet
579 3409 1006 3457 consecutivam:
1069 3411 1155 3458 «et
1201 3412 1484 3473 propterea

435 3477 627 3541 refugit
649 3480 757 3529 te.»
784 3506 842 3516 —
879 3482 1048 3545 luridi]
1088 3482 1293 3533 «illuvie
1328 3495 1489 3545 squa-

439 3549 530 3600 lidi
582 3554 639 3601 et
678 3555 856 3603 crocei
908 3556 1154 3605 coloris.»
1200 3582 1256 3591 —
1308 3557 1488 3617 capitis

434 3625 594 3688 nives]
640 3628 915 3689 Antipater
954 3628 1138 3678 Thess.
1176 3630 1331 3679 Anth.
1374 3629 1480 3679 Pal.

436 3700 476 3748 1.
514 3711 635 3762 pag.
689 3700 806 3749 248.
859 3713 1049 3750 senem
1097 3704 1255 3751 vocat
1302 3699 1483 3768 πολιῷ

435 3769 616 3841 γήραϊ
656 3770 994 3837 νιφόμενον.
1075 3774 1286 3833 Quintil.
1324 3777 1385 3836 8,
1425 3777 1481 3836 6,

438 3847 527 3895 ⁴7:
581 3851 697 3895 sum
739 3852 786 3895 et
818 3849 1003 3908 durae,
1056 3849 1110 3896 id
1140 3853 1246 3908 est,
1307 3862 1342 3896 α
1373 3848 1486 3896 lon-

435 3920 629 3982 qinquo
675 3921 996 3970 similitudine
1037 3923 1215 3971 ductae
1259 3922 1486 3971 transla-

436 3994 620 4056 tiones,
655 3999 713 4044 ut
746 3996 930 4058 capitis
965 3995 1132 4044 nives.

503 4068 721 4118 43-46.
793 4069 1279 4136 Coae-purpurae]
1347 4069 1485 4118 seri-

437 4155 534 4192 cae
571 4156 638 4192 ex
672 4141 848 4193 subtili
875 4142 1201 4206 bombycino
1225 4141 1313 4192 filo
1355 4155 1487 4192 con-

1556 2162 1621 2198 ac
1654 2163 1827 2213 paene
1870 2148 2196 2214 pellucidae,
2250 2148 2446 2213 quibus
2479 2151 2605 2199 tunc

1555 2224 1714 2273 huius
1737 2226 1950 2285 generis
1983 2223 2261 2274 libertinae
2298 2223 2603 2274 utebantur.

1557 2297 1663 2345 Sat.
1692 2297 1748 2356 4,
1774 2298 1836 2355 2,
1864 2298 1989 2347 ⁴0⁴:
2027 2297 2611 2359 Goistibipaenevidero

1556 2374 1628 2418 est
1654 2370 1713 2417 Ut
1732 2371 1939 2419 nudam.
1978 2368 2163 2419 Tibull.
2190 2372 2247 2430 2,
2276 2370 2307 2420 3
2326 2409 2337 2430 ,
2364 2370 2453 2419 56:
2515 2370 2610 2420 Illa

1561 2443 1836 2507 (Nemesis)
1872 2449 2018 2508 gerat
2047 2448 2201 2493 vestes
2230 2448 2422 2506 tenues,
2478 2456 2606 2505 quas

1555 2518 1747 2580 sentina
1779 2519 1883 2569 Coa
1918 2519 2093 2568 Tenuit
2109 2557 2127 2579 ‚
2180 2523 2395 2567 auratas
2436 2519 2605 2579 dispo-

1559 2592 1755 2654 suitque
1784 2594 1912 2643 vias.
1949 2595 2009 2654 2,
2033 2592 2094 2654 4,
2121 2593 2213 2642 29:
2253 2598 2300 2642 ot
2330 2593 2434 2643 Coa
2462 2593 2607 2654 puel-

1559 2667 1622 2715 lis
1657 2667 1806 2716 Vestis
1842 2673 1888 2716 et
1927 2681 1954 2717 e
1987 2667 2143 2716 rubro
2196 2667 2367 2716 lucida
2418 2667 2609 2716 concha

1558 2742 1711 2790 mari.
1752 2741 1921 2802 (Hom.
1961 2741 2156 2803 Hymn.
2200 2741 2255 2789 in
2286 2738 2453 2804 Apoll.
2490 2739 2605 2790 Del.

1561 2813 1654 2864 42:
1734 2809 1902 2876 Κόως
1950 2828 2036 2873 τε,
2113 2810 2282 2876 πόλις
2322 2810 2608 2884 Μερόπων

1560 2880 1899 2958 ἀνθρώπων.
1937 2885 2202 2951 Meleager
2235 2888 2287 2937 in
2311 2887 2465 2937 Anth.
2494 2886 2602 2938 Pal.

1561 2963 1624 3011 ll.
1661 2960 1791 3012 466:
1846 2957 2111 3026 Ὀλβίστη
2147 2960 2428 3032 Μερόπων
2485 2957 2611 3033 ἱερὰ

1562 3033 1766 3099 πόλις.)
1808 3064 1862 3071 -
1911 3037 2042 3086 clari
2075 3036 2288 3100 lapidos]
2344 3037 2612 3087 «uniones

1558 3109 1808 3174 pellucidi
1870 3123 1934 3159 ac
1984 3108 2455 3173 resplendentes»
2526 3110 2611 3160 Sic

1559 3198 1742 3234 raram
1776 3189 1959 3234 vestem
1996 3186 2050 3234 et
2076 3184 2366 3246 pellucidum
2411 3185 2615 3234 delicias

1560 3259 1744 3321 lapidis
1775 3259 1940 3322 iungit
1975 3256 2163 3309 Catull.
2202 3259 2295 3320 69,
2333 3258 2382 3308 3.
2419 3257 2607 3308 Tibull.

1563 3334 1619 3393 4,
1668 3333 1729 3392 8,
1778 3332 1875 3382 39;
1944 3333 2058 3382 Non
2102 3333 2233 3394 lapis
2278 3332 2435 3395 (unio)
2482 3332 2613 3381 hanc

1558 3419 1879 3468 gemmaeque
1898 3407 2067 3455 iuvent
2088 3408 2191 3455 cet.
2228 3406 2407 3454 Lectio
2430 3407 2611 3453 autem

1559 3481 1690 3530 clari
1722 3479 1807 3528 vel
1844 3482 2064 3543 propter
2095 3476 2393 3547 ἐνάργειαν
2428 3474 2610 3526 oculos

1560 3555 1869 3603 moventem
1920 3552 2271 3615 praeferenda
2320 3550 2433 3601 aliis
2477 3551 2608 3612 cari,

1559 3629 1690 3677 rari.
1742 3628 1850 3677 Cic.
1887 3629 2013 3676 Acc.
2052 3627 2104 3675 in
2128 3626 2188 3675 V.
2216 3625 2272 3686 4,
2299 3626 2391 3675 27:
2422 3626 2613 3688 pocula

1557 3703 1765 3765 ammes
1797 3702 2032 3751 distincta
2068 3700 2375 3749 clarissimis.
2433 3702 2608 3763 Atque

1561 3775 1845 3824 recordare
1868 3813 1880 3835 ,
1919 3788 2023 3838 qua
2059 3772 2345 3837 cupiditate
2381 3774 2611 3825 Corinna

1560 3850 1813 3899 meretrix
1860 3849 2003 3912 apud
2048 3849 2262 3897 Lucian.
2300 3846 2432 3898 Dial.
2471 3861 2606 3899 mer.

1560 3923 1615 3983 6,
1645 3923 1693 3971 4.
1732 3922 1833 3973 sibi
1857 3925 2006 3986 optet
2029 3917 2281 3986 ψήφους
2315 3913 2478 3984 τινσίς
2500 3936 2610 3972 πυ-

1559 3999 1808 4065 ραυγεῖς.
1867 3995 2004 4045 Alibi
2038 3996 2219 4057 utique
2254 3996 2365 4044 cari
2398 3997 2611 4059 aptissi-

1561 4080 1710 4118 mum
1742 4070 1921 4131 potest
1967 4081 2086 4119 esse
2138 4070 2365 4132 lapidum
2414 4069 2610 4121 ἐπίθε-

1557 4155 1693 4202 τον,
1729 4142 1790 4191 ut
1823 4153 1948 4192 cum
1972 4143 2186 4194 Ovidius
2219 4144 2279 4194 A.
2305 4145 2365 4194 A.
2394 4141 2454 4204 3,
2483 4144 2596 4194 429.

436 4217 612 4267 textae
636 4217 690 4266 in
715 4218 825 4268 Coo
848 4215 1043 4279 insula,
1072 4218 1122 4267 in
1149 4230 1311 4280 quam
1335 4217 1487 4267 bom·
1560 4216 1720 4267 dicit:
1787 4218 1879 4268 Vos
1916 4232 2110 4281 quoque
2146 4233 2248 4269 non
2285 4219 2421 4268 caris
2460 4231 2612 4268 aures

437 4289 606 4352 byces
653 4305 719 4342 ex
769 4293 980 4343 Oriente
1031 4291 1479 4357 apponebantur,
1560 4296 1765 4343 onerate
1797 4292 1995 4355 lapillis.
2045 4319 2099 4330 —-
2140 4294 2390 4344 «Frustra
2430 4293 2605 4354 iam»,

606 4382 791 4430 Holur.
826 4395 935 4429 vor„
973 4384 1004 4429 1.
1068 4396 1144 4429 nn.
1178 4382 1433 4442 mionili.

2217 4382 2271 4428 39
