3234 4975
1227 386 1345 436 ΠΒ.
1384 387 1444 436 11.
1516 388 1574 436 C.
1614 387 1766 437 xvn.

2479 385 2606 449 309

692 541 1025 607 Consentit
1067 548 1328 605 astrum.
1418 542 1504 607 Te
1550 541 1720 606 lovis
1772 541 1965 628 impio

778 662 1003 730 Tutela
1045 663 1323 729 Saturno
1370 660 1697 747 refulgens

862 783 1113 872 Eripuit
1154 782 1571 869 volucrisque
1617 783 1751 847 Fati

691 941 989 1008 Tardavit
1032 940 1199 1015 alas,
1248 961 1394 1006 cum
1439 938 1719 1028 populus
1769 940 2072 1026 frequens
2524 946 2605 1008 25

564 1161 646 1209 25.
700 1164 747 1209 te
780 1159 998 1222 populus
1031 1171 1077 1208 c.

433 1347 610 1395 ortum
642 1344 854 1395 videtur
888 1359 917 1395 e
952 1343 1109 1408 gloss.
1145 1359 1196 1393 v.
1221 1345 1484 1394 violentior

434 1419 799 1483 superscripto
845 1431 1019 1482 eoque
1064 1421 1285 1482 insuper
1329 1418 1477 1470 falso,

438 1520 492 1530 -
547 1493 810 1556 tyrannus]
858 1495 986 1556 «qui
1034 1495 1380 1557 tempestates
1427 1493 1481 1543 in

434 1568 570 1617 mari
603 1566 945 1627 occidentali,
993 1568 1138 1631 quod
1176 1569 1481 1631 Hispaniam

434 1640 604 1701 alluit,
659 1643 891 1691 excitare
943 1640 1130 1692 solet.»
1200 1641 1371 1693 Manil.
1418 1642 1476 1703 t,

433 1715 521 1764 794
565 1715 752 1764 Iacob:
805 1716 901 1777 Tu,
948 1716 1280 1777 Capricorno,
1316 1717 1476 1780 reqis,

433 1789 674 1851 quidquid
704 1790 794 1839 sub
814 1791 915 1839 sole
935 1792 1139 1840 cadente
1158 1792 1248 1840 Est
1262 1791 1481 1853 positum

429 1864 744 1926 qelidmnque
790 1865 986 1913 Helicen
1031 1866 1164 1926 quod
1207 1867 1371 1928 tanqit
1415 1865 1479 1914 ab

432 1937 542 1997 illo,
599 1938 849 1998 Hispanae
894 1943 1061 2001 pentes
1109 1943 1156 1988 et
1211 1944 1328 2001 quot
1380 1940 1480 2003 sert

435 2011 604 2060 Gallia
626 2012 783 2071 diveS,
825 2012 980 2073 Teque
997 2013 1121 2075 sevis
1142 2013 1346 2075 diqnam
1369 2017 1481 2062 tan-

431 2075 563 2145 tum,
597 2086 896 2145 Germania,
920 2092 1136 2135 matrem
1156 2087 1351 2136 Adserit
1372 2101 1480 2137 aon-

432 2158 637 2221 biquum
699 2161 836 2209 sidus
890 2165 1153 2222 terraeque
1202 2163 1474 2223 marisque.

432 2234 669 2296 Propert.
716 2232 774 2294 4,
826 2234 881 2293 4,
929 2235 1021 2285 85:
1077 2235 1207 2296 Quid
1249 2240 1480 2284 moveant

432 2306 591 2355 Pisces
622 2310 947 2369 animosaque
977 2309 1126 2370 siqua
1157 2309 1350 2369 Leonis,
1387 2309 1481 2358 Lo-

429 2383 509 2428 tus
559 2386 607 2430 et
658 2382 897 2443 Hesperia
960 2384 1081 2443 quid
1144 2383 1481 2444 Capricornus

428 2468 593 2517 aqua,
643 2456 844 2507 Dicam.
895 2456 1250 2521 Capricornus
1296 2456 1476 2506 thema

432 2531 549 2579 erat
572 2530 735 2593 ipsius
758 2531 976 2592 Augusti
1024 2532 1182 2593 (Suet.
1217 2532 1328 2580 Oct.
1352 2528 1475 2591 94.);

431 2604 573 2653 unde
625 2603 935 2667 frequenter
982 2605 1036 2654 in
1083 2606 1199 2655 eius
1246 2603 1479 2654 nummis

429 2678 773 2740 conspicitur.

492 2751 574 2800 24.
632 2750 920 2813 Uti-vimque]
971 2752 1238 2802 Pessimus
1287 2763 1478 2801 versus

427 2824 527 2875 hos
562 2823 688 2873 dicit
710 2822 1046 2885 Sanadonus,
1086 2825 1206 2875 ideo
1232 2825 1474 2882 fortasse,

428 2898 571 2961 quod
604 2898 818 2948 intimos
846 2900 1008 2949 animi
1031 2912 1223 2950 sensus
1247 2899 1475 2949 maxima

429 2986 553 3023 cum
585 2971 920 3037 simplicitate
957 2974 1275 3036 exprimunt.
1324 2971 1476 3022 Aliud

429 3049 573 3097 certe
616 3046 711 3097 fuit
753 3047 914 3097 Persii
950 3048 1204 3098 iudicium
1238 3047 1306 3097 ad
1343 3048 1477 3098 Cor-

428 3122 634 3180 nutum,
671 3123 1081 3184 praeceptorem
1116 3135 1303 3182 suum,
1340 3121 1476 3171 scri—

426 3193 602 3245 bentis
635 3196 693 3254 5,
730 3195 818 3245 45:
858 3197 972 3245 Non
1005 3197 1232 3257 equidem
1263 3196 1353 3245 hoc
1386 3197 1477 3245 du·

426 3268 573 3329 bites,
621 3268 882 3319 amborum
922 3271 1119 3333 foedere
1163 3275 1299 3320 certo
1344 3271 1476 3321 Con-

424 3342 606 3391 sentire
648 3343 750 3391 dies
792 3348 838 3392 et
883 3344 947 3393 ab
990 3358 1092 3394 uno
1136 3345 1297 3393 sidere
1340 3344 1471 3393 duci.

425 3416 614 3465 Nostra
643 3416 725 3465 vel
755 3417 957 3493 aequali
978 3419 1229 3480 suspendit
1250 3423 1477 3479 tempora

426 3488 581 3540 Libra
617 3490 783 3539 Parca
826 3495 983 3539 tenax
1025 3492 1166 3550 veri,
1218 3505 1305 3540 seu
1349 3496 1478 3540 nata

421 3563 645 3627 fidelibus
665 3564 792 3612 hora
812 3564 1004 3614 Dividit
1032 3565 1087 3613 in
1111 3566 1342 3614 Geminos
1361 3578 1479 3614 con-

425 3637 602 3686 cordia
658 3637 771 3700 sata
830 3638 1047 3688 ‹tuor-mn
1101 3639 1479 3700 Saturnumque

423 3723 631 3774 pravom
672 3715 844 3761 nostro
881 3712 996 3762 Iove
1032 3711 1319 3775 ftanqimus
1349 3725 1471 3761 una.

427 3781 793 3834 «Ptolemaeus
841 3798 908 3834 ex
954 3784 1172 3847 trigonis
1218 3783 1475 3834 amicitias

426 3857 573 3907 nasci
617 3855 753 3918 volt,
805 3871 944 3921 quae
992 3857 1334 3927 συναστριαι
1374 3871 1474 3908 vo-

424 3932 663 3980 cantur.»
732 3932 977 3981 Scauczn
1027 3933 1098 3983 ad
1147 3930 1318 3984 Manil.
1373 3930 1469 3980 Ed.

425 4005 570 4054 4655.
606 4017 660 4068 p.
701 4004 815 4055 ⁴58.

486 4079 569 4127 22.
586 4078 667 4128 23.
694 4078 754 4127 Te
770 4079 894 4143 σοι]
911 4079 1116 4144 Duplex
1134 4081 1219 4130 est
1234 4080 1476 4130 constru-

423 4152 527 4201 ctio
549 4165 601 4201 v.
627 4152 853 4202 Saturno
886 4155 942 4202 et
973 4153 1042 4203 ad
1075 4167 1125 4203 v.
1151 4154 1400 4218 reticlqens
1421 4156 1476 4203 et

1558 1342 1946 1406 astrologorum
1977 1342 2314 1394 vocabulum.
2353 1345 2526 1397 Manil.
2552 1348 2602 1405 2,

1557 1416 1671 1468 434.
1711 1416 1760 1477 4,
1798 1418 1911 1467 698.
1955 1445 2009 1453 —
2046 1418 2470 1483 impio-Saturno]
2501 1422 2609 1470 Ma-

1556 1491 1720 1541 netho
1766 1493 1820 1552 4,
1873 1492 1995 1541 44οῑ
2054 1488 2257 1563 Κρόνῳ
2304 1491 2601 1564 βλαβερῷ,

1555 1564 1614 1627 4,
1686 1565 1810 1615 309:
1880 1562 2108 1637 Κρόνου
2174 1565 2602 1639 βλαβεραυγέος

1554 1633 1763 1709 ἀστήρ,
1800 1641 1855 1689 et
1888 1641 1945 1701 6,
1983 1640 2072 1691 36:
2121 1640 2390 1692 Φαίνων-
2410 1670 2436 1680 -
2457 1641 2600 1695 Δαί-

1552 1730 1710 1779 μονα
1742 1711 1844 1763 τόν
1876 1729 1939 1765 τε
1970 1712 2154 1766 κακὸν
2188 1716 2455 1788 πρότεροι
2484 1717 2604 1781 cpe}-

1552 1803 1646 1851 τες
1679 1787 2035 1845 καλέσαντα,
2058 1790 2259 1854 (Achill.
2285 1793 2397 1842 Tat.
2426 1807 2473 1842 c,
2501 1794 2593 1844 24:

1553 1857 1722 1928 ὄμμα
1754 1860 2002 1934 Κρόνιον
2036 1865 2119 1927 εἰς
2153 1861 2254 1914 τὸν
2291 1862 2456 1916 οἶκον
2490 1866 2604 1918 ἐνέ-

1552 1946 1780 2001 σκηψε,
1826 1933 1934 2003 τὴν
1966 1937 2060 1989 ἐπὶ
2093 1934 2161 1989 τὸ
2194 1945 2391 2010 χεῖρον
2423 1938 2600 2005 μετά-

1550 2027 1656 2077 γον
1699 2009 2069 2078 μεταβολήν.)
2134 2012 2293 2064 lulius
2343 2016 2599 2067 Firmicus

1550 2084 1583 2135 l.
1630 2084 1665 2135 l.
1701 2098 1755 2149 p.
1792 2087 1906 2136 229.
1953 2088 2205 2151 nefarium
2244 2088 2371 2139 dicit
2414 2090 2601 2140 Satur-

1551 2171 1675 2208 num
1720 2159 2005 2223 eidemque
2052 2162 2301 2211 minacem
2347 2164 2603 2213 radiatio-

1551 2246 1664 2281 nem
1698 2230 1974 2296 aliquoties
1998 2233 2205 2295 tribuit,
2245 2238 2303 2285 ut
2334 2249 2452 2299 pag.
2480 2238 2594 2287 226.

1551 2305 1702 2356 Idem
1724 2319 1779 2370 p.
1810 2307 1933 2356 328:
1971 2308 2027 2356 Si
2060 2309 2171 2358 Iove
2201 2310 2256 2357 in
2280 2316 2433 2372 parte
2454 2312 2600 2361 horo-

1550 2382 1687 2441 scopi
1719 2382 1983 2431 constituto
2016 2383 2069 2431 in
2104 2395 2285 2432 occasu
2316 2389 2364 2432 et
2395 2386 2449 2434 in
2482 2387 2600 2435 dia-

1549 2458 1710 2504 metro
1743 2456 1997 2505 Saturnus
2016 2458 2309 2507 constitutus
2331 2458 2496 2509 Iovem
2517 2461 2603 2511 ho-

1549 2542 1910 2590 roscopumque
1942 2543 2203 2580 nnsrrcur
2235 2533 2287 2581 in
2310 2533 2499 2581 diurna
2518 2548 2601 2597 qe-

1551 2603 1727 2650 nitura
1774 2608 1821 2652 et
1863 2604 2011 2653 Luna
2048 2605 2203 2665 plena
2245 2607 2499 2666 referatur
2532 2608 2600 2656 ad

1549 2676 1742 2734 Iovem,
1779 2676 2008 2736 divitias,
2032 2677 2292 2739 felicitates
2312 2682 2359 2727 et
2378 2692 2601 2729 summae

1550 2749 1869 2798 beatitudinis
1932 2750 2241 2799 incrementa
2311 2753 2595 2803 decernmit.

1552 2824 1811 2872 Saturnus
1845 2823 1896 2872 in
1921 2823 2223 2887 horoscopo
2247 2826 2470 2887 positus,
2509 2839 2600 2876 au-

1552 2898 1700 2946 ctore
1725 2896 1947 2947 Firmico
1971 2897 2001 2946 3
2018 2935 2030 2957 ,
2067 2897 2140 2957 3.,
2178 2896 2463 2949 multorum
2488 2914 2601 2951 ma-

1548 2969 1724 3019 lorum
1774 2972 1828 3020 et
1874 2970 2234 3035 periculorum
2288 2973 2594 3035 adventum,

1549 3043 1908 3106 aegritudines
1937 3047 1991 3095 et
2013 3042 2294 3108 languores
2317 3047 2595 3109 significat:

1548 3119 1783 3169 amicum
1804 3133 1934 3168 vero
1957 3118 2270 3171 mortalibus
2293 3120 2460 3180 smne,
2481 3123 2601 3187 lup-

1549 3194 1711 3256 piter,
1766 3191 1901 3243 illius
1935 3194 2042 3243 vim
2077 3198 2295 3245 coercet
2327 3197 2381 3244 et
2415 3196 2592 3245 vincit.

1547 3265 1703 3331 Apelt
1745 3267 1825 3317 die
1869 3267 2194 3330 Coniunction
2244 3270 2327 3319 des
2373 3270 2598 3331 Iuppiter
2626 3313 2639 3322 .

1544 3342 1651 3390 und
1682 3341 1876 3390 Satur-n
1908 3343 1961 3391 in
1995 3343 2179 3392 Bran's
2216 3344 2467 3401 Miner-vm
2501 3343 2599 3392 Iuli

1549 3415 1695 3466 ⁴840.
1723 3417 1774 3464 S.
1803 3416 1889 3466 ⁴3:
1937 3416 2054 3465 «Boi
2087 3418 2333 3466 Auen-roes
2364 3418 2479 3466 sind
2501 3418 2597 3466 Sa·

1546 3494 1667 3538 turn
1713 3490 1819 3538 und
1866 3490 2089 3551 Iuppiter
2142 3491 2223 3539 die
2273 3490 2598 3553 machtiqsten

1546 3562 1930 3626 astrologischen
1945 3564 2230 3612 Hermscher.
2256 3588 2311 3598 —-·
2330 3563 2595 3628 reftdqensj

1550 3649 1648 3685 «ex
1682 3635 1909 3686 adverso
1943 3635 2209 3687 radians.»
2280 3634 2470 3684 Similis
2498 3648 2598 3700 op-

1548 3710 1736 3773 positio
1770 3709 1921 3759 Ovid.
1957 3712 2076 3759 Am.
2115 3709 2171 3766 4,
2209 3708 2267 3768 8,
2304 3708 2396 3758 29:
2443 3709 2597 3758 Stella

1546 3783 1634 3832 tibi
1667 3783 1878 3845 oppositi
1910 3784 2080 3832 nocuit
2100 3781 2363 3831 contraria
2384 3783 2594 3832 Martis:

1545 3856 1851 3915 Mai-sabim
1868 3856 2009 3919 siquo
2024 3868 2159 3905 nunc
2184 3856 2473 3918 Venusapta
2488 3861 2589 3906 tuo.

1611 3930 1693 3981 24.
1730 3932 1812 3980 25.
1866 3930 2182 3989 volucrisque
2230 3930 2367 3993 Fati]
2424 3931 2596 3981 «Mor-

1551 4006 1659 4054 tem
1703 4003 2106 4068 impendentem
2152 4006 2206 4053 et
2249 4005 2462 4054 iamiam
2498 4005 2596 4054 ad-

1548 4080 1857 4128 ventantem
1903 4091 1933 4126 a
1976 4078 2147 4141 capite
2199 4080 2289 4128 tuo
2341 4077 2593 4142 depulit.»

1552 4178 1607 4187 —
1646 4152 1776 4214 ala-s]
1813 4152 1907 4201 Est
1939 4153 2114 4215 imago
2148 4152 2450 4212 celeritatis»,
2490 4165 2591 4215 qua

422 4224 489 4273 ad
513 4239 563 4276 v.
589 4226 808 4289 Eripuit.
834 4253 889 4263 —
913 4227 1101 4291 Tutela]
1126 4229 1239 4280 Hoc
1257 4240 1473 4291 quoque
1548 4224 1715 4277 letum
1751 4225 2003 4277 mortales
2032 4240 2221 4292 rapere
2245 4227 2395 4278 solet.
2433 4229 2596 4278 Bent-
