3234 4975
660 377 781 445 428

1421 381 1679 432 HORATII
1715 382 2054 435 CARNJNUM

909 538 1027 604 Hic
1069 536 1306 604 bellum
1350 535 1791 614 lacrimosum,
1841 537 1946 605 hic
1989 538 2291 606 miseram
2335 540 2564 606 famem

909 661 1295 747 Pestemque
1339 680 1379 724 a
1421 657 1663 747 populo
1708 670 1772 725 et
1814 660 2106 747 principe
2151 661 2429 727 Caesare
2476 662 2538 726 in

1127 782 1357 846 Persas
1402 790 1594 868 atque
1639 778 1974 846 Britannos

2740 783 2765 848 ιἸ
2780 786 2819 847 5

1212 901 1435 967 Vestra
1477 909 1689 966 motus
1734 909 1881 988 aget
1923 922 2136 989 prece.

789 1100 868 1151 43.
902 1101 1037 1150 Haec
1070 1098 1249 1149 boumn
1279 1096 1515 1148 malebat
1546 1093 1807 1147 Duhamel
1840 1110 2135 1162 rursusque
2169 1099 2335 1151 Bentl.
2380 1127 2435 1138 —
2475 1101 2554 1153 44.
2593 1116 2629 1152 a
2653 1117 2752 1166 po-

715 1175 863 1237 pulo,
895 1174 1124 1237 principe
1155 1174 1259 1223 Ios.
1287 1171 1519 1236 Scaliger
1551 1186 1615 1222 ac
1650 1183 1838 1224 rursus
1860 1172 2193 1225 Medenbach
2214 1175 2462 1227 Wakker.

2524 1177 2625 1240 (Sic
2649 1179 2755 1228 iam

721 1248 890 1300 Editio
924 1249 1061 1299 Petri
1096 1260 1197 1298 van
1234 1247 1329 1307 Os,
1377 1245 1602 1310 Zwollis‚
1651 1249 1704 1298 in
1738 1251 1844 1311 tto,
1881 1247 1951 1299 ad
1984 1262 2184 1299 annum
2220 1250 2347 1300 4500
2381 1248 2563 1301 relata.
2633 1252 2750 1301 vid.

726 1322 939 1374 Kirchn.
978 1323 1107 1372 Nov.
1152 1323 1385 1382 Quaestt.
1425 1323 1604 1373 Horat.
1642 1335 1697 1387 p.
1734 1324 1837 1386 67.)
1880 1350 1933 1359 —-
1970 1324 2025 1373 in
2059 1336 2165 1374 om.
2203 1323 2261 1374 Τ.
2304 1350 2359 1359 -
2397 1324 2479 1374 46.
2516 1326 2625 1390 aqit
2657 1327 2714 1376 B.

725 1498 805 1549 43.
842 1500 919 1549 Ne
955 1497 1128 1549 nullae
1157 1498 1353 1549 Dianae
1375 1499 1430 1548 in
1452 1512 1707 1550 averrun-

658 1574 843 1624 candis
877 1571 1032 1624 malis
1066 1577 1250 1638 partes
1285 1577 1484 1634 essent,
1522 1575 1705 1624 Duha-

657 1647 765 1699 mel
817 1650 873 1698 et
919 1647 1186 1699 Bentleius
1236 1647 1497 1712 probante
1540 1651 1593 1698 F.
1640 1651 1700 1699 Α.

655 1721 850 1773 Wolfio
883 1721 1167 1773 voluerunt
1197 1723 1332 1772 Haec
1365 1721 1557 1772 bellum.
1597 1723 1703 1773 Sed

657 1809 760 1847 nec
795 1797 993 1847 Diaana
1029 1797 1115 1846 hic
1148 1795 1311 1847 ullam
1344 1797 1453 1847 vim
1488 1799 1707 1847 exercet

659 1871 714 1920 et
733 1872 970 1933 praestat
989 1864 1263 1942 ἀναφορὰ
1284 1871 1401 1920 hic-
1412 1871 1549 1933 -hic,
1588 1870 1702 1920 «ille

657 1945 875 2008 Augusti
909 1949 1090 1997 custos
1111 1944 1351 2010 Apollo.»
1382 1971 1436 1981 -
1462 1946 1705 1995 lacrimo—

655 2019 783 2083 sum]
818 2017 963 2070 Iliad.
1001 2034 1046 2081 ε,
1083 2019 1203 2070 737.
1241 2018 1303 2082 ἐς
1334 2015 1588 2084 πόλεμον
1610 2017 1707 2069 δα-

656 2088 955 2163 κρυόεντα.
1032 2096 1308 2144 Anacreon
1360 2094 1565 2157 Fragm.
1619 2095 1702 2145 28.

659 2168 878 2230 Bergk:
915 2164 1316 2238 δακρυόεσσάν
1345 2170 1394 2219 τ’
1429 2167 1704 2235 ἐφίλησεν

658 2238 911 2307 αἰχμάν,
946 2244 1143 2293 amavit
1186 2242 1496 2294 lacrimabile
1527 2244 1706 2294 bellum

658 2316 800 2381 Virg.
837 2320 967 2368 Aen.
994 2319 1043 2378 7,
1070 2316 1183 2369 604.
1214 2346 1268 2354 —
1299 2318 1550 2383 miseram]
1589 2320 1700 2370 Cic.

660 2391 730 2441 ad
775 2393 878 2443 Att.
932 2394 983 2453 ὃ,
1035 2393 1124 2442 24ε
1176 2391 1387 2456 sanaem,
1439 2406 1540 2456 qua
1582 2393 1708 2442 avril

657 2466 888 2517 miserius
918 2472 1005 2519 est.
1063 2467 1268 2518 Pariter
1300 2469 1480 2519 autem
1515 2468 1705 2519 Graeci

658 2541 983 2604 coniungere
1018 2539 1192 2592 solent
1222 2536 1395 2607 λιμὸν
1429 2536 1582 2607 ὁμοῦ
1604 2543 1706 2593 καὶ

657 2612 884 2681 λοιμόν.
971 2614 1186 2668 Hesiod.
1239 2616 1298 2666 0.
1355 2618 1411 2667 et
1463 2617 1525 2667 D.
1583 2616 1700 2667 243.

657 2688 840 2754 Apollo
875 2693 930 2741 et
963 2690 1128 2740 Diana
1161 2688 1505 2762 ἐπικουρίων
1544 2687 1705 2742 Θεῶν

659 2766 974 2828 cognomine
1031 2763 1345 2816 colebantur
1397 2766 1449 2816 in
1504 2763 1703 2830 templo

654 2839 904 2889 Bassensi
937 2838 1081 2903 apud
1113 2838 1417 2902 Phigaliam.
1462 2839 1704 2891 Stackel-

655 2912 791 2975 berg
859 2913 1050 2975 Tempol
1113 2915 1196 2964 des
1246 2914 1420 2977 Apollo
1473 2915 1530 2965 T.
1587 2914 1700 2965 7-9.

658 2985 846 3037 Miiller
875 2986 1084 3037 Denkm.
1122 2987 1161 3036 1.
1199 2988 1260 3037 N.
1303 2987 1413 3037 423.
1472 2988 1699 3038 Pausan.

657 3060 708 3118 8,
744 3058 827 3121 4⁴,
864 3060 920 3110 8.
973 3055 1043 3109 τὸ
1076 3057 1139 3110 δὲ
1180 3053 1373 3126 ὄνομα
1405 3056 1507 3111 τοῦ
1536 3054 1704 3112 Ἐπι-

657 3134 896 3220 κουριου
919 3132 1144 3200 ἐγένετο
1165 3130 1245 3201 τῷ
1262 3129 1567 3186 Ἀπόλλωνι
1587 3135 1706 3188 ἐπυ-

657 3203 1705 3347 κτεήῑᾚῑὲᾒῖόςεεῑέῑῇῑῖε.-

657 3358 789 3410 dum
839 3358 1049 3408 censuit
1096 3362 1166 3417 et,
1215 3359 1275 3407 ut
1323 3358 1393 3408 sit
1439 3371 1547 3410 non
1594 3361 1704 3409 tam

665 3431 827 3482 «dum
850 3432 1052 3482 Caesar
1073 3434 1159 3482 est
1177 3432 1481 3496 princeps»,
1518 3445 1700 3495 quam:

660 3510 978 3572 «propterea
1012 3505 1158 3571 quod
1190 3508 1441 3572 princeps
1464 3508 1551 3557 est
1575 3508 1708 3558 Cae-

657 3595 811 3642 sar-3
866 3584 1099 3646 suntque
1142 3580 1329 3633 similia
1371 3582 1505 3647 Epp.
1550 3582 1600 3644 2,
1653 3582 1700 3644 4,

1775 1500 1898 1552 256:
1933 1500 2001 1550 Et
2028 1500 2361 1563 formidatam
2389 1502 2588 1552 Parvus
2617 1504 2822 1566 topi-in·-

1774 1575 1884 1637 cipo
1912 1575 2137 1624 Romam.
2189 1574 2284 1625 Od.
2322 1575 2373 1635 3,
2399 1574 2479 1635 44,
2508 1576 2596 1625 ⁴5:
2632 1581 2823 1627 ωηοπεο

1775 1649 1990 1699 Caesare
2020 1654 2200 1699 terras.
2249 1648 2344 1699 Od.
2380 1647 2431 1709 4,
2469 1651 2550 1711 46,
2588 1652 2678 1700 47ε
2727 1665 2820 1701 cu—

1773 1724 1909 1774 stode
1939 1736 2114 1773 rovum
2146 1723 2372 1773 Caesare.
2426 1723 2532 1774 Sed
2555 1724 2721 1775 Codd.
2747 1724 2825 1776 le-

1775 1798 1881 1848 ctio
1930 1798 2254 1848 teneriorem
2301 1796 2530 1861 praebet
2577 1811 2821 1860 sensum,

1775 1872 1900 1934 quia
1941 1872 2141 1921 Caesar
2189 1872 2261 1921 ita
2307 1884 2432 1922 cum
2469 1871 2669 1936 populo
2714 1874 2821 1923 Ro-

1775 1958 1936 1995 mano
1970 1946 2234 1997 artissime
2269 1947 2619 2010 coniungitur.
2668 1948 2825 1998 «Fre-

1775 2032 1949 2083 quens
1984 2032 2115 2070 usus
2151 2021 2237 2070 est
2257 2020 2475 2082 Horatii,
2511 2022 2572 2070 ut
2590 2022 2822 2085 particu-

1776 2092 1839 2142 lis
1871 2097 1920 2143 et
1951 2094 2007 2143 et
2039 2107 2134 2155 que
2162 2095 2426 2145 universis
2448 2108 2633 2144 rerum
2653 2107 2821 2157 gene-

1773 2167 1925 2217 ribus
1957 2166 2195 2231 singulae
2241 2169 2424 2232 partes
2456 2166 2541 2218 vel
2573 2181 2665 2219 res
2687 2167 2821 2218 sub·

1771 2242 2033 2293 iiciantur.
2119 2242 2215 2293 Od.
2260 2243 2309 2303 4,
2353 2242 2403 2303 3,
2463 2243 2512 2293 9.
2560 2243 2609 2303 4,
2661 2241 2711 2305 4,
2768 2244 2814 2292 4.

1776 2316 1825 2377 4,
1869 2316 1918 2377 8,
1968 2317 2047 2366 46.
2088 2317 2135 2377 4,
2173 2317 2254 2377 47,
2290 2316 2339 2366 6.
2385 2317 2435 2378 2,
2471 2318 2522 2379 2,
2558 2318 2639 2368 24.
2678 2318 2817 2368 cet.»

1774 2391 2172 2441 Dianeuterion.

1841 2466 1921 2516 46.
1979 2465 2173 2531 Persas]
2229 2466 2471 2518 Parthos.
2518 2494 2573 2504 -
2618 2465 2821 2517 Britan-

1773 2541 1878 2605 nos]
1927 2539 2023 2591 Od.
2073 2542 2123 2601 4,
2159 2541 2241 2600 35,
2278 2542 2369 2592 29:
2413 2542 2590 2592 Serve:
2629 2541 2821 2590 ιἰννυηι

1776 2614 2041 2665 Caesarem
2082 2615 2138 2664 in
2178 2615 2380 2666 ultiones
2422 2615 2565 2666 Orbis
2610 2615 2819 2665 Britan—

1773 2703 1880 2739 nos.
1923 2689 1987 2753 (a.
2027 2703 2079 2739 u.
2116 2703 2166 2740 c.
2205 2690 2339 2753 727.)
2395 2692 2686 2754 Utrumque
2717 2701 2818 2753 po-

1774 2762 1960 2827 pulum
2003 2766 2063 2814 ut
2099 2765 2283 2820 hostes
2324 2765 2531 2829 imperii
2577 2763 2816 2823 Romani,

1773 2851 1881 2888 non
1905 2841 1964 2887 ut
1983 2841 2251 2889 remotum
2273 2838 2550 2890 dumtaxat
2569 2839 2656 2889 hic
2680 2850 2819 2901 quo-

1776 2924 1882 2974 que
1926 2911 2207 2976 designare
2248 2912 2477 2964 videtur.
2547 2911 2818 2976 Philippus

1775 2985 1829 3034 in
1849 2986 2005 3036 Anth.
2032 2986 2139 3036 Pal.
2175 2988 2214 3037 1.
2250 3000 2304 3051 p.
2342 2987 2464 3039 246:
2501 2981 2687 3053 Ζηνὸς
2718 2983 2818 3035 καὶ

1773 3057 2002 3124 Λητοῦς
2021 3060 2105 3150 θηζ
2252 3056 2359 3112 dne
2384 3057 2580 3125 rogen
2611 3054 2816 3147 xpfipn,

1773 3127 2051 3221 Ἄρτεμις,
2077 3133 2116 3199 ἡ
2146 3131 2452 3201 θαλάμους
2483 3131 2621 3198 τοὺς
2636 3149 2818 3222 ορεων

1775 3202 2007 3272 ελαχες,
2072 3207 2309 3260 Νοῦσον
2362 3206 2469 3276 τὴν
2536 3203 2817 3296 στυγερὴν

1773 3277 2110 3372 αὖθήμερον
2151 3283 2215 3335 ἐκ
2247 3282 2532 3350 βασιλῆος
2566 3278 2817 3334 Εσθλο-

1773 3353 1951 3409 miron
2006 3359 2273 3423 πέμψαις
2324 3353 2494 3429 ἄχρις
2544 3352 2816 3445 ‘Ynfpsso-

1772 3433 1935 3502 ρέων·
1960 3432 2065 3483 Σοὶ
2085 3428 2195 3504 γὰρ
2218 3427 2361 3504 §nep
2391 3429 2606 3499 βωμων
2626 3426 2817 3497 ἀτμὸν

1772 3503 2040 3568 λιβάνοιο
2076 3505 2352 3572 Φίλιππος
2384 3502 2577 3572 Ῥέξει,
2620 3505 2817 3558 καλλι-

1772 3579 1964 3633 θυτῶν
1996 3595 2219 3652 καπρον
2254 3575 2615 3654 ὀρειονόμον.

1516 3579 1957 3993 11
