3234 4975
652 375 775 440 ⁴54
972 374 981 381 “
1410 376 1666 426 noim-11
1703 376 2039 427 CARMlNUM

993 531 1092 596 Me
1135 529 1344 596 lentus
1388 529 1704 620 Glycerae
1748 540 1945 595 torret
1989 550 2171 595 amor
2215 550 2417 598 meae.

655 765 808 823 mini,
855 775 1180 827 quamquam
1224 762 1368 812 haud
1402 775 1523 812 raro
1557 762 1701 826 apud

655 839 943 902 scriptores
994 839 1049 887 et
1098 837 1150 886 iu
1200 838 1461 901 Inscriptt.
1511 835 1698 897 obvie,

656 910 806 963 multi
858 910 1055 962 librarii
1108 912 1282 961 notius
1329 912 1488 961 etiam
1533 911 1705 961 Chloe's

654 999 850 1036 nomeu
874 984 1277 1036 substituerunt.
1329 986 1434 1048 («1n
1469 985 1703 1035 nomini-

652 1060 756 1110 bus
791 1060 846 1109 id
878 1060 1110 1110 maxime
1145 1058 1335 1110 lusisse
1369 1060 1601 1122 poetam,
1647 1062 1705 1108 ut

656 1134 899 1198 personis
938 1134 1093 1198 ipsis,
1144 1132 1501 1197 temporibus,
1539 1132 1703 1183 rebus

656 1218 821 1271 quam
871 1206 1423 1257 accommodatissima
1490 1207 1700 1266 essent,

658 1294 723 1330 ex
755 1278 998 1344 plurimis
1032 1277 1288 1344 exemplis
1330 1281 1549 1342 cogitur.
1620 1280 1703 1329 Sic

657 1354 854 1405 factum
890 1355 993 1413 est,
1041 1355 1101 1402 ut
1135 1355 1484 1418 apparantem
1519 1353 1704 1402 convi-

656 1429 804 1477 vium
841 1427 1192 1477 Tlmliarchum
1214 1419 1701 1497 (aauaqdpxdv),

656 1513 845 1551 senem
862 1513 1135 1551 morosum
1156 1503 1315 1565 atque
1338 1502 1705 1565 importunum

658 1574 848 1635 Luem
891 1573 1042 1637 (alter
1082 1574 1417 1639 [som-inum),
1466 1575 1706 1638 turpicu-

657 1645 771 1697 lum
787 1646 1144 1698 feneratorem
1154 1648 1384 1709 Alpheum
1397 1642 1705 1711 (ἀλφαινω)

658 1718 877 1779 fecerit,
914 1722 1015 1781 sic,
1053 1719 1358 1784 loquaculas
1382 1723 1440 1770 ut
1460 1722 1705 1785 Lalaqas,

659 1792 881 1845 tenellas
923 1796 984 1843 ut
1020 1794 1241 1855 Lydiae,
1298 1795 1607 1858 insipientes
1642 1807 1706 1844 ac

1773 763 2166 826 superstitiosas
2200 766 2258 814 ut
2291 766 2576 814 Leuconoas
2610 764 2822 829 (λευκαὶ

1774 837 2004 905 φρένες,
2041 836 2256 887 stultitia
2279 838 2340 900 l).
2377 837 2582 902 puellas
2605 840 2824 891 vixdum

1775 911 1887 960 viro
1921 912 2270 975 tempestivas
2322 912 2501 962 OEzloas
2550 913 2823 974 [feminam

1775 983 2062 1034 iuvenilem
2136 985 2362 1047 Rhodon]
2442 988 2502 1034 ut
2574 986 2822 1037 dixerit.»

1774 1058 1988 1121 Naucx.)
2037 1084 2094 1094 —
2149 1057 2330 1122 Ιοπεω]
2388 1060 2505 1108 Non
2554 1062 2638 1110 est
2689 1061 2824 1110 «iam

1774 1131 2010 1195 frigidior
2060 1131 2297 1193 factus»,
2351 1134 2410 1182 ut
2456 1131 2641 1183 volunt
2688 1146 2825 1184 non-

1775 1204 1926 1265 nulli,
1981 1218 2107 1256 nam
2140 1218 2308 1270 prope
2343 1205 2626 1256 ridiculum
2660 1206 2821 1257 foret:

1777 1279 2024 1342 «frigidus
2060 1280 2166 1329 iam
2201 1281 2254 1329 et
2290 1278 2641 1344 languescens
2673 1294 2827 1331 amor

1776 1365 1864 1403 me
1896 1355 2122 1413 torret,-
2171 1352 2269 1403 sed
2301 1351 2548 1418 «longus,
2587 1355 2679 1417 qui
2715 1353 2829 1405 len-

1779 1430 1829 1478 te
1870 1427 2154 1478 absumit.»
2191 1427 2286 1477 Od.
2332 1430 2379 1489 4,
2421 1429 2508 1489 43,
2546 1430 2604 1480 8:
2662 1431 2828 1492 Quom

1777 1503 1918 1552 lentis
1939 1503 2142 1564 penitus
2170 1515 2399 1551 maceror
2437 1502 2660 1566 iynibus,
2707 1502 2822 1553 Tib.

1780 1578 1834 1637 ⁴,
1873 1575 1933 1637 t,
1970 1576 2215 1627 84:11021
2246 1577 2341 1627 heu
2374 1590 2528 1638 quam
2560 1577 2829 1628 Marathus

1778 1652 1908 1700 lento
1939 1663 2020 1700 mo
2050 1655 2246 1712 torquet
2286 1653 2513 1711 αωονοί,
2566 1650 2658 1700 uhi
2697 1664 2827 1715 pro—

1779 1726 1901 1786 pter
1935 1723 2133 1773 Horatii
2176 1722 2356 1775 locum
2391 1725 2609 1775 minime
2642 1723 2827 1786 legen-

1781 1796 1911 1847 dum
1945 1801 2120 1847 torrae.

1381 2166 2112 2227 Excunsus

1599 2298 1883 2349 Anv.l3.

803 2473 935 2525 Olim
960 2476 1176 2525 secutus
1200 2488 1349 2525 eram
1373 2474 1787 2526 Scholiastarum
1808 2476 2321 2541 interpretationem:
2353 2480 2582 2531 «Novem
2607 2479 2830 2543 cyathos

666 2557 765 2606 sibi
801 2558 975 2621 poscit
1005 2561 1164 2622 po'cta
1199 2555 1607 2622 ἐνθουσιάζων.
1679 2560 1846 2624 Supra
1881 2573 2077 2610 novem
2100 2563 2282 2612 autem
2313 2564 2357 2612 si
2389 2562 2658 2615 addideris
2693 2567 2826 2626 tres,

667 2639 951 2689 duodecim
976 2642 1146 2704 epotis
1170 2640 1350 2692 ebrius
1374 2642 1542 2694 factus
1565 2641 1717 2694 facile
1740 2642 1947 2693 incides
1972 2644 2023 2694 in
2048 2644 2213 2706 rixas,
2251 2659 2280 2694 a
2315 2645 2510 2709 quibus
2540 2646 2832 2698 abhorrent

663 2724 869 2773 Gratiae
885 2761 897 2784 ,
924 2723 977 2773 id
1001 2726 1108 2782 est,
1136 2737 1273 2788 quae
1298 2726 1441 2775 rixae
1465 2729 1589 2777 sunt
1612 2728 1912 2776 contrariae
1935 2739 2096 2777 verae
2129 2725 2409 2779 laetitiae.»
2467 2730 2829 2793 Exposueram

666 2807 847 2868 igitur,
884 2808 946 2856 ut
976 2807 1299 2869 arbitrabar,
1348 2810 1590 2873 apposite
1626 2809 1697 2859 ad
1729 2810 1903 2874 ipsam
1943 2823 2027 2860 vv.
2056 2808 2488 2863 collocationem:
2543 2818 2643 2863 tros
2674 2827 2832 2875 aqna

660 2903 866 2951 novom,
903 2903 1011 2941 non
1046 2893 1105 2941 ut
1137 2892 1491 2942 recentiores:
1530 2906 1692 2954 supra
1726 2897 1843 2943 tres,
1913 2892 2210 2944 Duodecim
2244 2898 2426 2945 autem
2450 2896 2628 2958 cyathi
2651 2899 2829 2947 sexta-

663 2974 801 3023 rium
851 2971 1137 3036 complent.
1208 2974 1283 3023 Ita
1330 2975 1657 3037 Augustum,
1711 2976 1902 3038 quoties
1947 2977 2226 3040 largissime
2273 2990 2324 3026 se
2371 2979 2635 3040 maret,
2693 2991 2832 3029 satos

661 3060 912 3105 sextantes
961 3056 1283 3118 (sextarium)
1344 3071 1447 3106 non
1495 3059 1757 3110 memisse
1804 3062 1992 3109 auctor
2039 3062 2123 3111 est
2179 3061 2462 3111 Suetonius
2510 3062 2689 3112 octav.
2744 3062 2824 3111 77.

663 3141 848 3201 Neque
898 3152 1030 3189 vero
1079 3140 1184 3190 hoc
1234 3140 1394 3201 dicit,
1453 3143 1613 3206 epoto
1658 3145 1689 3190 a
1724 3140 1943 3205 singulis
1977 3144 2207 3193 sextario
2242 3157 2461 3208 semper
2491 3145 2632 3194 rixas
2666 3144 2791 3194 oriri
2813 3181 2825 3204 ,

663 3221 761 3272 sed
795 3221 1093 3286 periculum
1127 3236 1279 3285 esse,
1332 3237 1399 3274 ne
1435 3226 1689 3276 oriantur.
1762 3226 1860 3285 Qui
1893 3227 2310 3289 interpretantur
2340 3240 2498 3289 supra
2538 3231 2671 3288 tres,
2723 3239 2831 3277 non

663 3305 851 3356 vident
881 3318 1074 3370 parum
1109 3308 1462 3368 concinnam,
1516 3310 1683 3358 immo
1716 3306 1995 3358 ridiculam
2031 3321 2151 3358 esse
2186 3309 2535 3360 sententiam:
2599 3311 2832 3360 «Novem

665 3402 765 3452 ego
800 3388 985 3439 bibam
1020 3390 1243 3453 cyathos
1264 3429 1276 3451 ,
1315 3392 1414 3441 etsi
1446 3390 1619 3455 probe
1655 3393 1767 3442 scio
1803 3392 2006 3442 Gratias
2041 3392 2182 3455 ipsas
2218 3391 2430 3456 (quibus
2463 3394 2582 3456 quis
2616 3391 2831 3443 tandem

664 3474 832 3536 magis
866 3472 1241 3538 obtemperare
1277 3474 1441 3525 debet
1474 3487 1637 3538 quam
1671 3477 1829 3539 poeta
1845 3474 1887 3537 ε1)
1922 3475 2106 3524 vetare
2129 3512 2141 3536 ,
2181 3488 2247 3525 ne
2285 3476 2574 3526 ternarium
2608 3476 2833 3537 cyatho·

663 3570 783 3607 rum
818 3570 1103 3607 numerum
1137 3557 1493 3618 excedamus3
1547 3556 1708 3607 nihilo
1743 3558 1920 3608 secius
1954 3571 2080 3620 ege,
2133 3558 2296 3609 etiam
2340 3560 2574 3609 rixarum
2608 3559 2828 3609 minime

663 3641 938 3702 metuens,
992 3639 1185 3704 largius
1219 3654 1307 3691 me
1343 3640 1577 3691 invitabo
1599 3680 1611 3703 ,
1658 3641 1918 3704 quidquid
1951 3640 2074 3691 inde
2124 3639 2249 3691 mali
2300 3642 2552 3691 orietur.»
2630 3642 2832 3701 Quam-

661 3736 826 3787 quam
877 3724 1262 3775 recentioribus
1324 3726 1376 3775 in
1426 3727 1538 3775 tam
1590 3725 1724 3774 mira
1785 3725 2113 3790 expositione
2174 3725 2413 3788 praeisse
2464 3725 2676 3774 videtur
2723 3724 2831 3775 iam

661 3807 925 3858 Ausonius
975 3807 1030 3857 in
1064 3808 1280 3872 Grypho
1332 3808 1549 3859 ternarii
1600 3808 1812 3858 numeri
1844 3807 1994 3871 Idyll.
2036 3808 2146 3869 44„
2207 3819 2372 3871 quem
2412 3808 2515 3858 hac
2561 3806 2743 3871 ecloga
2776 3808 2831 3856 in

661 3888 885 3939 Praesat.
925 3889 1122 3941 diserte
1157 3893 1455 3942 memorata
1488 3893 1567 3943 sic
1617 3892 1832 3956 incipit:
1896 3892 1987 3942 Ter
2031 3891 2137 3942 bibo
2177 3890 2259 3941 vol
2295 3891 2471 3941 totiens
2513 3896 2708 3941 ternos:
2763 3890 2835 3939 sic

659 3972 877 4033 ”metica
896 3973 979 4023 lea>
1000 3979 1085 4024 est.
1125 3974 1279 4035 Quod
1301 3977 1483 4026 autem
1507 3978 1832 4027 Graecorum
1852 3978 2133 4042 poetarum
2156 3974 2300 4026 locos
2325 3973 2608 4041 appellant,
2641 3973 2837 4037 quihus

659 4056 795 4106 intra
830 4056 1044 4107 tertium
1067 4057 1320 4121 poculum
1343 4058 1638 4112 subsistere
1663 4059 1935 4120 iubemur,
1974 4058 2097 4110 nihil
2131 4059 2341 4120 attinet,
2379 4071 2506 4109 cum
2541 4055 2657 4108 talia
2685 4056 2837 4120 (ratio

662 4139 799 4190 meri
833 4152 959 4190 cum
992 4152 1129 4205 aqua
1166 4143 1427 4195 miscendi
1461 4143 1736 4209 multiplex
1769 4143 1912 4208 apud
1944 4143 2134 4194 Athen.
2176 4142 2256 4192 ⁴0.
2299 4156 2352 4206 p.
2388 4140 2501 4192 426.
2528 4153 2679 4205 seqq.
2705 4136 2838 4189 ἴσον

660 4219 794 4290 ἴσῳ,
847 4223 1011 4275 πέντε
1056 4225 1153 4276 καὶ
1193 4222 1334 4289 δύο,
1370 4228 1610 4299 τέτταρα
1642 4227 1743 4278 καὶ
1773 4224 1905 4289 δύο,
1941 4223 2088 4277 κατὰ
2120 4223 2229 4279 δύο
2262 4226 2362 4278 καὶ
2393 4228 2544 4296 τρεῖς
2577 4217 2836 4294 ἀκράτου
