3234 4975
1198 422 1317 472 Lm.
1355 423 1414 472 11.

1490 422 1547 471 C.
1587 422 1738 473 xvn.

2472 423 2597 487 307

689 578 788 645 Me
832 597 955 644 nec
1000 575 1378 644 Chimaerae
1424 576 1689 664 spiritus
1734 576 1961 665 igneae

686 700 844 776 Nec,
892 699 947 764 si
994 708 1317 786 resurgat,
1364 698 1769 764 centimanus
1816 697 1991 787 Gyas

772 817 1046 885 Divellet
1094 838 1422 906 unquam:
1470 818 1564 884 sic
1606 820 1847 906 potenti

2522 823 2601 887 115

861 938 1145 1005 Iustitiae
1188 938 1627 1026 placitumque
1671 940 1911 1006 Parcis.

690 1100 834 1191 Seu⁸
863 1095 1056 1164 Libra
1100 1116 1219 1163 seu
1263 1117 1368 1163 me
1413 1097 1720 1184 Scorpios
1766 1096 2040 1184 adspicit

570 1285 650 1336 ⁴4.
686 1286 833 1350 qiam
872 1282 1126 1343 BbSTcd,
1163 1284 1291 1333 item
1324 1282 1543 1334 Bentleii
1578 1287 1635 1334 et
1666 1285 1799 1333 Pott.
1837 1297 2053 1345 omnes,
2092 1286 2181 1345 Ct,
2221 1287 2383 1350 Gyges
2415 1300 2540 1338 cum

501 1362 706 1413 Murato
738 1357 1006 1410 Bentleius
1041 1361 1096 1408 et
1129 1359 1181 1407 F.
1213 1358 1290 1421 (Ut
1311 1370 1428 1417 nos,
1455 1358 1610 1420 Lm.)
1644 1385 1697 1394 —
1725 1359 1804 1408 ⁴7.
1842 1358 2076 1420 scorpios
2100 1361 2139 1409 B
2164 1364 2220 1410 et
2240 1359 2536 1412 Bentleius:

502 1436 743 1497 scarpim
774 1433 978 1493 bsTcd,
1016 1433 1227 1483 LCtFM.

438 1606 589 1644 rores
635 1594 690 1643 et
733 1590 970 1656 pericula
1013 1603 1289 1653 nunquam
1331 1602 1420 1641 me
1454 1603 1485 1640 a
1561 1602 1683 1640 esse
1708 1589 1850 1641 dicit.
1888 1590 2095 1641 Etenim
2119 1604 2182 1642 ex
2206 1592 2320 1656 ipsa
2350 1596 2607 1658 particula

438 1670 493 1718 te
527 1666 936 1730 segregabunt.»
978 1693 1033 1702 -
1061 1665 1213 1729 Gyas]
1239 1663 1398 1725 Libri,
1429 1666 1490 1715 ut

439 1741 535 1792 Od.
573 1742 632 1802 3,
679 1740 737 1801 4,
775 1741 878 1801 69.,
914 1740 1077 1804 ρῦααε.
1150 1740 1288 1801 Gyas
1327 1752 1488 1803 prae-

440 1814 554 1866 tulit
586 1815 851 1873 Meineke,
887 1817 947 1864 ut
973 1816 1025 1865 in
1051 1814 1266 1865 Hesiodi
1288 1814 1484 1876 Theog.

442 1890 553 1941 ⁴49.
576 1891 722 1939 lunta
742 1890 797 1939 et
813 1884 1233 1954 Goettlingl'ting
1249 1887 1491 1939 scribunt

439 1977 537 2028 pro
562 1959 767 2029 Γύγης.
813 1964 946 2012 item
975 1965 1033 2012 G.
1069 1963 1405 2012 Hermannus
1435 1962 1488 2011 in

444 2038 668 2101 Opuscc.
705 2038 768 2087 11.
805 2049 924 2100 pag.
965 2036 1076 2085 ⁴76.
1106 2038 1161 2085 et
1195 2036 1396 2086 Loehrs
1419 2035 1489 2085 ad

441 2111 768 2161 Ovid.Trist.
795 2110 852 2171 4,
890 2110 950 2171 7,
989 2110 1077 2160 ⁴8:
1123 2110 1492 2161 Οοηεὺπαπυηι-

441 2197 537 2246 que
570 2185 734 2245 Gyan.
793 2186 965 2247 Atque
999 2182 1152 2243 vide,
1199 2196 1266 2234 ne
1302 2198 1367 2233 ex
1403 2182 1490 2233 illo

442 2258 694 2309 Herodoti
741 2260 798 2307 et
840 2257 1070 2308 Platonis
1103 2259 1250 2320 Gyge
1295 2256 1490 2307 dubius

441 2332 527 2382 hic
586 2331 881 2382 Hesiodeus
938 2331 1197 2394 originem
1249 2331 1487 2380 traxerit.

444 2407 637 2457 Contra
662 2404 904 2456 Muetzell
928 2405 996 2455 de
1016 2406 1129 2455 Em.
1151 2405 1245 2455 Th.
1269 2404 1486 2455 Hesiod.

442 2494 495 2545 p.
529 2481 655 2531 206:
697 2481 874 2542 «Vix»,
912 2480 1104 2543 inquit,
1144 2479 1356 2542 «negari
1391 2492 1492 2543 po-

440 2556 564 2605 terit
608 2568 805 2606 nomen
851 2550 1041 2621 Γύγης
1085 2552 1493 2617 probatissimo-

441 2641 562 2679 rum
596 2629 1065 2693 grammaticorum
1088 2625 1307 2678 consilio
1329 2627 1491 2677 fuisse

441 2704 495 2754 in
527 2704 793 2767 Theognia
839 2704 952 2754 sive
987 2703 1246 2766 scriptum
1280 2714 1379 2751 seu
1399 2714 1494 2764 po-

441 2778 544 2828 tius
579 2791 646 2827 ex
680 2776 1061 2839 antiquissimis
1096 2773 1492 2839 exemplaribus

441 2853 871 2901 conservatum.»
918 2848 1134 2900 Hesiod.
1171 2845 1206 2897 1.
1246 2847 1278 2898 l.
1315 2847 1493 2912 Γαίης

442 2939 503 2975 τε
535 2926 636 2974 καὶ
668 2917 933 2994 Οὐρανοῦ
969 2919 1300 2989 ἐξεγένοντο
1330 2922 1493 2992 Τρεῖς

442 2997 639 3062 παῖδες
659 3025 686 3037 -
702 3025 727 3037 -
746 2994 967 3060 Κόττος
989 2999 1035 3048 τ’
1067 2992 1409 3084 Ὀβριάρεώς
1430 3010 1492 3048 τε

443 3070 595 3138 Γύης
644 3070 738 3137 (al.
779 3068 987 3138 Γύγης)
1036 3071 1094 3122 θ’
1144 3068 1492 3141 υπερήφανα

442 3148 642 3199 τέκνα·
702 3144 829 3198 Τῶν
883 3143 1096 3198 ἑκατὸν
1146 3145 1257 3211 μὲν
1305 3151 1492 3217 χεῖρες

442 3216 539 3272 ἀπ’
573 3216 748 3287 ὤμων
780 3215 1065 3272 ἀίσσοντο
1102 3219 1226 3271 κτλ.

509 3297 589 3346 16.
623 3297 864 3361 Iustitiae]
898 3295 1073 3366 Δίκῃ,
1111 3296 1247 3346 Iovis
1276 3296 1331 3344 et
1352 3295 1488 3344 The-

443 3369 600 3420 midis
633 3369 798 3430 filiae,
835 3373 1121 3420 Parcarum
1145 3371 1337 3431 sorori,
1379 3370 1494 3433 qui·

442 3443 671 3494 buscum
705 3444 757 3493 h.
795 3442 828 3492 Ι.
855 3445 1128 3507 aptissime
1162 3444 1494 3507 coniungitur

445 3521 719 3580 tamquam
763 3513 1063 3586 πάρεδρος.
1134 3518 1347 3568 Hesiod.
1393 3518 1486 3567 Th.

444 3591 558 3640 902.
630 3592 756 3641 Eius
813 3592 1099 3653 imaginem
1162 3591 1491 3654 Chrysippus

444 3663 586 3729 apud
609 3663 735 3715 Gell.
756 3666 818 3714 N.
837 3665 899 3714 A.
923 3662 1003 3725 ⁴4,
1025 3663 1074 3714 4.
1094 3664 1233 3713 hanc
1249 3663 1486 3713 exhibet:

443 3731 767 3806 Σκυθρωκῆ
789 3732 1074 3807 γράφεται
1097 3738 1195 3786 καὶ
1218 3750 1491 3800 συνεστη-

443 3808 549 3874 κὸς
581 3807 804 3872 ἔχουσα
830 3807 901 3862 τὸ
937 3826 976 3860 π
1089 3825 1249 3859 ωπον
1277 3811 1375 3860 καὶ
1397 3804 1490 3858 ἓν·

442 3900 643 3945 τονον,
699 3887 799 3936 καὶ
847 3883 881 3934 δ
1089 3901 1120 3948 ς
1167 3882 1485 3945 βλέπουσα,

443 3952 594 4010 ὥστε
626 3964 749 4023 τοῖς
779 3959 891 4024 μὲν
922 3952 1146 4021 ἀδίκοις
1175 3954 1373 4020 φόβον
1392 3956 1490 4022 ἐμ-

444 4039 630 4084 ποιεῖν
647 4072 659 4095 ,
714 4038 838 4097 τοῖς
869 4032 932 4085 δὲ
963 4032 1210 4096 δικαίοις
1241 4029 1484 4103 θάρσος.

511 4109 590 4157 47.
628 4109 729 4159 Seu
759 4108 929 4173 Libra]
964 4109 1093 4159 Tres
1125 4108 1374 4172 proponit
1396 4106 1491 4155 ho-

443 4195 697 4246 roscopus
742 4195 904 4245 quam
952 4183 1180 4233 maxime
1226 4182 1483 4238 diversos.

446 4257 582 4305 inter
636 4269 770 4319 quos
829 4245 998 4306 unum'
1049 4256 1271 4308 fortasse
1329 4267 1485 4305 suum

1558 1677 1647 1713 sou
1677 1666 1761 1714 ter
1792 1665 2017 1728 repetita
2049 1670 2275 1729 apparet
2312 1669 2605 1732 Horatium,

1562 1738 1654 1801 qui
1677 1751 1807 1789 sane
1830 1738 2218 1803 astrologorum
2243 1741 2468 1805 ineptias
2486 1757 2614 1794 con-

1561 1811 1842 1864 temnebat
1875 1813 1986 1876 (Od.
2026 1815 2082 1873 1,
2121 1814 2241 1876 st),
2280 1818 2499 1869 minime
2521 1832 2614 1868 vo-

1561 1884 1725 1937 luisse
1761 1899 2030 1950 exponere
2059 1887 2437 1954 horoscopum,
2476 1905 2613 1955 qua-

1562 1958 1655 2021 lis,
1708 1961 1753 2011 si
1804 1960 1888 2011 vel
1939 1974 2039 2025 per
2094 1962 2271 2012 iocum
2326 1964 2612 2029 aliquando

1563 2033 1918 2085 consuluisset
1967 2034 2322 2099 Chaldaeum,
2382 2039 2451 2089 ab
2509 2041 2613 2090 hoc

1563 2109 1880 2161 constitutus
1913 2113 2082 2171 esset,
2120 2111 2218 2162 sed
2242 2114 2412 2164 totum
2434 2113 2613 2165 locum

1561 2184 1771 2249 poetice
1838 2185 2082 2234 metavit
2147 2185 2250 2236 hac
2316 2190 2609 2239 sententia:

1565 2259 1960 2320 «Quaecunque
2016 2260 2101 2308 est
2165 2260 2404 2322 genitura
2461 2275 2611 2325 mea,

1564 2334 1711 2381 certe
1756 2331 2137 2382 incredibiliter
2176 2346 2301 2384 cum
2347 2337 2437 2385 tua
2483 2350 2615 2387 con-

1563 2406 1748 2465 sentit,
1774 2404 1912 2455 adeo
1936 2408 1995 2456 ut
2016 2408 2068 2457 in
2091 2408 2199 2456 vita
2215 2409 2437 2473 eiusque
2453 2412 2615 2462 vicis-

1563 2478 1884 2532 situdinibus
1916 2482 2077 2544 atque
2112 2482 2166 2532 in
2201 2481 2349 2533 obitu
2382 2483 2499 2548 ipso
2521 2487 2615 2536 iis-

1563 2553 1692 2603 dem
1726 2566 1947 2618 prorsus
1984 2554 2071 2604 lati
2106 2552 2312 2617 legibus
2346 2556 2611 2609 obedituri

1564 2629 1785 2677 simus.»
1853 2628 2135 2691 Interpreti
2169 2628 2495 2681 consulenda
2531 2637 2615 2684 est

1565 2700 1794 2750 Reimeri
1850 2712 2078 2764 operosa
2134 2700 2419 2764 disputatio
2470 2707 2613 2769 apud

1564 2772 1921 2825 Mitscherlich
1966 2774 2021 2823 Τ.
2068 2775 2117 2823 2.
2164 2787 2284 2838 pag.
2322 2776 2437 2827 696.
2507 2779 2615 2829 Ve-

1563 2860 1686 2898 rum
1729 2843 1955 2917 πρῶτον
1996 2844 2220 2911 ψεῦδος
2256 2847 2326 2898 ab
2363 2863 2429 2900 eo
2462 2863 2615 2902 oom-

1564 2922 1792 2972 missum
1815 2922 1919 2972 hoc
1937 2924 2044 2982 est,
2071 2922 2215 2985 quod
2243 2925 2446 2985 omnia,
2475 2939 2613 2990 quae

1564 2995 1634 3046 de
1668 2996 1825 3046 astris
1859 2995 2015 3046 affert
2060 2998 2247 3059 poeta,
2296 3010 2362 3047 ex
2402 3000 2615 3052 Maece-

1564 3070 1702 3121 natis
1734 3070 1975 3132 genitura
2020 3068 2303 3133 aliquando
2336 3083 2368 3121 a
2402 3074 2614 3125 mathe-

1564 3145 1771 3196 maticis
1816 3145 2120 3207 computata
2166 3143 2449 3210 desumpta
2491 3161 2613 3200 esse

1563 3221 1712 3270 ratus
1761 3222 1859 3269 est.
1953 3217 2163 3268 Scilicet
2210 3219 2456 3270 Horatius
2507 3235 2611 3274 una

1563 3307 1689 3345 cum
1723 3291 1997 3353 omnibus,
2043 3294 2133 3356 qui
2174 3294 2301 3344 tunc
2338 3295 2609 3358 vivebant,

1562 3370 1677 3432 ipse
1735 3380 1950 3430 quoque
2007 3366 2213 3417 sciebat
2267 3366 2393 3420 alia.
2433 3369 2609 3420 sidera

1562 3443 1734 3492 amica
1767 3442 1942 3505 putari
1976 3439 2319 3501 mortalibus,
2370 3438 2471 3490 alia
2511 3444 2614 3492 ini-

1564 3517 1729 3575 mica,
1775 3527 2005 3577 eamque
2049 3514 2353 3577 opinionem
2395 3518 2612 3567 secutus

1561 3589 1663 3640 hos
1695 3601 1885 3639 versus
1919 3588 2146 3651 scripsit,
2184 3590 2427 3637 ceterum
2458 3601 2612 3652 pror-

1562 3677 1656 3715 sus
1688 3675 1913 3713 securus
1946 3665 2002 3711 et
2035 3662 2102 3711 de
2138 3674 2237 3711 suo
2271 3663 2324 3711 et
2356 3661 2424 3711 de
2452 3663 2609 3713 amici

1561 3738 1879 3801 horoscopo.
1950 3736 2111 3786 Recte
2159 3734 2226 3784 de
2261 3734 2313 3783 h.
2350 3733 2385 3783 l.
2424 3739 2607 3786 contra

1561 3811 1725 3861 miras
1767 3810 1956 3873 nuperi
2000 3808 2300 3871 interpretis
2334 3809 2608 3871 opiniones

1561 3884 1847 3948 disputavit
1880 3880 2189 3934 Luebkerus
2222 3882 2274 3930 in
2314 3882 2608 3934 Horatianis

1559 3970 1680 4022 pag.
1719 3957 1799 4008 44.
1841 3984 1897 3994 -
1942 3955 2170 4020 adspicit]
2210 3955 2362 4019 Apud
2396 3957 2607 4007 mathe-

1561 4032 1787 4081 maticos
1819 4030 2033 4094 proprie
2067 4028 2241 4078 sidera
2276 4030 2390 4093 ipsa
2423 4031 2477 4080 in
2502 4032 2609 4081 sin-

1561 4103 1809 4168 gulorum
1865 4104 2142 4154 hominum
2191 4105 2431 4167 genitura
2481 4117 2603 4155 sese

1561 4177 1875 4241 adspiciunt.
1945 4178 2192 4229 Manetho
2243 4179 2299 4239 4,
2364 4177 2451 4228 18ε
2499 4171 2604 4226 Ἢν

1561 4247 1786 4321 Κρόνος
1801 4244 2019 4313 Ἠέλιός
2046 4253 2094 4301 τ’
2119 4244 2301 4315 ἄμφω
2330 4248 2604 4301 κατίδωσι
