3234 4975
1399 372 1652 421 nonnn
1692 372 2028 436 maumam

1380 881 2054 943 ww-

884 1085 1157 1164 Qualem
1200 1087 1559 1153 ministrum
1602 1087 1880 1153 fulminis
1925 1086 2140 1153 alitem
2168 1139 2181 1162 ,

889 1206 1005 1272 Cui
1052 1227 1165 1273 rex
1211 1206 1482 1273 deorum
1527 1229 1794 1295 regnum
1841 1208 1903 1273 in
1949 1230 2102 1275 aves
2159 1187 2357 1297 vagas

767 1387 849 1435 lV.
888 1387 1052 1436 Inscr.
1090 1385 1226 1448 volg.
1263 1388 1421 1437 Drusi
1453 1387 1625 1437 laudes
1657 1386 1740 1438 vel
1775 1390 1851 1438 Ad
1882 1389 2053 1438 urbem
2087 1390 2311 1438 Romam.
2353 1416 2408 1423 -—
2444 1388 2521 1437 Ad
2569 1386 2740 1436 mbem

700 1462 978 1510 Romanam
1010 1463 1069 1511 de
1099 1461 1264 1511 indole
1294 1463 1477 1511 ductim
1508 1463 1597 1511 Bc.
1629 1489 1685 1499 —
1721 1462 1797 1512 Aa
1829 1465 2055 1512 Drusum
2080 1463 2376 1526 privignum
2406 1461 2617 1524 Auffltsti
2650 1461 2739 1522 qui

694 1541 895 1597 patrem
915 1537 1165 1586 Neronem
1183 1536 1357 1586 habuit
1379 1539 1429 1585 S.
1459 1563 1516 1573 —
1554 1539 1613 1586 In
1636 1538 1795 1586 Drusi
1814 1537 2029 1587 Neronis
2047 1539 2281 1587 virtudem
2298 1536 2354 1586 b.
2387 1564 2441 1571 —
2467 1537 2517 1586 2.
2543 1536 2653 1585 avis
2676 1537 2732 1585 B.

700 1694 785 1743 IV.
824 1694 975 1743 Drusi
1010 1705 1098 1743 res
1121 1695 1298 1755 gestas
1326 1694 1549 1755 egregiis
1572 1692 1684 1742 lau-
1714 1697 1723 1781 1
1757 1692 1905 1743 sibus
1923 1696 2045 1743 ante
2071 1705 2315 1743 mensem
2339 1691 2589 1743 Sextilem
2614 1707 2662 1742 a.
2686 1693 2800 1741 739.

635 1767 793 1817 dibus
828 1765 1088 1826 celebrat,
1128 1767 1197 1815 ita
1231 1768 1291 1815 ut
1325 1769 1438 1816 eius
1460 1768 1682 1817 virtutes

637 1842 959 1899 educationi,
1008 1854 1111 1904 qua
1149 1853 1273 1890 eum
1310 1841 1563 1890 formarat
1600 1842 1683 1890 vi-

637 1916 799 1964 tricus
843 1917 1133 1976 Augustus,
1190 1914 1451 1978 imprimis
1496 1914 1684 1964 deberi

637 1988 913 2050 significet.
975 1986 1222 2037 Claudius
1268 1989 1469 2037 Drusus
1511 1991 1678 2048 Nero,

640 2063 813 2111 minor
848 2061 1258 2122 frater-Tiberii,
1296 2064 1451 2110 natus
1474 2075 1522 2110 a.
1550 2075 1602 2111 u.
1632 2077 1680 2110 c.
1717 2048 1724 2122 l

638 2136 774 2196 7⁴6„
826 2136 1002 2184 xxm.
1057 2147 1317 2185 annorum
1369 2135 1684 2186 adolescens

636 2225 687 2260 a.
724 2224 778 2260 u.
817 2223 865 2259 c.
903 2210 1017 2260 739.
1057 2224 1159 2259 una
1203 2223 1328 2260 cum
1371 2209 1456 2260 illo
1490 2212 1683 2261 Raetos

638 2282 1046 2347 Vindelicosque
1115 2279 1424 2344 debellavit,
1495 2287 1684 2348 postea

638 2357 823 2408 consul
858 2371 907 2407 a.
945 2371 998 2407 u.
1035 2372 1081 2407 c.
1109 2358 1221 2408 745.
1262 2359 1312 2408 in
1348 2358 1684 2423 expeditione

639 2433 951 2482 Germanica
985 2434 1215 2482 mortem
1256 2432 1402 2482 obiit.
1464 2434 1534 2483 Ex
1576 2435 1686 2483 An-

639 2507 805 2567 tonia,
860 2507 1120 2555 triumviri
1157 2505 1286 2565 fllia,
1340 2510 1520 2569 genuit
1554 2510 1687 2557 Ger-

640 2582 908 2630 manicum
934 2581 1221 2631 Caesarem
1238 2619 1249 2641 ,
1289 2581 1567 2631 Claudium
1592 2583 1690 2632 im-

638 2658 967 2718 peratorem,
1024 2653 1275 2704 Livillam.
1331 2656 1493 2705 Tacit.
1548 2659 1683 2705 Ann.

643 2731 698 2790 l,
736 2730 828 2779 33:
865 2730 1023 2779 Drusi
1053 2743 1247 2791 magna
1279 2732 1417 2791 αριιά
1444 2731 1689 2792 populum

638 2807 918 2855 Romanum
948 2805 1217 2863 mernor-ia,
1267 2805 1683 2866 credebaturque,

639 2881 683 2929 si
732 2893 908 2929 rerum
951 2880 1140 2939 potitus
1197 2879 1328 2940 foret
1394 2880 1686 2942 (Augustus

641 2956 786 3004 enim
830 2966 933 3003 una
978 2966 1103 3002 cum
1137 2951 1333 3017 populo
1369 2967 1494 3003 eum
1528 2954 1689 3003 Tibe-

641 3028 720 3076 rio
778 3026 931 3089 longe
978 3025 1351 3087 anteferebat),
1411 3027 1690 3077 libertatem

640 3102 942 3150 redditurus.
1008 3099 1271 3151 Consolat.
1300 3100 1369 3149 ad
1394 3102 1592 3151 Liviam
1619 3101 1686 3151 de

576 3169 582 3175 ’
642 3177 814 3224 morte
850 3175 1004 3224 Drusi
1041 3174 1130 3223 ⁴3:
1187 3174 1373 3224 Occidit
1406 3177 1689 3238 exemplum

642 3249 833 3298 iuvenis
861 3247 1140 3297 venerabile
1170 3261 1395 3307 mormm
1428 3252 1692 3301 Man-imus

642 3322 723 3372 ille
755 3323 937 3384 armis,
971 3324 1229 3372 maximus
1260 3324 1340 3373 ille
1374 3329 1506 3388 toqa.
1554 3326 1690 3375 Sue-

643 3396 817 3446 tonius
859 3397 911 3445 in
956 3397 1151 3446 Horatii
1193 3398 1325 3447 vita:
1389 3398 1686 3461 (Augustus)

642 3471 833 3533 scripta
865 3471 1062 3533 quidem
1095 3473 1199 3522 eius
1230 3486 1386 3534 usque
1419 3475 1542 3523 adeo
1567 3486 1694 3535 pro-

643 3545 778 3594 bavit
808 3559 1151 3607 mansuraque
1182 3551 1423 3607 perpetuo
1457 3547 1692 3607 opinatus

643 3624 738 3679 est,
796 3625 852 3669 ut
892 3635 993 3669 uon
1032 3623 1179 3670 modo
1218 3621 1442 3670 seculare
1486 3633 1692 3669 carmen

640 3696 1032 3756 componendum
1054 3695 1361 3756 tutan-fcerit,
1398 3695 1483 3744 sed
1505 3699 1551 3743 et
1579 3696 1693 3743 Vin—

642 3770 854 3818 delicum
899 3769 1165 3818 victoriam
1218 3770 1393 3819 Tiberii
1436 3770 1692 3831 Drusique

637 3846 1017 3906 priviqnorum,
1062 3857 1270 3905 emaque
1310 3845 1527 3906 coessqerit
1566 3857 1692 3905 pro—

638 3923 753 3979 pter
793 3916 883 3965 hoc
925 3916 1082 3965 tribus
1122 3919 1406 3966 carminum
1445 3918 1585 3966 libris
1625 3931 1692 3967 ea>

645 3993 791 4053 louyo
856 3991 1119 4040 intervallo
1185 3997 1422 4053 quartum
1488 3993 1688 4042 addere.

648 4064 822 4114 «Haec
866 4067 946 4114 est
990 4062 1209 4127 Ecloga‚
1262 4069 1482 4129 propter
1527 4079 1691 4129 quam

646 4140 787 4188 totus
832 4139 917 4188 bic
967 4137 1103 4187 liber
1146 4139 1318 4190 editus
1366 4144 1499 4190 est.»
1560 4143 1693 4192 Pon-

648 4226 874 4261 rumor.
921 4214 1149 4261 Carmen
1185 4214 1285 4262 hoc
1317 4211 1515 4277 aliquot
1538 4227 1693 4264 men-

1757 1769 2110 1831 compositum
2127 1768 2337 1817 videtur
2359 1769 2577 1818 Frankio
2602 1769 2653 1817 F.
2677 1767 2802 1816 Hor.

1756 1855 1809 1905 p.
1844 1843 1980 1902 2⁴0„
2022 1844 2111 1904 qui
2146 1840 2214 1891 de
2250 1841 2412 1891 rebus
2436 1842 2628 1904 gestis,
2666 1855 2804 1903 quas

1758 1916 2016 1979 significat
2047 1917 2232 1978 poeta,
2269 1915 2485 1964 omnino
2520 1912 2808 1964 consulen—

1758 1990 1859 2038 dus
1904 1992 2014 2048 est,
2070 2002 2170 2038 nec
2224 1991 2401 2038 tamen
2447 1989 2533 2037 hic
2578 1987 2806 2037 exscribi

1757 2064 1951 2127 potuit;
1995 2065 2244 2126 quocirca
2286 2064 2338 2112 in
2378 2064 2480 2113 hac
2519 2062 2615 2112 Ed.
2651 2062 2808 2111 tertia

1759 2151 1862 2186 non
1886 2136 2071 2187 sustuli
2096 2138 2205 2186 Iani
2225 2136 2390 2186 verba
2416 2138 2467 2186 in
2481 2138 2716 2186 Excursu
2741 2138 2803 2196 1.,

1760 2224 1922 2274 quem
1967 2209 2050 2260 ille
2093 2213 2388 2275 inspexisse
2433 2226 2541 2261 non
2575 2211 2803 2261 videtur.

1827 2287 1873 2334 4.
1914 2286 2136 2347 Qualem]
2174 2287 2402 2336 protasis
2435 2285 2679 2349 procedit
2712 2297 2809 2334 us-

1760 2372 1866 2422 que
1903 2359 1972 2408 ad
2003 2373 2053 2409 v.
2096 2361 2183 2409 ⁴6:
2242 2360 2495 2419 «Qualem
2542 2357 2808 2410 novellam

1760 2432 1992 2496 aquilam
2007 2457 2065 2470 --
2080 2432 2361 2497 qualemve
2384 2433 2615 2493 leonem,
2642 2430 2805 2483 talem

1761 2507 1942 2557 videre
1967 2507 2220 2558 Vindelici
2243 2510 2479 2559 Drusum
2500 2506 2810 2559 adolescen-

1761 2585 1925 2632 tem.»
1957 2610 2010 2618 —
2035 2584 2322 2632 ministrum
2349 2584 2587 2646 fulminis]
2622 2581 2807 2646 Aquila

1762 2656 1899 2707 Iovis
1935 2655 2150 2707 fulmina
2186 2658 2414 2707 custodit
2446 2661 2607 2721 atque
2643 2659 2692 2707 ei
2727 2658 2809 2706 ia-

1763 2731 1951 2782 cienda
1992 2732 2225 2795 porrigit.
2298 2732 2430 2780 Hinc
2471 2732 2712 2782 Ciceroni
2753 2732 2807 2780 in

1763 2806 1910 2855 Marii
1944 2807 2148 2868 Fragm.
2187 2818 2240 2868 p.
2275 2806 2397 2854 567:
2449 2807 2579 2855 Iovis
2610 2805 2811 2855 altisoni

1760 2906 1785 2916 -
1803 2906 1827 2917 -
1842 2881 2062 2941 pinnata
2081 2879 2288 2929 satelles,
2337 2879 2487 2930 Idem
2509 2881 2651 2930 Arat.
2678 2878 2806 2930 294:

1760 2955 1940 3004 sumunt
1969 2954 2101 3003 Iovis
2121 2954 2223 3003 ales
2241 2954 2462 3003 nuntius.
2501 2954 2640 3017 Virg.
2661 2956 2800 3003 Aen.

1764 3031 1821 3089 ὅ,
1857 3029 1980 3078 255:
2032 3027 2162 3077 Iovis
2193 3027 2433 3090 armtqer.
2489 3025 2617 3077 Plin.
2654 3029 2716 3077 H.
2743 3030 2805 3078 N.

1766 3103 1845 3163 ⁴0,
1873 3102 1920 3162 3,
1947 3101 2002 3152 4:
2040 3102 2238 3164 Neqaut
2257 3115 2482 3161 uuquam
2503 3102 2662 3151 solam
2681 3102 2811 3150 hanc

1763 3178 1932 3226 alitem
1953 3177 2300 3225 evantmatam
2328 3175 2562 3238 flamiam
2599 3176 2708 3225 ideo
2730 3188 2814 3225 ar-

1764 3253 2021 3314 migeram
2057 3251 2192 3300 Iovis
2220 3252 2517 3300 cousuetudo
2550 3250 2808 3299 iudicavit.

1765 3327 1849 3375 Sic
1869 3324 2011 3389 apud
2035 3323 2163 3373 Plat.
2185 3322 2382 3373 Phaed.
2402 3336 2456 3386 p.
2474 3324 2556 3374 85.
2576 3327 2633 3373 A.
2657 3325 2811 3385 cycni

1765 3401 1889 3450 sunt
1936 3396 2187 3461 Apollinis
2237 3393 2603 3467 θεράποντες.
2674 3397 2811 3448 Alibi

1765 3472 1887 3523 talia
1938 3470 2181 3522 animalia
2235 3470 2460 3520 deorum
2500 3472 2681 3533 famuli
2714 3484 2813 3520 vo-

1767 3550 1970 3596 cantur.
2009 3547 2115 3595 Cfr.
2142 3546 2342 3595 Grimm
2376 3546 2616 3595 Reiuhart
2658 3545 2816 3595 Fuchs

1765 3634 1819 3684 p.
1846 3620 2017 3670 XLIV.
2056 3622 2251 3670 Contra
2286 3618 2378 3668 Iob
2403 3621 2460 3680 5,
2499 3621 2547 3669 7.
2592 3620 2816 3682 samnis

1762 3695 1897 3757 filias
1928 3692 2156 3757 appellat
2191 3693 2411 3757 aquilas».

1831 3770 1881 3818 2.
1940 3770 2175 3832 requam]
2229 3769 2313 3818 Sic
2364 3767 2590 3818 Pindaro
2640 3766 2812 3831 aquila

1768 3847 1852 3894 est
1895 3837 2079 3912 ἀρχὸς
2125 3837 2346 3891 οἰωνῶν
2393 3843 2572 3905 (Pyth.
2612 3844 2672 3903 l,
2723 3842 2813 3904 7.),

1768 3916 1989 3967 οἰωνῶν
2021 3913 2313 3978 βασιλεύς.
2364 3916 2454 3977 (01.
2496 3917 2576 3976 43,
2614 3916 2695 3965 24.
2733 3915 2813 3976 Β.)

1773 4020 1827 4027 -
1866 4004 1982 4041 aves
2001 3992 2180 4054 vaqas]
2220 3985 2688 4060 «ffiepocpoltovgm
2729 3990 2815 4038 Sic

1769 4066 1864 4115 Od.
1902 4066 1959 4126 3,
1996 4067 2084 4125 27,
2126 4067 2214 4115 ⁴6:
2268 4078 2406 4129 vaga
2437 4067 2635 4115 cornix.
2671 4064 2810 4125 Virg.

1771 4142 1873 4191 Cir.
1915 4141 2036 4190 497:
2072 4154 2236 4204 vagae
2256 4167 2284 4177 -
2304 4141 2544 4190 volucre-5.

1834 4214 1886 4265 4.
1937 4215 1988 4263 in
2026 4214 2325 4275 Ganymede]
2373 4214 2444 4263 Ex
2489 4213 2684 4264 Horatii
2722 4212 2819 4275 igi-
