3234 4975
680 403 802 468 382
1446 404 1702 455 flonssn
1739 403 2076 455 mammona

1022 558 1380 625 Diiudicata
1426 556 1535 625 lite
1580 558 2015 645 relinqueret,

1107 679 1403 747 Tendens
1450 679 1841 747 Venafranos
1888 680 1949 744 in
1995 700 2187 767 agros
2773 684 2811 744 ὃ

1186 803 1308 866 Aut
1349 800 1936 867 Lacedaemonium
1987 803 2347 867 Tarentum.

2816 684 2853 744 03

813 959 892 1010 54.
932 960 1247 1010 Disiudt'cata
1280 976 1315 1026 y
1349 974 1434 1024 ap.
1474 960 1687 1011 Kirchn.
1727 974 1780 1024 p.
1819 960 1899 1011 36.
1943 988 1996 997 —
2034 962 2118 1011 55.
2155 961 2394 1024 umiafros
2425 962 2480 1010 T.

748 1100 829 1148 55.
889 1100 970 1148 56.
1036 1099 1369 1163 Venafranos]
1443 1100 1735 1149 Venafrum
1811 1102 1925 1149 tum
1948 1098 2236 1150 serebatur.
2292 1099 2387 1149 Od.
2413 1101 2475 1159 2,
2501 1100 2560 1159 6,
2592 1100 2668 1149 Μ.
2708 1102 2859 1151 Uter-

683 1177 983 1222 extremum
1032 1174 1083 1222 in
1118 1175 1536 1236 septentrionem
1572 1175 1736 1224 Cam·
1811 1187 1916 1237 que
1967 1177 2148 1225 autem
2198 1176 2397 1223 tractus
2447 1174 2857 1225 amoenissimus

683 1248 872 1311 paniae
895 1247 1167 1310 oppidum.
1196 1274 1249 1283 —
1270 1248 1732 1312 Lacedaemonimn]
1813 1250 1942 1297 erat.

684 1326 723 1371 A
760 1320 1047 1371 Phalantho
1088 1321 1510 1373 Lacedaemonio
1545 1323 1735 1373 condi-

1625 1558 1904 1567 -————-

1377 1692 2118 1798 ExcunsiJs

1627 1872 1906 1919 Anv.⁴5.

814 2023 861 2068 ot
892 2019 1117 2080 evemplo
1165 2018 1431 2082 trahentis]
1485 2018 1623 2068 Cum
1673 2018 1759 2068 hic
1809 2016 1958 2070 locus
2009 2032 2073 2068 ex
2126 2019 2512 2073 difficilioribus
2547 2023 2639 2081 sit,
2695 2021 2855 2071 etiam

687 2100 879 2163 Regelii
916 2105 970 2151 et
1012 2100 1397 2163 Dillenburgeri
1434 2101 1899 2165 interpretationes
1931 2114 2203 2166 apponere
2239 2105 2399 2156 iuvat.
2437 2107 2640 2156 Ruunt:
2683 2102 2858 2153 «Alias

688 2183 908 2247 quidem
959 2183 1204 2248 exemplo
1254 2184 1413 2234 trahit
1462 2186 1758 2247 perniciem
1792 2187 1865 2245 iS,
1925 2187 2016 2249 qui
2049 2188 2306 2250 perniciei
2357 2191 2546 2239 auctor
2596 2192 2734 2247 esta
2771 2187 2857 2235 hic

688 2270 868 2318 autem
905 2266 1303 2330 intelligendum
1339 2281 1458 2318 esse
1495 2282 1648 2328 eum,
1703 2270 1794 2331 qui
1843 2272 2022 2319 mente
2071 2272 2366 2334 perniciem
2401 2270 2648 2335 exemplo
2685 2271 2857 2319 trahat

687 2350 758 2401 ad
806 2354 1080 2416 posteroS‚
1140 2353 1267 2402 satis
1319 2351 1556 2402 declarat
1605 2353 1846 2416 opposita
1898 2354 2190 2414 sententia,
2261 2355 2318 2404 Si
2363 2370 2465 2404 non
2505 2356 2697 2417 periret
2751 2356 2852 2403 cet.

687 2433 1041 2486 praevidebat
1073 2434 1330 2498 ReguluS,
1391 2437 1432 2486 si
1470 2435 1863 2486 redimerentur
1896 2436 2121 2501 captivi,
2182 2436 2427 2502 exemplo
2460 2438 2753 2502 perniciem
2789 2436 2858 2487 ad

688 2522 935 2583 posteros
985 2521 1335 2582 propagatum
1384 2521 1481 2578 iri;
1554 2523 1666 2583 ipse
1722 2520 1879 2583 igitur
1934 2520 2331 2584 quodammodo
2387 2522 2714 2587 propagabat
2769 2519 2859 2571 tali

688 2601 936 2667 exemplo
970 2602 1263 2666 perniciem
1313 2601 1382 2651 ad
1432 2605 1703 2666 posteros,
1758 2618 1883 2654 cum
1934 2606 2134 2654 oritura
2169 2605 2294 2656 inde
2327 2604 2466 2656 mala
2499 2605 2853 2670 praediceret.

689 2687 851 2736 Recte
885 2686 1205 2735 sententiam
1241 2686 1502 2749 expressit
1533 2689 1734 2736 Acron:
1792 2688 1874 2737 «in
1910 2686 2209 2739 futurorum
2242 2689 2536 2754 perniciem
2569 2700 2857 2752 processu·
2903 2725 2912 2732 ,

690 2782 839 2829 rum,
900 2770 942 2820 si
990 2768 1093 2818 tale
1128 2767 1489 2818 deduceretur
1540 2768 1652 2831 (Ed.
1692 2769 1823 2819 Ven.
1864 2768 2021 2820 ⁴48⁴:
2075 2771 2359 2837 duceretur)
2409 2771 2714 2836 exemplum
2749 2772 2854 2820 Ro-

690 2852 859 2901 manis
897 2865 1000 2901 non
1034 2852 1410 2915 pereuntibus,
1450 2854 1539 2915 qui
1575 2853 1691 2917 capi
1727 2855 2024 2916 poterant.»
2095 2856 2506 2906 Dinnnnuaenn:
2563 2856 2731 2905 «Vera
2767 2857 2856 2904 est

691 2933 859 2984 Codd.
884 2934 1173 2997 scriptura;
1214 2934 1547 2997 participium
1582 2938 1763 2986 tamen
1798 2937 2037 2986 trahmtis
2071 2949 2178 2987 non
2203 2939 2313 2988 est:
2354 2938 2439 3000 qui
2461 2938 2716 2999 trahebat,
2755 2936 2855 2988 sed

691 3019 780 3077 qui
809 3017 1044 3066 traheret.
1112 3014 1341 3078 Regulus
1392 3017 1558 3080 enim,
1613 3019 1658 3069 si
1707 3019 1897 3083 captivi
1939 3020 1998 3068 ut
2029 3019 2422 3070 redimerentur
2462 3022 2753 3082 suasisset,
2813 3020 2860 3070 si

691 3099 1121 3164 obtemperasset
1170 3101 1467 3150 amicorum
1517 3115 1581 3151 ac
1633 3103 1791 3152 totius
1827 3103 1938 3153 fere
1974 3103 2198 3154 civitatis
2232 3103 2512 3167 precibus,
2565 3105 2858 3169 perniciem

693 3185 807 3247 ipse
841 3195 938 3233 suo
974 3182 1218 3247 exemplo
1253 3184 1305 3233 in
1340 3183 1571 3234 suturam
1606 3187 1838 3236 aetatem
1862 3186 2142 3247 traxisset,
2180 3187 2250 3236 ad
2272 3188 2535 3250 ignaviam
2560 3188 2854 3238 evocasset.

694 3266 880 3331 incipit
915 3266 1068 3328 igitur
1099 3280 1129 3315 a
1163 3280 1248 3316 vv.
1297 3273 1343 3318 et
1383 3269 1609 3331 eaeemplo
1651 3269 1892 3319 ιναὴοηιᾶε
1934 3269 2279 3334 hypothetica
2316 3284 2479 3334 quam
2513 3271 2697 3320 dicunt
2729 3284 2858 3321 sen-

689 3351 887 3411 tentia,
927 3362 1102 3412 neque
1137 3350 1189 3399 id
1224 3353 1406 3401 movet
1437 3351 1832 3412 difficultatem,
1870 3353 2016 3416 quod
2051 3352 2279 3404 alterum
2302 3354 2638 3418 participium
2673 3355 2859 3404 dissen-

691 3435 856 3484 tientis
903 3436 989 3484 est
1033 3447 1133 3498 pro
1187 3436 1320 3498 «qui
1353 3434 1769 3497 dissentiebat»,
1825 3436 1984 3486 modo
2019 3436 2394 3497 recordemur,
2453 3437 2507 3487 in
2541 3435 2629 3487 illo
2663 3451 2858 3500 genere

691 3517 1087 3567 enuntiatorum
1137 3518 1452 3568 coniunctivi
1506 3519 1649 3569 modi
1702 3518 1878 3569 locum
1930 3518 1999 3568 ab
2051 3519 2334 3570 indicativo
2377 3533 2540 3583 saepe
2586 3520 2852 3584 occupari.

693 3601 856 3652 Cuius
907 3602 982 3651 rei
1036 3599 1279 3666 exempla
1330 3602 1458 3651 satis
1508 3603 1775 3665 congessit
1820 3603 2012 3666 Zumpt
2051 3604 2164 3654 Lat.
2204 3603 2292 3654 Gr.
2332 3602 2380 3667 g.
2419 3603 2569 3653 5⁴9.»
2657 3605 2859 3667 (Fateor

692 3687 900 3744 tamen,
940 3684 1076 3734 hanc
1110 3684 1597 3748 interpretationem
1634 3685 1789 3734 nimis
1825 3684 2165 3737 artificiosam
2199 3687 2327 3737 mihi
2364 3685 2569 3750 videri.)
