<?xml version="1.0" encoding="UTF-8"?>
<!DOCTYPE html PUBLIC "-//W3C//DTD XHTML 1.0 Transitional//EN"
    "http://www.w3.org/TR/xhtml1/DTD/xhtml1-transitional.dtd">
<html xmlns="http://www.w3.org/1999/xhtml" xml:lang="en" lang="en">
 <head>
  <title>
</title>
<meta http-equiv="Content-Type" content="text/html;charset=utf-8" />
  <meta name='ocr-system' content='tesseract 3.04.00' />
  <meta name='ocr-capabilities' content='ocr_page ocr_carea ocr_par ocr_line ocrx_word'/>
</head>
<body>
  <div class='ocr_page' id='page_1' title='image "./qhoratiusflaccu05baitgoog_0081.png"; bbox 0 0 3234 4975; ppageno 0'>
   <div class='ocr_carea' id='block_1_1' title="bbox 677 411 2546 1306">
    <p class='ocr_par' dir='ltr' id='par_1_1' title="bbox 677 411 2546 1306">
     <span class='ocr_line' id='line_1_1' title="bbox 1242 411 2546 472; baseline -0.005 -6"><span class='ocrx_word' id='word_1_1' title='bbox 1242 417 1358 466; x_wconf 79' lang='lat' dir='ltr'><strong>Lm.</strong></span> <span class='ocrx_word' id='word_1_2' title='bbox 1399 417 1436 465; x_wconf 86' lang='lat'><strong>1.</strong></span> <span class='ocrx_word' id='word_1_3' title='bbox 1509 416 1566 466; x_wconf 88' lang='lat' dir='ltr'><strong>c.</strong></span> <span class='ocrx_word' id='word_1_4' title='bbox 1607 415 1688 464; x_wconf 78' lang='lat' dir='ltr'><strong>lx.</strong></span> <span class='ocrx_word' id='word_1_5' title='bbox 2465 411 2546 472; x_wconf 75' lang='grc'><strong>63</strong></span> 
     </span>
     <span class='ocr_line' id='line_1_2' title="bbox 683 567 2546 658; baseline -0.005 -18"><span class='ocrx_word' id='word_1_6' title='bbox 683 577 976 640; x_wconf 73' lang='lat' dir='ltr'><strong>Sti-avere</strong></span> <span class='ocrx_word' id='word_1_7' title='bbox 1024 582 1247 638; x_wconf 91' lang='lat' dir='ltr'><strong>ventos</strong></span> <span class='ocrx_word' id='word_1_8' title='bbox 1291 589 1577 658; x_wconf 88' lang='lat' dir='ltr'><strong>aequore</strong></span> <span class='ocrx_word' id='word_1_9' title='bbox 1623 568 1869 635; x_wconf 80' lang='lat' dir='ltr'><strong>fervido</strong></span> <span class='ocrx_word' id='word_1_10' title='bbox 2467 567 2546 632; x_wconf 72' lang='lat'><strong>⁴0</strong></span> 
     </span>
     <span class='ocr_line' id='line_1_3' title="bbox 764 691 1788 783; baseline -0.005 -21"><span class='ocrx_word' id='word_1_11' title='bbox 764 693 1281 783; x_wconf 75' lang='lat' dir='ltr'><strong>Deproeliante3‚</strong></span> <span class='ocrx_word' id='word_1_12' title='bbox 1328 714 1451 760; x_wconf 89' lang='lat' dir='ltr'><strong>nec</strong></span> <span class='ocrx_word' id='word_1_13' title='bbox 1494 691 1788 779; x_wconf 83' lang='lat' dir='ltr'>cupressi</span> 
     </span>
     <span class='ocr_line' id='line_1_4' title="bbox 762 813 1752 902; baseline -0.004 -21"><span class='ocrx_word' id='word_1_14' title='bbox 762 818 892 884; x_wconf 81' lang='lat' dir='ltr'><strong>Nec</strong></span> <span class='ocrx_word' id='word_1_15' title='bbox 933 826 1188 883; x_wconf 88' lang='lat' dir='ltr'><strong>veteres</strong></span> <span class='ocrx_word' id='word_1_16' title='bbox 1230 814 1548 902; x_wconf 77' lang='lat' dir='ltr'>agitantur</span> <span class='ocrx_word' id='word_1_17' title='bbox 1590 813 1752 879; x_wconf 89' lang='lat' dir='ltr'><strong>orni.</strong></span> 
     </span>
     <span class='ocr_line' id='line_1_5' title="bbox 678 972 2216 1060; baseline -0.004 -17"><span class='ocrx_word' id='word_1_18' title='bbox 678 976 846 1056; x_wconf 86' lang='lat' dir='ltr'><strong>Quid</strong></span> <span class='ocrx_word' id='word_1_19' title='bbox 890 977 973 1042; x_wconf 88' lang='lat' dir='ltr'><strong>sit</strong></span> <span class='ocrx_word' id='word_1_20' title='bbox 1016 975 1297 1040; x_wconf 76' lang='lat' dir='ltr'><strong>futurum</strong></span> <span class='ocrx_word' id='word_1_21' title='bbox 1339 993 1514 1050; x_wconf 81' lang='lat' dir='ltr'><strong>craS‚</strong></span> <span class='ocrx_word' id='word_1_22' title='bbox 1561 972 1711 1060; x_wconf 78' lang='lat' dir='ltr'><strong>fuge</strong></span> <span class='ocrx_word' id='word_1_23' title='bbox 1755 992 2075 1060; x_wconf 81' lang='lat' dir='ltr'><strong>quaerere</strong></span> <span class='ocrx_word' id='word_1_24' title='bbox 2120 982 2216 1048; x_wconf 90' lang='lat' dir='ltr'><strong>et,</strong></span> 
     </span>
     <span class='ocr_line' id='line_1_6' title="bbox 677 1092 2166 1182; baseline -0.003 -18"><span class='ocrx_word' id='word_1_25' title='bbox 677 1100 884 1178; x_wconf 90' lang='lat' dir='ltr'><strong>Quem</strong></span> <span class='ocrx_word' id='word_1_26' title='bbox 930 1100 1086 1163; x_wconf 90' lang='lat' dir='ltr'><strong>Fors</strong></span> <span class='ocrx_word' id='word_1_27' title='bbox 1129 1095 1383 1162; x_wconf 90' lang='lat' dir='ltr'><strong>dierum</strong></span> <span class='ocrx_word' id='word_1_28' title='bbox 1425 1114 1685 1182; x_wconf 91' lang='lat' dir='ltr'><strong>cunque</strong></span> <span class='ocrx_word' id='word_1_29' title='bbox 1730 1092 1936 1168; x_wconf 90' lang='lat' dir='ltr'><strong>dabit,</strong></span> <span class='ocrx_word' id='word_1_30' title='bbox 1985 1093 2166 1160; x_wconf 91' lang='lat' dir='ltr'><strong>lucro</strong></span> 
     </span>
     <span class='ocr_line' id='line_1_7' title="bbox 758 1215 2544 1306; baseline -0.003 -22"><span class='ocrx_word' id='word_1_31' title='bbox 758 1221 1055 1306; x_wconf 81' lang='lat' dir='ltr'><strong>Appone‚</strong></span> <span class='ocrx_word' id='word_1_32' title='bbox 1108 1238 1228 1284; x_wconf 93' lang='lat' dir='ltr'><strong>nec</strong></span> <span class='ocrx_word' id='word_1_33' title='bbox 1272 1215 1498 1283; x_wconf 83' lang='lat' dir='ltr'><strong>dulces</strong></span> <span class='ocrx_word' id='word_1_34' title='bbox 1544 1236 1801 1281; x_wconf 90' lang='lat' dir='ltr'><strong>amores</strong></span> <span class='ocrx_word' id='word_1_35' title='bbox 2468 1215 2544 1281; x_wconf 73' lang='lat'><strong>15</strong></span> 
     </span>
    </p>
   </div>
   <div class='ocr_carea' id='block_1_2' title="bbox 758 1335 1941 1429">
    <p class='ocr_par' dir='ltr' id='par_1_2' title="bbox 758 1335 1941 1429">
     <span class='ocr_line' id='line_1_8' title="bbox 758 1335 1941 1429; baseline -0.005 -21"><span class='ocrx_word' id='word_1_36' title='bbox 758 1343 1003 1429; x_wconf 83' lang='lat' dir='ltr'><strong>Sperne</strong></span> <span class='ocrx_word' id='word_1_37' title='bbox 1048 1360 1211 1429; x_wconf 91' lang='lat' dir='ltr'><strong>puer</strong></span> <span class='ocrx_word' id='word_1_38' title='bbox 1254 1357 1469 1426; x_wconf 88' lang='lat' dir='ltr'><strong>neque</strong></span> <span class='ocrx_word' id='word_1_39' title='bbox 1520 1347 1588 1404; x_wconf 94' lang='lat' dir='ltr'><strong>tu</strong></span> <span class='ocrx_word' id='word_1_40' title='bbox 1632 1335 1941 1412; x_wconf 76' lang='lat' dir='ltr'><strong>chorea5‚</strong></span> 
     </span>
    </p>
   </div>
   <div class='ocr_carea' id='block_1_3' title="bbox 513 1554 1661 1618">
    <p class='ocr_par' dir='ltr' id='par_1_3' title="bbox 513 1554 1661 1618">
     <span class='ocr_line' id='line_1_9' title="bbox 513 1554 1661 1618; baseline -0.007 -7"><span class='ocrx_word' id='word_1_41' title='bbox 513 1560 590 1611; x_wconf 65' lang='grc'><strong>44.</strong></span> <span class='ocrx_word' id='word_1_42' title='bbox 630 1561 756 1609; x_wconf 74' lang='lat' dir='ltr'><strong>Fors</strong></span> <span class='ocrx_word' id='word_1_43' title='bbox 786 1559 1062 1618; x_wconf 83' lang='lat' dir='ltr'><strong>bSTc,LCt</strong></span> <span class='ocrx_word' id='word_1_44' title='bbox 1094 1559 1149 1607; x_wconf 89' lang='lat' dir='ltr'><strong>et</strong></span> <span class='ocrx_word' id='word_1_45' title='bbox 1181 1554 1376 1606; x_wconf 90' lang='lat' dir='ltr'><strong>Bentl.:</strong></span> <span class='ocrx_word' id='word_1_46' title='bbox 1414 1568 1524 1605; x_wconf 75' lang='lat' dir='ltr'><strong>sors</strong></span> <span class='ocrx_word' id='word_1_47' title='bbox 1555 1554 1661 1607; x_wconf 74' lang='lat' dir='ltr'><strong>Fu.</strong></span> 
     </span>
    </p>
   </div>
   <div class='ocr_carea' id='block_1_4' title="bbox 371 1744 1423 4057">
    <p class='ocr_par' dir='ltr' id='par_1_4' title="bbox 371 1744 1423 4057">
     <span class='ocr_line' id='line_1_10' title="bbox 380 1744 1416 1808; baseline -0.008 -10"><span class='ocrx_word' id='word_1_48' title='bbox 380 1747 649 1798; x_wconf 82' lang='lat' dir='ltr'><strong>saevienti.</strong></span> <span class='ocrx_word' id='word_1_49' title='bbox 674 1773 729 1781; x_wconf 89' lang='lat'>—</span> <span class='ocrx_word' id='word_1_50' title='bbox 750 1744 1002 1808; x_wconf 79' lang='lat' dir='ltr'><strong>stravere]</strong></span> <span class='ocrx_word' id='word_1_51' title='bbox 1028 1745 1078 1792; x_wconf 89' lang='lat' dir='ltr'><strong>in</strong></span> <span class='ocrx_word' id='word_1_52' title='bbox 1103 1755 1261 1808; x_wconf 87' lang='lat' dir='ltr'><strong>prosa</strong></span> <span class='ocrx_word' id='word_1_53' title='bbox 1284 1744 1416 1791; x_wconf 89' lang='lat' dir='ltr'><strong>orat.</strong></span> 
     </span>
     <span class='ocr_line' id='line_1_11' title="bbox 381 1816 1421 1882; baseline -0.008 -9"><span class='ocrx_word' id='word_1_54' title='bbox 381 1823 707 1882; x_wconf 77' lang='lat' dir='ltr'><strong>«sedavere,</strong></span> <span class='ocrx_word' id='word_1_55' title='bbox 744 1816 1204 1882; x_wconf 79' lang='lat' dir='ltr'><strong>tranquillavere.»</strong></span> <span class='ocrx_word' id='word_1_56' title='bbox 1235 1843 1289 1852; x_wconf 92' lang='lat'><strong>—-</strong></span> <span class='ocrx_word' id='word_1_57' title='bbox 1316 1817 1421 1866; x_wconf 78' lang='lat' dir='ltr'><strong>De-</strong></span> 
     </span>
     <span class='ocr_line' id='line_1_12' title="bbox 372 1891 1420 1959; baseline -0.007 -13"><span class='ocrx_word' id='word_1_58' title='bbox 372 1895 688 1959; x_wconf 76' lang='lat' dir='ltr'><strong>proeliantes]</strong></span> <span class='ocrx_word' id='word_1_59' title='bbox 745 1894 880 1954; x_wconf 70' lang='lat' dir='ltr'><strong>«Qui</strong></span> <span class='ocrx_word' id='word_1_60' title='bbox 927 1894 979 1942; x_wconf 91' lang='lat' dir='ltr'><strong>in</strong></span> <span class='ocrx_word' id='word_1_61' title='bbox 1023 1891 1235 1941; x_wconf 90' lang='lat' dir='ltr'><strong>turbido</strong></span> <span class='ocrx_word' id='word_1_62' title='bbox 1286 1891 1420 1939; x_wconf 87' lang='lat' dir='ltr'><strong>mari</strong></span> 
     </span>
     <span class='ocr_line' id='line_1_13' title="bbox 378 1967 1422 2021; baseline -0.008 0"><span class='ocrx_word' id='word_1_63' title='bbox 378 1972 636 2021; x_wconf 84' lang='lat' dir='ltr'><strong>acerrime</strong></span> <span class='ocrx_word' id='word_1_64' title='bbox 672 1971 810 2019; x_wconf 88' lang='lat' dir='ltr'><strong>inter</strong></span> <span class='ocrx_word' id='word_1_65' title='bbox 825 1981 884 2018; x_wconf 86' lang='lat' dir='ltr'><strong>se</strong></span> <span class='ocrx_word' id='word_1_66' title='bbox 909 1967 1223 2018; x_wconf 75' lang='lat' dir='ltr'><strong>luctantur.»</strong></span> <span class='ocrx_word' id='word_1_67' title='bbox 1252 1991 1307 2002; x_wconf 91' lang='lat'>—</span> <span class='ocrx_word' id='word_1_68' title='bbox 1332 1978 1422 2014; x_wconf 78' lang='lat' dir='ltr'><strong>noc</strong></span> 
     </span>
     <span class='ocr_line' id='line_1_14' title="bbox 376 2041 1423 2109; baseline -0.007 -14"><span class='ocrx_word' id='word_1_69' title='bbox 376 2045 608 2109; x_wconf 73' lang='lat' dir='ltr'><strong>cupressi]</strong></span> <span class='ocrx_word' id='word_1_70' title='bbox 646 2043 863 2094; x_wconf 84' lang='lat' dir='ltr'><strong>Libente</strong></span> <span class='ocrx_word' id='word_1_71' title='bbox 898 2043 1074 2093; x_wconf 89' lang='lat' dir='ltr'><strong>animo</strong></span> <span class='ocrx_word' id='word_1_72' title='bbox 1110 2041 1423 2091; x_wconf 85' lang='lat' dir='ltr'><strong>immoratur</strong></span> 
     </span>
     <span class='ocr_line' id='line_1_15' title="bbox 378 2116 1420 2184; baseline -0.007 -14"><span class='ocrx_word' id='word_1_73' title='bbox 378 2123 429 2171; x_wconf 90' lang='lat' dir='ltr'><strong>in</strong></span> <span class='ocrx_word' id='word_1_74' title='bbox 454 2119 749 2184; x_wconf 87' lang='lat' dir='ltr'><strong>gratissima</strong></span> <span class='ocrx_word' id='word_1_75' title='bbox 773 2118 1000 2181; x_wconf 82' lang='lat' dir='ltr'><strong>imagine</strong></span> <span class='ocrx_word' id='word_1_76' title='bbox 1023 2116 1213 2181; x_wconf 85' lang='lat' dir='ltr'><strong>plenae</strong></span> <span class='ocrx_word' id='word_1_77' title='bbox 1238 2127 1420 2164; x_wconf 90' lang='lat' dir='ltr'><strong>rerum</strong></span> 
     </span>
     <span class='ocr_line' id='line_1_16' title="bbox 377 2192 1416 2258; baseline -0.007 -13"><span class='ocrx_word' id='word_1_78' title='bbox 377 2192 758 2258; x_wconf 81' lang='lat' dir='ltr'><strong>tranquillitatis</strong></span> <span class='ocrx_word' id='word_1_79' title='bbox 793 2207 823 2242; x_wconf 91' lang='lat' dir='ltr'><strong>a</strong></span> <span class='ocrx_word' id='word_1_80' title='bbox 864 2193 945 2242; x_wconf 90' lang='lat' dir='ltr'><strong>dis</strong></span> <span class='ocrx_word' id='word_1_81' title='bbox 975 2206 1141 2241; x_wconf 91' lang='lat' dir='ltr'><strong>verno</strong></span> <span class='ocrx_word' id='word_1_82' title='bbox 1175 2192 1416 2254; x_wconf 87' lang='lat' dir='ltr'><strong>tempore</strong></span> 
     </span>
     <span class='ocr_line' id='line_1_17' title="bbox 376 2265 1414 2334; baseline -0.007 -15"><span class='ocrx_word' id='word_1_83' title='bbox 376 2271 496 2334; x_wconf 85' lang='lat' dir='ltr'><strong>post</strong></span> <span class='ocrx_word' id='word_1_84' title='bbox 530 2269 721 2331; x_wconf 77' lang='lat' dir='ltr'><strong>frigora</strong></span> <span class='ocrx_word' id='word_1_85' title='bbox 754 2269 809 2316; x_wconf 89' lang='lat' dir='ltr'><strong>et</strong></span> <span class='ocrx_word' id='word_1_86' title='bbox 841 2265 1100 2330; x_wconf 88' lang='lat' dir='ltr'><strong>procellas</strong></span> <span class='ocrx_word' id='word_1_87' title='bbox 1122 2266 1414 2316; x_wconf 82' lang='lat' dir='ltr'><strong>restitutae.</strong></span> 
     </span>
     <span class='ocr_line' id='line_1_18' title="bbox 378 2343 1420 2406; baseline -0.006 -12"><span class='ocrx_word' id='word_1_88' title='bbox 378 2344 576 2404; x_wconf 65' lang='lat' dir='ltr'><strong>nonni,</strong></span> <span class='ocrx_word' id='word_1_89' title='bbox 632 2343 752 2406; x_wconf 90' lang='lat' dir='ltr'><strong>quia</strong></span> <span class='ocrx_word' id='word_1_90' title='bbox 796 2343 1084 2405; x_wconf 86' lang='lat' dir='ltr'><strong>picturam,</strong></span> <span class='ocrx_word' id='word_1_91' title='bbox 1129 2353 1265 2403; x_wconf 89' lang='lat' dir='ltr'><strong>quae</strong></span> <span class='ocrx_word' id='word_1_92' title='bbox 1299 2352 1420 2388; x_wconf 91' lang='lat' dir='ltr'><strong>ma-</strong></span> 
     </span>
     <span class='ocr_line' id='line_1_19' title="bbox 376 2414 1413 2482; baseline -0.006 -15"><span class='ocrx_word' id='word_1_93' title='bbox 376 2431 609 2482; x_wconf 87' lang='lat' dir='ltr'><strong>gnopere</strong></span> <span class='ocrx_word' id='word_1_94' title='bbox 643 2416 856 2481; x_wconf 89' lang='lat' dir='ltr'><strong>placere</strong></span> <span class='ocrx_word' id='word_1_95' title='bbox 892 2415 1127 2465; x_wconf 88' lang='lat' dir='ltr'><strong>debebat</strong></span> <span class='ocrx_word' id='word_1_96' title='bbox 1149 2414 1413 2474; x_wconf 85' lang='lat' dir='ltr'><strong>Romanis,</strong></span> 
     </span>
     <span class='ocr_line' id='line_1_20' title="bbox 376 2489 1417 2556; baseline -0.004 -14"><span class='ocrx_word' id='word_1_97' title='bbox 376 2495 433 2543; x_wconf 90' lang='lat' dir='ltr'><strong>ut</strong></span> <span class='ocrx_word' id='word_1_98' title='bbox 467 2506 607 2542; x_wconf 90' lang='lat' dir='ltr'><strong>nunc</strong></span> <span class='ocrx_word' id='word_1_99' title='bbox 641 2504 852 2555; x_wconf 88' lang='lat' dir='ltr'><strong>quoque</strong></span> <span class='ocrx_word' id='word_1_100' title='bbox 875 2490 1051 2556; x_wconf 89' lang='lat' dir='ltr'><strong>placet</strong></span> <span class='ocrx_word' id='word_1_101' title='bbox 1081 2489 1239 2549; x_wconf 78' lang='lat' dir='ltr'><strong>Italis,</strong></span> <span class='ocrx_word' id='word_1_102' title='bbox 1277 2492 1417 2540; x_wconf 87' lang='lat' dir='ltr'><strong>tam-</strong></span> 
     </span>
     <span class='ocr_line' id='line_1_21' title="bbox 376 2565 1415 2631; baseline -0.005 -14"><span class='ocrx_word' id='word_1_103' title='bbox 376 2580 538 2631; x_wconf 84' lang='lat' dir='ltr'><strong>quam</strong></span> <span class='ocrx_word' id='word_1_104' title='bbox 594 2565 897 2630; x_wconf 81' lang='lat' dir='ltr'><strong>languidam</strong></span> <span class='ocrx_word' id='word_1_105' title='bbox 964 2569 1123 2629; x_wconf 89' lang='lat' dir='ltr'><strong>atque</strong></span> <span class='ocrx_word' id='word_1_106' title='bbox 1190 2565 1415 2614; x_wconf 87' lang='lat' dir='ltr'><strong>otiosam</strong></span> 
     </span>
     <span class='ocr_line' id='line_1_22' title="bbox 376 2637 1417 2705; baseline -0.005 -13"><span class='ocrx_word' id='word_1_107' title='bbox 376 2643 569 2693; x_wconf 88' lang='lat' dir='ltr'><strong>acriter</strong></span> <span class='ocrx_word' id='word_1_108' title='bbox 616 2655 787 2705; x_wconf 86' lang='lat' dir='ltr'><strong>nuper</strong></span> <span class='ocrx_word' id='word_1_109' title='bbox 835 2641 1151 2705; x_wconf 81' lang='lat' dir='ltr'><strong>vituperavit</strong></span> <span class='ocrx_word' id='word_1_110' title='bbox 1198 2637 1417 2688; x_wconf 86' lang='lat' dir='ltr'><strong>Schola-</strong></span> 
     </span>
     <span class='ocr_line' id='line_1_23' title="bbox 378 2713 1417 2780; baseline -0.005 -13"><span class='ocrx_word' id='word_1_111' title='bbox 378 2719 541 2768; x_wconf 88' lang='lat' dir='ltr'><strong>sticus</strong></span> <span class='ocrx_word' id='word_1_112' title='bbox 576 2716 819 2780; x_wconf 86' lang='lat' dir='ltr'><strong>quidam;</strong></span> <span class='ocrx_word' id='word_1_113' title='bbox 858 2714 990 2766; x_wconf 89' lang='lat' dir='ltr'><strong>alius</strong></span> <span class='ocrx_word' id='word_1_114' title='bbox 1022 2728 1151 2765; x_wconf 92' lang='lat' dir='ltr'><strong>vero</strong></span> <span class='ocrx_word' id='word_1_115' title='bbox 1185 2727 1283 2764; x_wconf 86' lang='lat' dir='ltr'><strong>nos</strong></span> <span class='ocrx_word' id='word_1_116' title='bbox 1318 2713 1417 2763; x_wconf 87' lang='lat' dir='ltr'><strong>do-</strong></span> 
     </span>
     <span class='ocr_line' id='line_1_24' title="bbox 377 2790 1416 2852; baseline -0.005 -11"><span class='ocrx_word' id='word_1_117' title='bbox 377 2792 482 2841; x_wconf 86' lang='lat' dir='ltr'><strong>cuit</strong></span> <span class='ocrx_word' id='word_1_118' title='bbox 514 2795 660 2841; x_wconf 87' lang='lat' dir='ltr'><strong>recte</strong></span> <span class='ocrx_word' id='word_1_119' title='bbox 695 2792 968 2841; x_wconf 85' lang='lat' dir='ltr'><strong>Horatium</strong></span> <span class='ocrx_word' id='word_1_120' title='bbox 1003 2803 1159 2840; x_wconf 90' lang='lat' dir='ltr'><strong>usum</strong></span> <span class='ocrx_word' id='word_1_121' title='bbox 1181 2790 1416 2852; x_wconf 90' lang='lat' dir='ltr'><strong>particu-</strong></span> 
     </span>
     <span class='ocr_line' id='line_1_25' title="bbox 376 2862 1414 2916; baseline -0.003 -2"><span class='ocrx_word' id='word_1_122' title='bbox 376 2863 437 2916; x_wconf 86' lang='lat' dir='ltr'><strong>lis</strong></span> <span class='ocrx_word' id='word_1_123' title='bbox 470 2880 557 2915; x_wconf 75' lang='lat' dir='ltr'><strong>nec</strong></span> <span class='ocrx_word' id='word_1_124' title='bbox 590 2893 619 2903; x_wconf 87' lang='lat'><em>-</em></span> <span class='ocrx_word' id='word_1_125' title='bbox 652 2879 741 2915; x_wconf 74' lang='lat' dir='ltr'><strong>nec</strong></span> <span class='ocrx_word' id='word_1_126' title='bbox 783 2865 851 2914; x_wconf 88' lang='lat' dir='ltr'><strong>ab</strong></span> <span class='ocrx_word' id='word_1_127' title='bbox 898 2864 983 2914; x_wconf 90' lang='lat' dir='ltr'><strong>illo</strong></span> <span class='ocrx_word' id='word_1_128' title='bbox 1016 2864 1199 2914; x_wconf 89' lang='lat' dir='ltr'><strong>itidem</strong></span> <span class='ocrx_word' id='word_1_129' title='bbox 1233 2862 1414 2913; x_wconf 87' lang='lat' dir='ltr'><strong>nescio</strong></span> 
     </span>
     <span class='ocr_line' id='line_1_26' title="bbox 376 2939 1415 3004; baseline -0.003 -14"><span class='ocrx_word' id='word_1_130' title='bbox 376 2954 470 2990; x_wconf 91' lang='lat' dir='ltr'><strong>cur</strong></span> <span class='ocrx_word' id='word_1_131' title='bbox 502 2941 867 3004; x_wconf 86' lang='lat' dir='ltr'><strong>reprehensis:</strong></span> <span class='ocrx_word' id='word_1_132' title='bbox 906 2953 1065 2990; x_wconf 70' lang='lat' dir='ltr'><strong>«esse</strong></span> <span class='ocrx_word' id='word_1_133' title='bbox 1091 2939 1231 2989; x_wconf 88' lang='lat' dir='ltr'><strong>enim</strong></span> <span class='ocrx_word' id='word_1_134' title='bbox 1255 2951 1415 2988; x_wconf 90' lang='lat' dir='ltr'><strong>ornos</strong></span> 
     </span>
     <span class='ocr_line' id='line_1_27' title="bbox 376 3013 1415 3077; baseline -0.001 -13"><span class='ocrx_word' id='word_1_135' title='bbox 376 3013 673 3076; x_wconf 86' lang='lat' dir='ltr'><strong>altissimas,</strong></span> <span class='ocrx_word' id='word_1_136' title='bbox 713 3013 938 3065; x_wconf 85' lang='lat' dir='ltr'><strong>humiles</strong></span> <span class='ocrx_word' id='word_1_137' title='bbox 978 3016 1158 3064; x_wconf 81' lang='lat' dir='ltr'><strong>contra</strong></span> <span class='ocrx_word' id='word_1_138' title='bbox 1194 3026 1415 3077; x_wconf 87' lang='lat' dir='ltr'><strong>cupres-</strong></span> 
     </span>
     <span class='ocr_line' id='line_1_28' title="bbox 376 3087 1413 3153; baseline -0.002 -13"><span class='ocrx_word' id='word_1_139' title='bbox 376 3103 531 3149; x_wconf 65' lang='grc' dir='ltr'><strong><em>δοες»</em></strong></span> <span class='ocrx_word' id='word_1_140' title='bbox 586 3103 724 3153; x_wconf 87' lang='lat' dir='ltr'><strong>quae</strong></span> <span class='ocrx_word' id='word_1_141' title='bbox 777 3089 1021 3153; x_wconf 89' lang='lat' dir='ltr'><strong>quidem,</strong></span> <span class='ocrx_word' id='word_1_142' title='bbox 1077 3092 1133 3139; x_wconf 88' lang='lat' dir='ltr'><strong>ut</strong></span> <span class='ocrx_word' id='word_1_143' title='bbox 1176 3091 1229 3139; x_wconf 90' lang='lat' dir='ltr'><strong>in</strong></span> <span class='ocrx_word' id='word_1_144' title='bbox 1269 3087 1413 3139; x_wconf 86' lang='lat' dir='ltr'><strong>Italia</strong></span> 
     </span>
     <span class='ocr_line' id='line_1_29' title="bbox 375 3164 1416 3229; baseline -0.001 -14"><span class='ocrx_word' id='word_1_145' title='bbox 375 3165 672 3215; x_wconf 81' lang='lat' dir='ltr'><strong>sexcenties</strong></span> <span class='ocrx_word' id='word_1_146' title='bbox 730 3164 863 3225; x_wconf 85' lang='lat' dir='ltr'><strong>vidi,</strong></span> <span class='ocrx_word' id='word_1_147' title='bbox 917 3165 986 3214; x_wconf 84' lang='lat' dir='ltr'><strong>ad</strong></span> <span class='ocrx_word' id='word_1_148' title='bbox 1034 3164 1203 3229; x_wconf 89' lang='lat' dir='ltr'><strong>pedes</strong></span> <span class='ocrx_word' id='word_1_149' title='bbox 1246 3178 1416 3228; x_wconf 90' lang='lat' dir='ltr'><strong>usque</strong></span> 
     </span>
     <span class='ocr_line' id='line_1_30' title="bbox 378 3237 1419 3302; baseline -0.002 -11"><span class='ocrx_word' id='word_1_150' title='bbox 378 3240 476 3291; x_wconf 86' lang='lat' dir='ltr'><strong>LX.</strong></span> <span class='ocrx_word' id='word_1_151' title='bbox 523 3242 577 3290; x_wconf 84' lang='lat' dir='ltr'><strong>et</strong></span> <span class='ocrx_word' id='word_1_152' title='bbox 619 3237 846 3302; x_wconf 87' lang='lat' dir='ltr'><strong>amplius</strong></span> <span class='ocrx_word' id='word_1_153' title='bbox 888 3240 1215 3297; x_wconf 87' lang='lat' dir='ltr'><strong>increscunt,</strong></span> <span class='ocrx_word' id='word_1_154' title='bbox 1262 3245 1419 3289; x_wconf 66' lang='lat' dir='ltr'><strong>nactas</strong></span> 
     </span>
     <span class='ocr_line' id='line_1_31' title="bbox 372 3313 1414 3378; baseline 0.001 -15"><span class='ocrx_word' id='word_1_155' title='bbox 372 3315 598 3363; x_wconf 71' lang='grc' dir='ltr'><strong>ἰηιᾶιαιαο</strong></span> <span class='ocrx_word' id='word_1_156' title='bbox 632 3313 778 3362; x_wconf 86' lang='lat' dir='ltr'><strong>Ovid.</strong></span> <span class='ocrx_word' id='word_1_157' title='bbox 816 3314 939 3364; x_wconf 82' lang='lat' dir='ltr'><strong>Met.</strong></span> <span class='ocrx_word' id='word_1_158' title='bbox 968 3315 1046 3374; x_wconf 90' lang='grc'><strong>40,</strong></span> <span class='ocrx_word' id='word_1_159' title='bbox 1075 3314 1187 3364; x_wconf 87' lang='grc'>406.</span> <span class='ocrx_word' id='word_1_160' title='bbox 1223 3317 1414 3378; x_wconf 81' lang='lat' dir='ltr'><strong>Atque,</strong></span> 
     </span>
     <span class='ocr_line' id='line_1_32' title="bbox 374 3388 1411 3453; baseline -0.001 -15"><span class='ocrx_word' id='word_1_161' title='bbox 374 3392 431 3438; x_wconf 90' lang='lat' dir='ltr'><strong>ut</strong></span> <span class='ocrx_word' id='word_1_162' title='bbox 463 3388 653 3438; x_wconf 84' lang='lat' dir='ltr'><strong>credas</strong></span> <span class='ocrx_word' id='word_1_163' title='bbox 688 3389 848 3438; x_wconf 87' lang='lat' dir='ltr'><strong>etiam</strong></span> <span class='ocrx_word' id='word_1_164' title='bbox 881 3389 1068 3453; x_wconf 75' lang='lat' dir='ltr'><strong>poetis,</strong></span> <span class='ocrx_word' id='word_1_165' title='bbox 1104 3388 1245 3452; x_wconf 86' lang='lat' dir='ltr'><strong>Virg.</strong></span> <span class='ocrx_word' id='word_1_166' title='bbox 1283 3391 1411 3439; x_wconf 84' lang='lat' dir='ltr'><strong>Aen.</strong></span> 
     </span>
     <span class='ocr_line' id='line_1_33' title="bbox 373 3463 1420 3526; baseline 0 -13"><span class='ocrx_word' id='word_1_167' title='bbox 373 3464 421 3523; x_wconf 84' lang='lat'><strong>3,</strong></span> <span class='ocrx_word' id='word_1_168' title='bbox 459 3464 579 3514; x_wconf 82' lang='lat'><strong>680:</strong></span> <span class='ocrx_word' id='word_1_169' title='bbox 617 3465 871 3526; x_wconf 76' lang='lat' dir='ltr'><strong>coniferae</strong></span> <span class='ocrx_word' id='word_1_170' title='bbox 902 3464 1145 3526; x_wconf 56' lang='lat' dir='ltr'><strong>cyparissi</strong></span> <span class='ocrx_word' id='word_1_171' title='bbox 1167 3490 1197 3500; x_wconf 91' lang='lat'><em>-</em></span> <span class='ocrx_word' id='word_1_172' title='bbox 1229 3463 1420 3514; x_wconf 79' lang='lat' dir='ltr'><strong>-lucus</strong></span> 
     </span>
     <span class='ocr_line' id='line_1_34' title="bbox 374 3532 1415 3607; baseline 0.001 -20"><span class='ocrx_word' id='word_1_173' title='bbox 374 3539 587 3588; x_wconf 75' lang='lat' dir='ltr'><strong>Dianae.</strong></span> <span class='ocrx_word' id='word_1_174' title='bbox 626 3539 846 3588; x_wconf 89' lang='lat' dir='ltr'><strong>Theocr.</strong></span> <span class='ocrx_word' id='word_1_175' title='bbox 888 3539 967 3599; x_wconf 88' lang='grc'><strong>48,</strong></span> <span class='ocrx_word' id='word_1_176' title='bbox 1004 3538 1095 3588; x_wconf 74' lang='grc' dir='ltr'><strong>29ε</strong></span> <span class='ocrx_word' id='word_1_177' title='bbox 1133 3532 1415 3607; x_wconf 79' lang='grc' dir='ltr'><strong><em>ἀνέδραμε</em></strong></span> 
     </span>
     <span class='ocr_line' id='line_1_35' title="bbox 373 3609 1411 3684; baseline 0.004 -23"><span class='ocrx_word' id='word_1_178' title='bbox 373 3609 599 3677; x_wconf 84' lang='grc' dir='ltr'><strong><em>κόσμος</em></strong></span> <span class='ocrx_word' id='word_1_179' title='bbox 632 3640 664 3650; x_wconf 89' lang='lat'>-</span> <span class='ocrx_word' id='word_1_180' title='bbox 696 3641 728 3651; x_wconf 89' lang='lat'>-</span> <span class='ocrx_word' id='word_1_181' title='bbox 760 3609 925 3680; x_wconf 77' lang='grc' dir='ltr'><strong><em>κάπῳ</em></strong></span> <span class='ocrx_word' id='word_1_182' title='bbox 949 3609 1324 3684; x_wconf 75' lang='grc' dir='ltr'><strong><em>κυπάρισσος.</em></strong></span> <span class='ocrx_word' id='word_1_183' title='bbox 1356 3640 1411 3651; x_wconf 84' lang='lat'><strong>—-</strong></span> 
     </span>
     <span class='ocr_line' id='line_1_36' title="bbox 374 3687 1414 3751; baseline 0.002 -14"><span class='ocrx_word' id='word_1_184' title='bbox 374 3688 500 3751; x_wconf 68' lang='lat' dir='ltr'><strong>orni]</strong></span> <span class='ocrx_word' id='word_1_185' title='bbox 553 3689 932 3738; x_wconf 57' lang='lat' dir='ltr'><strong>Marmaeschen.</strong></span> <span class='ocrx_word' id='word_1_186' title='bbox 995 3687 1098 3739; x_wconf 83' lang='lat' dir='ltr'><strong>Cfr.</strong></span> <span class='ocrx_word' id='word_1_187' title='bbox 1160 3689 1294 3739; x_wconf 89' lang='lat' dir='ltr'><strong>Voss</strong></span> <span class='ocrx_word' id='word_1_188' title='bbox 1345 3688 1414 3739; x_wconf 88' lang='lat' dir='ltr'><strong>ad</strong></span> 
     </span>
     <span class='ocr_line' id='line_1_37' title="bbox 379 3763 1323 3827; baseline 0.003 -17"><span class='ocrx_word' id='word_1_189' title='bbox 379 3764 467 3811; x_wconf 88' lang='lat' dir='ltr'><strong>Ge.</strong></span> <span class='ocrx_word' id='word_1_190' title='bbox 506 3763 556 3822; x_wconf 74' lang='lat'><strong>2,</strong></span> <span class='ocrx_word' id='word_1_191' title='bbox 595 3763 676 3811; x_wconf 81' lang='grc'><strong>74.</strong></span> <span class='ocrx_word' id='word_1_192' title='bbox 714 3763 929 3813; x_wconf 90' lang='lat' dir='ltr'><strong>Linnaei</strong></span> <span class='ocrx_word' id='word_1_193' title='bbox 962 3763 1162 3827; x_wconf 63' lang='lat' dir='ltr'><strong>stamini</strong></span> <span class='ocrx_word' id='word_1_194' title='bbox 1194 3765 1323 3813; x_wconf 74' lang='lat' dir='ltr'><strong>orni.</strong></span> 
     </span>
     <span class='ocr_line' id='line_1_38' title="bbox 437 3835 1413 3901; baseline 0.003 -16"><span class='ocrx_word' id='word_1_195' title='bbox 437 3836 515 3886; x_wconf 86' lang='grc'><strong>43.</strong></span> <span class='ocrx_word' id='word_1_196' title='bbox 565 3835 644 3887; x_wconf 73' lang='grc'><strong>44.</strong></span> <span class='ocrx_word' id='word_1_197' title='bbox 705 3837 836 3901; x_wconf 78' lang='lat' dir='ltr'><strong>cras]</strong></span> <span class='ocrx_word' id='word_1_198' title='bbox 875 3839 1198 3901; x_wconf 83' lang='lat' dir='ltr'><strong>Comparant</strong></span> <span class='ocrx_word' id='word_1_199' title='bbox 1237 3837 1413 3888; x_wconf 89' lang='lat' dir='ltr'><strong>Phile-</strong></span> 
     </span>
     <span class='ocr_line' id='line_1_39' title="bbox 371 3909 1407 3977; baseline 0.003 -18"><span class='ocrx_word' id='word_1_200' title='bbox 371 3911 503 3960; x_wconf 85' lang='lat' dir='ltr'><strong>taeri</strong></span> <span class='ocrx_word' id='word_1_201' title='bbox 537 3909 662 3961; x_wconf 90' lang='lat' dir='ltr'><strong>illud</strong></span> <span class='ocrx_word' id='word_1_202' title='bbox 695 3912 850 3962; x_wconf 82' lang='lat' dir='ltr'><strong>Mein.</strong></span> <span class='ocrx_word' id='word_1_203' title='bbox 893 3912 1041 3962; x_wconf 93' lang='lat' dir='ltr'><strong>Com</strong></span> <span class='ocrx_word' id='word_1_204' title='bbox 1080 3912 1174 3962; x_wconf 87' lang='lat' dir='ltr'><strong>Ed.</strong></span> <span class='ocrx_word' id='word_1_205' title='bbox 1201 3913 1328 3962; x_wconf 91' lang='lat' dir='ltr'><strong>min.</strong></span> <span class='ocrx_word' id='word_1_206' title='bbox 1354 3927 1407 3977; x_wconf 90' lang='lat' dir='ltr'><strong>p.</strong></span> 
     </span>
     <span class='ocr_line' id='line_1_40' title="bbox 371 3980 1408 4057; baseline 0.003 -23"><span class='ocrx_word' id='word_1_207' title='bbox 371 3983 490 4035; x_wconf 74' lang='lat'><strong>642:</strong></span> <span class='ocrx_word' id='word_1_208' title='bbox 561 3985 627 4035; x_wconf 75' lang='lat' dir='ltr'><strong>Tc</strong></span> <span class='ocrx_word' id='word_1_209' title='bbox 674 3983 759 4035; x_wconf 74' lang='grc' dir='ltr'><strong>δεῖ</strong></span> <span class='ocrx_word' id='word_1_210' title='bbox 806 3982 918 4057; x_wconf 80' lang='grc' dir='ltr'><strong>γὰρ</strong></span> <span class='ocrx_word' id='word_1_211' title='bbox 975 3980 1119 4036; x_wconf 77' lang='grc' dir='ltr'><strong><em>ὄντα</em></strong></span> <span class='ocrx_word' id='word_1_212' title='bbox 1171 3983 1408 4052; x_wconf 74' lang='grc' dir='ltr'><strong>θνητόν,</strong></span> 
     </span>
    </p>
   </div>
   <div class='ocr_carea' id='block_1_5' title="bbox 371 4055 2354 4133">
    <p class='ocr_par' dir='ltr' id='par_1_5' title="bbox 371 4055 2354 4133">
     <span class='ocr_line' id='line_1_41' title="bbox 371 4055 2354 4133; baseline 0.001 -26"><span class='ocrx_word' id='word_1_213' title='bbox 371 4056 618 4121; x_wconf 76' lang='grc' dir='ltr'><strong>ἱκετεύω,</strong></span> <span class='ocrx_word' id='word_1_214' title='bbox 654 4066 859 4123; x_wconf 77' lang='grc' dir='ltr'><strong><em>ποιεῖν,</em></strong></span> <span class='ocrx_word' id='word_1_215' title='bbox 893 4057 1060 4126; x_wconf 81' lang='grc' dir='ltr'><strong><em>Πλὴν</em></strong></span> <span class='ocrx_word' id='word_1_216' title='bbox 1096 4055 1276 4127; x_wconf 78' lang='grc' dir='ltr'><em>ἡδέως</em></span> <span class='ocrx_word' id='word_1_217' title='bbox 1309 4059 1410 4133; x_wconf 83' lang='grc' dir='ltr'><strong>ζῇν</strong></span> <span class='ocrx_word' id='word_1_218' title='bbox 1481 4075 1572 4110; x_wconf 74' lang='lat' dir='ltr'><strong>nec</strong></span> <span class='ocrx_word' id='word_1_219' title='bbox 1605 4074 1633 4110; x_wconf 80' lang='lat' dir='ltr'><strong>e</strong></span> <span class='ocrx_word' id='word_1_220' title='bbox 1667 4060 1817 4122; x_wconf 71' lang='lat' dir='ltr'><strong>puris</strong></span> <span class='ocrx_word' id='word_1_221' title='bbox 1857 4059 2072 4121; x_wconf 74' lang='lat' dir='ltr'><strong>spernite</strong></span> <span class='ocrx_word' id='word_1_222' title='bbox 2108 4059 2354 4123; x_wconf 73' lang='lat' dir='ltr'><strong>fictilibus.</strong></span> 
     </span>
    </p>
   </div>
   <div class='ocr_carea' id='block_1_6' title="bbox 369 4128 1410 4259">
    <p class='ocr_par' dir='ltr' id='par_1_6' title="bbox 369 4128 1410 4259">
     <span class='ocr_line' id='line_1_42' title="bbox 369 4128 1410 4259; baseline 0.004 -78"><span class='ocrx_word' id='word_1_223' title='bbox 369 4128 472 4182; x_wconf 80' lang='grc' dir='ltr'><strong>τὸν</strong></span> <span class='ocrx_word' id='word_1_224' title='bbox 517 4131 651 4194; x_wconf 73' lang='grc' dir='ltr'><strong><em>βίον</em></strong></span> <span class='ocrx_word' id='word_1_225' title='bbox 700 4135 832 4185; x_wconf 76' lang='grc' dir='ltr'><strong>καθ’</strong></span> <span class='ocrx_word' id='word_1_226' title='bbox 887 4128 1143 4206; x_wconf 74' lang='grc' dir='ltr'><strong>ἡμέραν,</strong></span> <span class='ocrx_word' id='word_1_227' title='bbox 1180 4135 1410 4259; x_wconf 73' lang='grc' dir='ltr'><strong><em>--ὃΕις</em></strong></span> 
     </span>
    </p>
   </div>
   <div class='ocr_carea' id='block_1_7' title="bbox 356 4198 1311 4296">
    <p class='ocr_par' dir='ltr' id='par_1_7' title="bbox 356 4198 1311 4296">
     <span class='ocr_line' id='line_1_43' title="bbox 356 4198 1311 4296; baseline 0.005 -40.06"><span class='ocrx_word' id='word_1_228' title='bbox 356 4198 571 4293; x_wconf 78' lang='grc' dir='ltr'><strong><em>αὔριον</em></strong></span> <span class='ocrx_word' id='word_1_229' title='bbox 610 4205 674 4260; x_wconf 80' lang='grc' dir='ltr'><strong>δὲ</strong></span> <span class='ocrx_word' id='word_1_230' title='bbox 712 4206 863 4275; x_wconf 77' lang='grc' dir='ltr'><strong><em>μηδὲ</em></strong></span> <span class='ocrx_word' id='word_1_231' title='bbox 910 4202 1311 4296; x_wconf 74' lang='grc' dir='ltr'><strong><em>(ρροντίζεινὸ</em></strong></span> 
     </span>
    </p>
   </div>
   <div class='ocr_carea' id='block_1_8' title="bbox 356 4274 1404 4350">
    <p class='ocr_par' dir='ltr' id='par_1_8' title="bbox 356 4274 1404 4350">
     <span class='ocr_line' id='line_1_44' title="bbox 356 4274 1404 4350; baseline -0.001 -15.97"><span class='ocrx_word' id='word_1_232' title='bbox 356 4274 591 4343; x_wconf 81' lang='grc' dir='ltr'><strong>Ἔσται,·</strong></span> <span class='ocrx_word' id='word_1_233' title='bbox 648 4310 701 4320; x_wconf 93' lang='lat'><em>-</em></span> <span class='ocrx_word' id='word_1_234' title='bbox 752 4284 885 4348; x_wconf 65' lang='lat' dir='ltr'><strong>sicae]</strong></span> <span class='ocrx_word' id='word_1_235' title='bbox 933 4286 983 4335; x_wconf 88' lang='lat' dir='ltr'><strong>in</strong></span> <span class='ocrx_word' id='word_1_236' title='bbox 1032 4298 1191 4350; x_wconf 82' lang='lat' dir='ltr'><strong>prosa</strong></span> <span class='ocrx_word' id='word_1_237' title='bbox 1243 4287 1404 4334; x_wconf 56' lang='grc' dir='ltr'><strong>στοις</strong></span> 
     </span>
    </p>
   </div>
   <div class='ocr_carea' id='block_1_9' title="bbox 1705 1549 2244 1618">
    <p class='ocr_par' dir='ltr' id='par_1_9' title="bbox 1705 1549 2244 1618">
     <span class='ocr_line' id='line_1_45' title="bbox 1705 1549 2244 1618; baseline 0 -16"><span class='ocrx_word' id='word_1_238' title='bbox 1705 1581 1759 1589; x_wconf 88' lang='grc'>-</span> <span class='ocrx_word' id='word_1_239' title='bbox 1799 1553 1879 1603; x_wconf 89' lang='grc'><strong>46.</strong></span> <span class='ocrx_word' id='word_1_240' title='bbox 1916 1557 1972 1602; x_wconf 70' lang='grc' dir='ltr'><strong>ιιι</strong></span> <span class='ocrx_word' id='word_1_241' title='bbox 2005 1565 2112 1603; x_wconf 91' lang='lat' dir='ltr'><strong>om.</strong></span> <span class='ocrx_word' id='word_1_242' title='bbox 2148 1549 2244 1618; x_wconf 78' lang='grc' dir='ltr'><strong>μξ.</strong></span> 
     </span>
    </p>
   </div>
   <div class='ocr_carea' id='block_1_10' title="bbox 1484 1747 2542 4110">
    <p class='ocr_par' dir='ltr' id='par_1_10' title="bbox 1488 1747 2542 2925">
     <span class='ocr_line' id='line_1_46' title="bbox 1497 1747 2542 1808; baseline 0.003 -11"><span class='ocrx_word' id='word_1_243' title='bbox 1497 1750 1738 1808; x_wconf 78' lang='lat' dir='ltr'><strong>«Omitte,</strong></span> <span class='ocrx_word' id='word_1_244' title='bbox 1754 1747 1860 1799; x_wconf 90' lang='lat' dir='ltr'><strong>noli</strong></span> <span class='ocrx_word' id='word_1_245' title='bbox 1877 1747 1945 1798; x_wconf 89' lang='lat' dir='ltr'><strong>de</strong></span> <span class='ocrx_word' id='word_1_246' title='bbox 1963 1747 2128 1799; x_wconf 88' lang='lat' dir='ltr'><strong>rebus</strong></span> <span class='ocrx_word' id='word_1_247' title='bbox 2146 1748 2333 1799; x_wconf 75' lang='lat' dir='ltr'><strong>futuris</strong></span> <span class='ocrx_word' id='word_1_248' title='bbox 2350 1761 2542 1800; x_wconf 85' lang='lat' dir='ltr'><strong>consu-</strong></span> 
     </span>
     <span class='ocr_line' id='line_1_47' title="bbox 1494 1821 2538 1885; baseline 0.003 -14"><span class='ocrx_word' id='word_1_249' title='bbox 1494 1821 1605 1873; x_wconf 88' lang='lat' dir='ltr'><strong>lere</strong></span> <span class='ocrx_word' id='word_1_250' title='bbox 1638 1821 1980 1885; x_wconf 74' lang='lat' dir='ltr'><strong>astrologos.»</strong></span> <span class='ocrx_word' id='word_1_251' title='bbox 2022 1850 2077 1858; x_wconf 93' lang='lat'><strong>—-</strong></span> <span class='ocrx_word' id='word_1_252' title='bbox 2114 1824 2240 1873; x_wconf 79' lang='lat' dir='ltr'><strong>Fors</strong></span> <span class='ocrx_word' id='word_1_253' title='bbox 2265 1824 2389 1873; x_wconf 89' lang='lat' dir='ltr'><strong>huic</strong></span> <span class='ocrx_word' id='word_1_254' title='bbox 2421 1823 2538 1874; x_wconf 86' lang='lat' dir='ltr'><strong>loco</strong></span> 
     </span>
     <span class='ocr_line' id='line_1_48' title="bbox 1492 1897 2534 1961; baseline 0.002 -14"><span class='ocrx_word' id='word_1_255' title='bbox 1492 1899 1648 1948; x_wconf 89' lang='lat' dir='ltr'><strong>unice</strong></span> <span class='ocrx_word' id='word_1_256' title='bbox 1683 1898 1944 1947; x_wconf 85' lang='lat' dir='ltr'><strong>convenit.</strong></span> <span class='ocrx_word' id='word_1_257' title='bbox 2015 1898 2250 1960; x_wconf 85' lang='lat' dir='ltr'><strong>Wagner</strong></span> <span class='ocrx_word' id='word_1_258' title='bbox 2288 1897 2357 1948; x_wconf 85' lang='lat' dir='ltr'><strong>ad</strong></span> <span class='ocrx_word' id='word_1_259' title='bbox 2390 1898 2534 1961; x_wconf 81' lang='lat' dir='ltr'><strong>virg.</strong></span> 
     </span>
     <span class='ocr_line' id='line_1_49' title="bbox 1494 1971 2536 2034; baseline 0 -12"><span class='ocrx_word' id='word_1_260' title='bbox 1494 1971 1603 2023; x_wconf 87' lang='lat' dir='ltr'><strong>Ecl.</strong></span> <span class='ocrx_word' id='word_1_261' title='bbox 1626 1973 1674 2034; x_wconf 88' lang='grc'><strong>9,</strong></span> <span class='ocrx_word' id='word_1_262' title='bbox 1695 1975 1751 2022; x_wconf 79' lang='lat'><strong>5:</strong></span> <span class='ocrx_word' id='word_1_263' title='bbox 1780 1972 1904 2021; x_wconf 75' lang='lat' dir='ltr'><strong>Fors</strong></span> <span class='ocrx_word' id='word_1_264' title='bbox 1918 1973 2089 2022; x_wconf 76' lang='lat' dir='ltr'><strong>omnia</strong></span> <span class='ocrx_word' id='word_1_265' title='bbox 2103 1977 2287 2034; x_wconf 73' lang='lat' dir='ltr'><strong>versat,</strong></span> <span class='ocrx_word' id='word_1_266' title='bbox 2309 1971 2393 2022; x_wconf 88' lang='lat' dir='ltr'><strong>alii</strong></span> <span class='ocrx_word' id='word_1_267' title='bbox 2409 1987 2536 2023; x_wconf 78' lang='lat' dir='ltr'><strong>sors:</strong></span> 
     </span>
     <span class='ocr_line' id='line_1_50' title="bbox 1497 2049 2540 2111; baseline 0.005 -18"><span class='ocrx_word' id='word_1_268' title='bbox 1497 2049 1652 2097; x_wconf 78' lang='lat' dir='ltr'><strong>«Sors</strong></span> <span class='ocrx_word' id='word_1_269' title='bbox 1703 2049 1927 2097; x_wconf 85' lang='lat' dir='ltr'><strong>eventus</strong></span> <span class='ocrx_word' id='word_1_270' title='bbox 1977 2049 2084 2106; x_wconf 89' lang='lat' dir='ltr'><strong>est,</strong></span> <span class='ocrx_word' id='word_1_271' title='bbox 2140 2061 2244 2097; x_wconf 88' lang='lat' dir='ltr'><strong>non</strong></span> <span class='ocrx_word' id='word_1_272' title='bbox 2295 2049 2408 2111; x_wconf 87' lang='lat' dir='ltr'><strong>ipsa</strong></span> <span class='ocrx_word' id='word_1_273' title='bbox 2459 2050 2540 2098; x_wconf 84' lang='lat' dir='ltr'><strong>vis</strong></span> 
     </span>
     <span class='ocr_line' id='line_1_51' title="bbox 1494 2122 2540 2188; baseline 0.001 -17"><span class='ocrx_word' id='word_1_274' title='bbox 1494 2122 1610 2180; x_wconf 77' lang='lat' dir='ltr'><strong>sati3</strong></span> <span class='ocrx_word' id='word_1_275' title='bbox 1658 2135 1824 2188; x_wconf 72' lang='lat' dir='ltr'><strong>quare</strong></span> <span class='ocrx_word' id='word_1_276' title='bbox 1867 2134 1973 2171; x_wconf 90' lang='lat' dir='ltr'><strong>non</strong></span> <span class='ocrx_word' id='word_1_277' title='bbox 2017 2123 2100 2171; x_wconf 82' lang='lat' dir='ltr'><strong>est</strong></span> <span class='ocrx_word' id='word_1_278' title='bbox 2149 2123 2391 2173; x_wconf 87' lang='lat' dir='ltr'><strong>Latinum</strong></span> <span class='ocrx_word' id='word_1_279' title='bbox 2430 2136 2540 2172; x_wconf 81' lang='lat' dir='ltr'><strong>sors</strong></span> 
     </span>
     <span class='ocr_line' id='line_1_52' title="bbox 1492 2196 2539 2259; baseline 0.001 -12"><span class='ocrx_word' id='word_1_280' title='bbox 1492 2202 1675 2247; x_wconf 75' lang='lat' dir='ltr'><strong>versat.</strong></span> <span class='ocrx_word' id='word_1_281' title='bbox 1737 2197 1931 2247; x_wconf 88' lang='lat' dir='ltr'><strong>Contra</strong></span> <span class='ocrx_word' id='word_1_282' title='bbox 1964 2196 2089 2245; x_wconf 78' lang='lat' dir='ltr'><strong>Fors</strong></span> <span class='ocrx_word' id='word_1_283' title='bbox 2120 2197 2378 2259; x_wconf 86' lang='lat' dir='ltr'><strong>significat</strong></span> <span class='ocrx_word' id='word_1_284' title='bbox 2411 2212 2539 2248; x_wconf 88' lang='lat' dir='ltr'><strong>cae-</strong></span> 
     </span>
     <span class='ocr_line' id='line_1_53' title="bbox 1494 2270 2538 2334; baseline 0.002 -12"><span class='ocrx_word' id='word_1_285' title='bbox 1494 2285 1614 2322; x_wconf 89' lang='lat' dir='ltr'><strong>cam</strong></span> <span class='ocrx_word' id='word_1_286' title='bbox 1658 2270 1927 2334; x_wconf 88' lang='lat' dir='ltr'><strong>quandam</strong></span> <span class='ocrx_word' id='word_1_287' title='bbox 1967 2271 2100 2332; x_wconf 89' lang='lat' dir='ltr'><strong>vim,</strong></span> <span class='ocrx_word' id='word_1_288' title='bbox 2147 2285 2235 2321; x_wconf 89' lang='lat' dir='ltr'><strong>res</strong></span> <span class='ocrx_word' id='word_1_289' title='bbox 2277 2272 2538 2324; x_wconf 86' lang='lat' dir='ltr'><strong>humanas</strong></span> 
     </span>
     <span class='ocr_line' id='line_1_54' title="bbox 1494 2343 2534 2409; baseline 0.002 -13"><span class='ocrx_word' id='word_1_290' title='bbox 1494 2349 1698 2396; x_wconf 89' lang='lat' dir='ltr'><strong>temere</strong></span> <span class='ocrx_word' id='word_1_291' title='bbox 1733 2359 1796 2395; x_wconf 87' lang='lat' dir='ltr'><strong>ac</strong></span> <span class='ocrx_word' id='word_1_292' title='bbox 1831 2343 1972 2395; x_wconf 92' lang='lat' dir='ltr'><strong>nullo</strong></span> <span class='ocrx_word' id='word_1_293' title='bbox 2006 2345 2222 2396; x_wconf 89' lang='lat' dir='ltr'><strong>consilio</strong></span> <span class='ocrx_word' id='word_1_294' title='bbox 2240 2351 2534 2409; x_wconf 89' lang='lat' dir='ltr'><strong>regentem,</strong></span> 
     </span>
     <span class='ocr_line' id='line_1_55' title="bbox 1493 2419 2537 2471; baseline 0 0"><span class='ocrx_word' id='word_1_295' title='bbox 1493 2419 1635 2471; x_wconf 90' lang='lat' dir='ltr'><strong>nulla</strong></span> <span class='ocrx_word' id='word_1_296' title='bbox 1670 2421 1850 2470; x_wconf 87' lang='lat' dir='ltr'><strong>tamen</strong></span> <span class='ocrx_word' id='word_1_297' title='bbox 1884 2419 2132 2469; x_wconf 88' lang='lat' dir='ltr'><strong>adiuncta</strong></span> <span class='ocrx_word' id='word_1_298' title='bbox 2165 2423 2256 2471; x_wconf 89' lang='lat' dir='ltr'><strong>aut</strong></span> <span class='ocrx_word' id='word_1_299' title='bbox 2289 2419 2537 2471; x_wconf 87' lang='lat' dir='ltr'><strong>laedendi</strong></span> 
     </span>
     <span class='ocr_line' id='line_1_56' title="bbox 1494 2495 2536 2558; baseline 0.002 -13"><span class='ocrx_word' id='word_1_300' title='bbox 1494 2497 1585 2546; x_wconf 89' lang='lat' dir='ltr'><strong>aut</strong></span> <span class='ocrx_word' id='word_1_301' title='bbox 1619 2495 1830 2545; x_wconf 87' lang='lat' dir='ltr'><strong>iuvandi</strong></span> <span class='ocrx_word' id='word_1_302' title='bbox 1866 2495 2105 2555; x_wconf 87' lang='lat' dir='ltr'><strong>notione,</strong></span> <span class='ocrx_word' id='word_1_303' title='bbox 2144 2507 2309 2558; x_wconf 86' lang='lat' dir='ltr'><strong>quare</strong></span> <span class='ocrx_word' id='word_1_304' title='bbox 2334 2495 2536 2547; x_wconf 89' lang='lat' dir='ltr'><strong>nullum</strong></span> 
     </span>
     <span class='ocr_line' id='line_1_57' title="bbox 1491 2568 2536 2635; baseline 0 -15"><span class='ocrx_word' id='word_1_305' title='bbox 1491 2583 1722 2634; x_wconf 90' lang='lat' dir='ltr'><strong>usquam</strong></span> <span class='ocrx_word' id='word_1_306' title='bbox 1756 2570 1880 2619; x_wconf 90' lang='lat' dir='ltr'><strong>huic</strong></span> <span class='ocrx_word' id='word_1_307' title='bbox 1913 2570 2112 2619; x_wconf 85' lang='lat' dir='ltr'><strong>nomini</strong></span> <span class='ocrx_word' id='word_1_308' title='bbox 2147 2568 2388 2619; x_wconf 87' lang='lat' dir='ltr'><strong>adiicitur</strong></span> <span class='ocrx_word' id='word_1_309' title='bbox 2421 2572 2536 2635; x_wconf 90' lang='lat' dir='ltr'><strong>epi—</strong></span> 
     </span>
     <span class='ocr_line' id='line_1_58' title="bbox 1491 2643 2533 2708; baseline 0 -13"><span class='ocrx_word' id='word_1_310' title='bbox 1491 2646 1694 2695; x_wconf 89' lang='lat' dir='ltr'><strong>theton.</strong></span> <span class='ocrx_word' id='word_1_311' title='bbox 1754 2645 1868 2693; x_wconf 87' lang='lat' dir='ltr'><strong>Non</strong></span> <span class='ocrx_word' id='word_1_312' title='bbox 1901 2646 2025 2694; x_wconf 90' lang='lat' dir='ltr'><strong>sunt</strong></span> <span class='ocrx_word' id='word_1_313' title='bbox 2046 2644 2202 2705; x_wconf 88' lang='lat' dir='ltr'><strong>igitur</strong></span> <span class='ocrx_word' id='word_1_314' title='bbox 2234 2644 2357 2693; x_wconf 90' lang='lat' dir='ltr'><strong>huic</strong></span> <span class='ocrx_word' id='word_1_315' title='bbox 2378 2643 2533 2708; x_wconf 87' lang='lat' dir='ltr'><strong>plane</strong></span> 
     </span>
     <span class='ocr_line' id='line_1_59' title="bbox 1490 2717 2531 2782; baseline -0.002 -12"><span class='ocrx_word' id='word_1_316' title='bbox 1490 2730 1792 2782; x_wconf 79' lang='lat' dir='ltr'><strong>synonyma</strong></span> <span class='ocrx_word' id='word_1_317' title='bbox 1834 2718 2062 2767; x_wconf 77' lang='lat' dir='ltr'><strong>Fortuna</strong></span> <span class='ocrx_word' id='word_1_318' title='bbox 2103 2719 2158 2766; x_wconf 88' lang='lat' dir='ltr'><strong>et</strong></span> <span class='ocrx_word' id='word_1_319' title='bbox 2198 2717 2431 2768; x_wconf 73' lang='lat' dir='ltr'><strong>Fatmn.»</strong></span> <span class='ocrx_word' id='word_1_320' title='bbox 2477 2746 2531 2754; x_wconf 91' lang='lat'>—</span> 
     </span>
     <span class='ocr_line' id='line_1_60' title="bbox 1488 2790 2530 2855; baseline -0.002 -12"><span class='ocrx_word' id='word_1_321' title='bbox 1488 2793 1698 2855; x_wconf 79' lang='lat' dir='ltr'><strong>cunque]</strong></span> <span class='ocrx_word' id='word_1_322' title='bbox 1734 2793 1812 2842; x_wconf 89' lang='lat' dir='ltr'><strong>De</strong></span> <span class='ocrx_word' id='word_1_323' title='bbox 1847 2793 2005 2842; x_wconf 85' lang='lat' dir='ltr'><strong>tmesi</strong></span> <span class='ocrx_word' id='word_1_324' title='bbox 2040 2790 2134 2841; x_wconf 82' lang='lat' dir='ltr'><strong>cfr.</strong></span> <span class='ocrx_word' id='word_1_325' title='bbox 2173 2792 2313 2841; x_wconf 85' lang='lat' dir='ltr'><strong>Kritz</strong></span> <span class='ocrx_word' id='word_1_326' title='bbox 2336 2791 2406 2841; x_wconf 91' lang='lat' dir='ltr'><strong>ad</strong></span> <span class='ocrx_word' id='word_1_327' title='bbox 2429 2790 2530 2841; x_wconf 87' lang='lat' dir='ltr'><strong>Sal.</strong></span> 
     </span>
     <span class='ocr_line' id='line_1_61' title="bbox 1491 2866 1775 2925; baseline -0.011 -7"><span class='ocrx_word' id='word_1_328' title='bbox 1491 2870 1602 2919; x_wconf 84' lang='lat' dir='ltr'><strong>Cat.</strong></span> <span class='ocrx_word' id='word_1_329' title='bbox 1641 2869 1689 2925; x_wconf 78' lang='lat'><strong>5,</strong></span> <span class='ocrx_word' id='word_1_330' title='bbox 1728 2866 1775 2916; x_wconf 89' lang='grc'><strong>3.</strong></span> 
     </span>
    </p>

    <p class='ocr_par' dir='ltr' id='par_1_11' title="bbox 1486 2938 2535 3153">
     <span class='ocr_line' id='line_1_62' title="bbox 1556 2938 2535 3005; baseline -0.001 -13"><span class='ocrx_word' id='word_1_331' title='bbox 1556 2944 1635 2992; x_wconf 79' lang='grc'><strong>45.</strong></span> <span class='ocrx_word' id='word_1_332' title='bbox 1673 2940 1890 3005; x_wconf 71' lang='grc' dir='ltr'><strong>Αρροηο]</strong></span> <span class='ocrx_word' id='word_1_333' title='bbox 1927 2940 1981 2990; x_wconf 90' lang='lat' dir='ltr'><strong>in</strong></span> <span class='ocrx_word' id='word_1_334' title='bbox 2014 2954 2095 3005; x_wconf 91' lang='lat' dir='ltr'><strong>pr.</strong></span> <span class='ocrx_word' id='word_1_335' title='bbox 2124 2953 2229 2991; x_wconf 90' lang='lat' dir='ltr'><strong>or.:</strong></span> <span class='ocrx_word' id='word_1_336' title='bbox 2272 2941 2359 2991; x_wconf 74' lang='lat' dir='ltr'><strong>«In</strong></span> <span class='ocrx_word' id='word_1_337' title='bbox 2385 2938 2535 2992; x_wconf 87' lang='lat' dir='ltr'><strong>lucro</strong></span> 
     </span>
     <span class='ocr_line' id='line_1_63' title="bbox 1486 3014 2535 3081; baseline 0 -15"><span class='ocrx_word' id='word_1_338' title='bbox 1486 3030 1681 3081; x_wconf 79' lang='lat' dir='ltr'><strong>pone.»</strong></span> <span class='ocrx_word' id='word_1_339' title='bbox 1762 3016 1869 3065; x_wconf 91' lang='lat' dir='ltr'><strong>Cic.</strong></span> <span class='ocrx_word' id='word_1_340' title='bbox 1925 3014 1994 3064; x_wconf 88' lang='lat' dir='ltr'><strong>ad</strong></span> <span class='ocrx_word' id='word_1_341' title='bbox 2039 3016 2181 3064; x_wconf 88' lang='lat' dir='ltr'><strong>Fam.</strong></span> <span class='ocrx_word' id='word_1_342' title='bbox 2229 3014 2276 3075; x_wconf 85' lang='lat'><strong>9,</strong></span> <span class='ocrx_word' id='word_1_343' title='bbox 2327 3016 2414 3065; x_wconf 73' lang='lat'><strong>⁴7:</strong></span> <span class='ocrx_word' id='word_1_344' title='bbox 2458 3017 2535 3066; x_wconf 77' lang='lat' dir='ltr'><strong>De</strong></span> 
     </span>
     <span class='ocr_line' id='line_1_64' title="bbox 1488 3090 2527 3153; baseline 0 -12"><span class='ocrx_word' id='word_1_345' title='bbox 1488 3092 1629 3142; x_wconf 77' lang='lat' dir='ltr'><strong>lucro</strong></span> <span class='ocrx_word' id='word_1_346' title='bbox 1643 3104 1805 3153; x_wconf 77' lang='lat' dir='ltr'><strong>propo</strong></span> <span class='ocrx_word' id='word_1_347' title='bbox 1823 3091 1879 3140; x_wconf 73' lang='lat' dir='ltr'><strong>in</strong></span> <span class='ocrx_word' id='word_1_348' title='bbox 1902 3092 2286 3152; x_wconf 75' lang='lat' dir='ltr'><strong>quadrienniwn</strong></span> <span class='ocrx_word' id='word_1_349' title='bbox 2300 3090 2527 3141; x_wconf 74' lang='lat' dir='ltr'><strong>vivimus.</strong></span> 
     </span>
    </p>

    <p class='ocr_par' dir='ltr' id='par_1_12' title="bbox 1484 3163 2536 4110">
     <span class='ocr_line' id='line_1_65' title="bbox 1556 3163 2530 3229; baseline 0.002 -14"><span class='ocrx_word' id='word_1_350' title='bbox 1556 3167 1636 3216; x_wconf 90' lang='grc'><strong>46.</strong></span> <span class='ocrx_word' id='word_1_351' title='bbox 1715 3165 1862 3229; x_wconf 78' lang='lat' dir='ltr'><strong>puer]</strong></span> <span class='ocrx_word' id='word_1_352' title='bbox 1936 3184 1960 3210; x_wconf 74' lang='grc' dir='ltr'>ι</span> <span class='ocrx_word' id='word_1_353' title='bbox 1984 3165 2113 3214; x_wconf 90' lang='lat' dir='ltr'><strong>dum</strong></span> <span class='ocrx_word' id='word_1_354' title='bbox 2169 3163 2530 3217; x_wconf 89' lang='lat' dir='ltr'><strong>adolescentia</strong></span> 
     </span>
     <span class='ocr_line' id='line_1_66' title="bbox 1490 3240 2533 3305; baseline 0.001 -15"><span class='ocrx_word' id='word_1_355' title='bbox 1490 3240 1733 3290; x_wconf 67' lang='lat' dir='ltr'><strong>frueris»</strong></span> <span class='ocrx_word' id='word_1_356' title='bbox 1775 3268 1830 3276; x_wconf 89' lang='lat'>—</span> <span class='ocrx_word' id='word_1_357' title='bbox 1868 3241 1938 3305; x_wconf 80' lang='lat' dir='ltr'><strong>tu]</strong></span> <span class='ocrx_word' id='word_1_358' title='bbox 1975 3240 2034 3291; x_wconf 92' lang='lat' dir='ltr'><strong>In</strong></span> <span class='ocrx_word' id='word_1_359' title='bbox 2069 3241 2171 3290; x_wconf 89' lang='lat' dir='ltr'><strong>hoc</strong></span> <span class='ocrx_word' id='word_1_360' title='bbox 2203 3253 2322 3290; x_wconf 90' lang='lat' dir='ltr'><strong>voc.</strong></span> <span class='ocrx_word' id='word_1_361' title='bbox 2361 3241 2533 3291; x_wconf 77' lang='lat' dir='ltr'><strong>offen—</strong></span> 
     </span>
     <span class='ocr_line' id='line_1_67' title="bbox 1491 3313 2532 3379; baseline 0 -14"><span class='ocrx_word' id='word_1_362' title='bbox 1491 3316 1567 3365; x_wconf 86' lang='lat' dir='ltr'><strong>dit</strong></span> <span class='ocrx_word' id='word_1_363' title='bbox 1609 3314 1771 3365; x_wconf 87' lang='lat' dir='ltr'><strong>Iulius</strong></span> <span class='ocrx_word' id='word_1_364' title='bbox 1816 3316 2016 3366; x_wconf 88' lang='lat' dir='ltr'><strong>Caesar</strong></span> <span class='ocrx_word' id='word_1_365' title='bbox 2063 3313 2327 3378; x_wconf 86' lang='lat' dir='ltr'><strong>Scaliger,</strong></span> <span class='ocrx_word' id='word_1_366' title='bbox 2382 3317 2532 3379; x_wconf 87' lang='lat' dir='ltr'><strong>quasi</strong></span> 
     </span>
     <span class='ocr_line' id='line_1_68' title="bbox 1488 3387 2534 3453; baseline 0.003 -16"><span class='ocrx_word' id='word_1_367' title='bbox 1488 3387 1828 3453; x_wconf 87' lang='lat' dir='ltr'><strong>pleonasmus</strong></span> <span class='ocrx_word' id='word_1_368' title='bbox 1852 3391 2021 3447; x_wconf 86' lang='lat' dir='ltr'><strong>esset;</strong></span> <span class='ocrx_word' id='word_1_369' title='bbox 2047 3389 2144 3440; x_wconf 86' lang='lat' dir='ltr'><strong>sed</strong></span> <span class='ocrx_word' id='word_1_370' title='bbox 2168 3391 2250 3440; x_wconf 86' lang='lat' dir='ltr'><strong>est</strong></span> <span class='ocrx_word' id='word_1_371' title='bbox 2271 3390 2534 3440; x_wconf 89' lang='lat' dir='ltr'><strong>sermonis</strong></span> 
     </span>
     <span class='ocr_line' id='line_1_69' title="bbox 1490 3463 2534 3523; baseline -0.001 -10"><span class='ocrx_word' id='word_1_372' title='bbox 1490 3464 1757 3515; x_wconf 85' lang='lat' dir='ltr'><strong>familiaris</strong></span> <span class='ocrx_word' id='word_1_373' title='bbox 1800 3477 1864 3513; x_wconf 90' lang='lat' dir='ltr'><strong>ac</strong></span> <span class='ocrx_word' id='word_1_374' title='bbox 1897 3463 2325 3523; x_wconf 87' lang='lat' dir='ltr'><strong>benevolentiae;</strong></span> <span class='ocrx_word' id='word_1_375' title='bbox 2370 3465 2534 3513; x_wconf 86' lang='lat' dir='ltr'><strong>inter-</strong></span> 
     </span>
     <span class='ocr_line' id='line_1_70' title="bbox 1488 3538 2536 3600; baseline -0.002 -12"><span class='ocrx_word' id='word_1_376' title='bbox 1488 3538 1619 3588; x_wconf 92' lang='lat' dir='ltr'><strong>dum</strong></span> <span class='ocrx_word' id='word_1_377' title='bbox 1654 3540 1816 3589; x_wconf 88' lang='lat' dir='ltr'><strong>etiam</strong></span> <span class='ocrx_word' id='word_1_378' title='bbox 1836 3539 1945 3588; x_wconf 90' lang='lat' dir='ltr'><strong>vim</strong></span> <span class='ocrx_word' id='word_1_379' title='bbox 1968 3538 2343 3588; x_wconf 79' lang='lat' dir='ltr'><strong>exhortationis</strong></span> <span class='ocrx_word' id='word_1_380' title='bbox 2376 3538 2536 3600; x_wconf 86' lang='lat' dir='ltr'><strong>auget</strong></span> 
     </span>
     <span class='ocr_line' id='line_1_71' title="bbox 1490 3607 2531 3663; baseline -0.003 0"><span class='ocrx_word' id='word_1_381' title='bbox 1490 3613 1543 3663; x_wconf 92' lang='lat' dir='ltr'><strong>in</strong></span> <span class='ocrx_word' id='word_1_382' title='bbox 1576 3613 1822 3663; x_wconf 90' lang='lat' dir='ltr'><strong>membro</strong></span> <span class='ocrx_word' id='word_1_383' title='bbox 1866 3610 2049 3662; x_wconf 87' lang='lat' dir='ltr'><strong>altero</strong></span> <span class='ocrx_word' id='word_1_384' title='bbox 2121 3613 2204 3661; x_wconf 90' lang='lat' dir='ltr'><strong>Sic</strong></span> <span class='ocrx_word' id='word_1_385' title='bbox 2239 3612 2424 3661; x_wconf 88' lang='lat' dir='ltr'><strong>Graeci</strong></span> <span class='ocrx_word' id='word_1_386' title='bbox 2458 3607 2531 3661; x_wconf 84' lang='grc' dir='ltr'><strong>σύ</strong></span> 
     </span>
     <span class='ocr_line' id='line_1_72' title="bbox 1485 3678 2534 3753; baseline -0.001 -17"><span class='ocrx_word' id='word_1_387' title='bbox 1485 3702 1567 3753; x_wconf 80' lang='grc' dir='ltr'><strong>γε.</strong></span> <span class='ocrx_word' id='word_1_388' title='bbox 1623 3685 1768 3737; x_wconf 81' lang='lat' dir='ltr'><strong>Plato</strong></span> <span class='ocrx_word' id='word_1_389' title='bbox 1802 3690 1954 3750; x_wconf 81' lang='lat' dir='ltr'><strong>Gorg.</strong></span> <span class='ocrx_word' id='word_1_390' title='bbox 1992 3699 2046 3749; x_wconf 90' lang='lat' dir='ltr'><strong>p.</strong></span> <span class='ocrx_word' id='word_1_391' title='bbox 2084 3687 2198 3735; x_wconf 75' lang='lat'><strong>527.</strong></span> <span class='ocrx_word' id='word_1_392' title='bbox 2235 3686 2305 3735; x_wconf 86' lang='lat' dir='ltr'><strong>D:</strong></span> <span class='ocrx_word' id='word_1_393' title='bbox 2353 3678 2534 3736; x_wconf 76' lang='grc' dir='ltr'><strong><em>εασόν</em></strong></span> 
     </span>
     <span class='ocr_line' id='line_1_73' title="bbox 1486 3755 2534 3846; baseline -0.002 -33"><span class='ocrx_word' id='word_1_394' title='bbox 1486 3759 1614 3813; x_wconf 84' lang='grc' dir='ltr'><strong><em>τινά</em></strong></span> <span class='ocrx_word' id='word_1_395' title='bbox 1666 3776 1776 3813; x_wconf 84' lang='grc' dir='ltr'><strong>σου</strong></span> <span class='ocrx_word' id='word_1_396' title='bbox 1832 3755 2278 3846; x_wconf 77' lang='grc' dir='ltr'><strong><em>καταφρονῆσαι</em></strong></span> <span class='ocrx_word' id='word_1_397' title='bbox 2321 3789 2375 3797; x_wconf 95' lang='grc'>-</span> <span class='ocrx_word' id='word_1_398' title='bbox 2435 3761 2534 3811; x_wconf 73' lang='grc' dir='ltr'><strong>καὶ</strong></span> 
     </span>
     <span class='ocr_line' id='line_1_74' title="bbox 1485 3828 2531 3919; baseline -0.003 -31"><span class='ocrx_word' id='word_1_399' title='bbox 1485 3838 1582 3888; x_wconf 83' lang='grc' dir='ltr'><strong>ναὶ</strong></span> <span class='ocrx_word' id='word_1_400' title='bbox 1613 3832 1700 3902; x_wconf 79' lang='grc' dir='ltr'><strong>μὰ</strong></span> <span class='ocrx_word' id='word_1_401' title='bbox 1734 3834 1843 3886; x_wconf 75' lang='grc' dir='ltr'><strong>Δία</strong></span> <span class='ocrx_word' id='word_1_402' title='bbox 1879 3831 1952 3886; x_wconf 84' lang='grc' dir='ltr'><em>σὺ</em></span> <span class='ocrx_word' id='word_1_403' title='bbox 1988 3849 2052 3900; x_wconf 81' lang='grc' dir='ltr'><strong>γε</strong></span> <span class='ocrx_word' id='word_1_404' title='bbox 2085 3828 2354 3919; x_wconf 79' lang='grc' dir='ltr'><strong>θαρῥῶν</strong></span> <span class='ocrx_word' id='word_1_405' title='bbox 2345 3832 2531 3885; x_wconf 80' lang='grc' dir='ltr'><strong><em>τάτα-</em></strong></span> 
     </span>
     <span class='ocr_line' id='line_1_75' title="bbox 1484 3891 2533 3976; baseline -0.002 -13"><span class='ocrx_word' id='word_1_406' title='bbox 1484 3908 1579 3976; x_wconf 73' lang='grc' dir='ltr'><strong>ξαι</strong></span> <span class='ocrx_word' id='word_1_407' title='bbox 1613 3908 1732 3960; x_wconf 82' lang='grc' dir='ltr'><strong><em>κτλ.</em></strong></span> <span class='ocrx_word' id='word_1_408' title='bbox 1802 3906 1987 3960; x_wconf 86' lang='lat' dir='ltr'><strong>Tibull.</strong></span> <span class='ocrx_word' id='word_1_409' title='bbox 2037 3909 2085 3968; x_wconf 86' lang='grc'><strong>4,</strong></span> <span class='ocrx_word' id='word_1_410' title='bbox 2126 3910 2172 3971; x_wconf 89' lang='grc'><strong>4,</strong></span> <span class='ocrx_word' id='word_1_411' title='bbox 2212 3891 2533 3961; x_wconf 60' lang='lat' dir='ltr'><strong>37:21dsitis</strong></span> 
     </span>
     <span class='ocr_line' id='line_1_76' title="bbox 1484 3986 2532 4049; baseline -0.002 -12"><span class='ocrx_word' id='word_1_412' title='bbox 1484 3988 1604 4049; x_wconf 75' lang='lat' dir='ltr'><strong>divi,</strong></span> <span class='ocrx_word' id='word_1_413' title='bbox 1642 3999 1731 4035; x_wconf 79' lang='lat' dir='ltr'><strong>nec</strong></span> <span class='ocrx_word' id='word_1_414' title='bbox 1763 3998 1852 4034; x_wconf 81' lang='lat' dir='ltr'><strong>vos</strong></span> <span class='ocrx_word' id='word_1_415' title='bbox 1873 3986 2175 4046; x_wconf 73' lang='lat' dir='ltr'><strong>depaupero</strong></span> <span class='ocrx_word' id='word_1_416' title='bbox 2193 3997 2367 4034; x_wconf 77' lang='lat' dir='ltr'><strong>mensa</strong></span> <span class='ocrx_word' id='word_1_417' title='bbox 2382 3987 2532 4035; x_wconf 81' lang='lat' dir='ltr'><strong>Dona</strong></span> 
     </span>
     <span class='ocr_line' id='line_1_77' title="bbox 2425 4062 2532 4110; baseline -0.019 0"><span class='ocrx_word' id='word_1_418' title='bbox 2425 4062 2532 4110; x_wconf 90' lang='lat' dir='ltr'><strong>Lu·-</strong></span> 
     </span>
    </p>
   </div>
   <div class='ocr_carea' id='block_1_11' title="bbox 1483 4133 2533 4194">
    <p class='ocr_par' dir='ltr' id='par_1_13' title="bbox 1483 4133 2533 4194">
     <span class='ocr_line' id='line_1_78' title="bbox 1483 4133 2533 4194; baseline -0.003 -10"><span class='ocrx_word' id='word_1_419' title='bbox 1483 4148 1601 4184; x_wconf 86' lang='lat' dir='ltr'><strong>can.</strong></span> <span class='ocrx_word' id='word_1_420' title='bbox 1657 4135 1706 4194; x_wconf 73' lang='grc'><strong>2,</strong></span> <span class='ocrx_word' id='word_1_421' title='bbox 1761 4133 1882 4183; x_wconf 75' lang='lat'><strong>627:</strong></span> <span class='ocrx_word' id='word_1_422' title='bbox 1935 4133 2533 4182; x_wconf 64' lang='lat' dir='ltr'><strong>necPhamaci-smta</strong></span> 
     </span>
    </p>
   </div>
   <div class='ocr_carea' id='block_1_12' title="bbox 1352 4206 2532 4270">
    <p class='ocr_par' dir='ltr' id='par_1_14' title="bbox 1352 4206 2532 4270">
     <span class='ocr_line' id='line_1_79' title="bbox 1352 4206 2532 4270; baseline -0.003 -10"><span class='ocrx_word' id='word_1_423' title='bbox 1352 4224 1408 4260; x_wconf 82' lang='grc' dir='ltr'><strong>τι</strong></span> <span class='ocrx_word' id='word_1_424' title='bbox 1479 4210 1738 4270; x_wconf 59' lang='lat' dir='ltr'><strong>rotumum</strong></span> <span class='ocrx_word' id='word_1_425' title='bbox 1776 4206 2050 4269; x_wconf 76' lang='lat' dir='ltr'><strong>Admonoo,</strong></span> <span class='ocrx_word' id='word_1_426' title='bbox 2101 4221 2192 4257; x_wconf 77' lang='lat' dir='ltr'><strong>noo</strong></span> <span class='ocrx_word' id='word_1_427' title='bbox 2232 4206 2532 4270; x_wconf 72' lang='lat' dir='ltr'><strong>cupopulos</strong></span> 
     </span>
    </p>
   </div>
   <div class='ocr_carea' id='block_1_13' title="bbox 1480 4280 2524 4345">
    <p class='ocr_par' dir='ltr' id='par_1_15' title="bbox 1480 4280 2524 4345">
     <span class='ocr_line' id='line_1_80' title="bbox 1480 4280 2524 4345; baseline -0.004 -12"><span class='ocrx_word' id='word_1_428' title='bbox 1480 4290 1698 4345; x_wconf 65' lang='lat' dir='ltr'><strong>utraque</strong></span> <span class='ocrx_word' id='word_1_429' title='bbox 1736 4287 1977 4345; x_wconf 70' lang='lat' dir='ltr'><strong>vayantes</strong></span> <span class='ocrx_word' id='word_1_430' title='bbox 2018 4280 2272 4331; x_wconf 65' lang='lat' dir='ltr'><strong>Amenda.</strong></span> <span class='ocrx_word' id='word_1_431' title='bbox 2345 4282 2524 4330; x_wconf 89' lang='lat' dir='ltr'><strong>Iuven.</strong></span> 
     </span>
    </p>
   </div>
   <div class='ocr_carea' id='block_1_14' title="bbox 3191 2479 3196 3047">
    <p class='ocr_par' dir='ltr' id='par_1_16' title="bbox 3191 2479 3196 3047">
     <span class='ocr_line' id='line_1_81' title="bbox 3191 2479 3196 3047; baseline 0 0"><span class='ocrx_word' id='word_1_432' title='bbox 3191 2479 3196 3047; x_wconf 95' lang='lat' dir='ltr'><strong> </strong></span> 
     </span>
    </p>
   </div>
  </div>
 </body>
</html>
