3234 4975
1172 429 1289 480 LlB.
1328 429 1411 478 IV.
1485 431 1541 479 C.
1579 427 1663 478 lx.

2477 425 2587 490 59!

861 588 1054 651 Totve
1099 595 1243 652 tuos
1287 585 1496 672 patiar
1540 584 1796 650 labores

692 747 984 833 Impune,
1032 742 1223 819 Lolli,
1273 764 1541 830 carpere
1587 741 1815 808 lividas

691 864 1086 932 Obliviones.

776 989 1146 1073 Rerumque
1189 985 1479 1072 prudens
1524 994 1588 1051 et
1631 985 1936 1052 secundis

1175 866 1286 930 Est
1330 866 1582 930 animus
1628 863 1738 929 tibi

855 1107 1279 1193 Temporibus
1326 1106 1674 1195 dubiisque
1720 1117 1974 1182 rectus,

688 1264 931 1331 Vindex
977 1285 1211 1332 avarae
1256 1265 1499 1331 fraudis
1545 1276 1608 1331 et
1653 1265 1980 1331 abstinens

689 1387 995 1453 Ducentis
1041 1386 1125 1453 ad
1168 1408 1241 1453 se
1287 1397 1517 1453 cuncta
1559 1387 1917 1475 pecuniae,

776 1507 1145 1595 Consulque
1194 1528 1321 1573 non
1364 1509 1557 1574 unius
1602 1509 1788 1585 anni,

858 1629 988 1696 Sed
1034 1630 1291 1717 quoties
1334 1629 1551 1696 bonus
1589 1640 1785 1717 atque
1830 1629 1998 1695 fidus

2517 1632 2599 1696 40

563 1856 644 1906 33.
680 1855 871 1906 Deficit
904 1855 1036 1906 Cod.
1074 1856 1247 1905 Turio.
1300 1854 1424 1906 inde
1469 1855 1539 1906 ab
1573 1856 1678 1905 hoc
1710 1868 1872 1906 versu
1905 1869 2079 1920 usque
2120 1856 2190 1906 ad
2224 1859 2399 1908 Carm.
2439 1859 2529 1917 44,

501 1931 578 1980 ⁴2.
634 1958 688 1966 —
724 1929 820 1979 Vv.
858 1928 1077 1980 38-40.
1115 1929 1197 1980 42.
1235 1929 1300 1980 43
1323 1928 1456 1981 -45,
1494 1930 1547 1979 in
1579 1931 1620 1980 B
1657 1929 1868 1980 desunt.

432 2131 630 2186 torques
671 2130 717 2173 et
747 2125 972 2174 monilia.
1026 2124 1312 2187 Diffliyitmt
1343 2124 1475 2173 inter

431 2212 513 2249 eos
535 2197 771 2261 (Arabes)
796 2198 1090 2248 celsissimae
1108 2199 1333 2259 virtues,
1370 2199 1476 2247 nisi

432 2273 571 2333 queis
623 2272 852 2321 Funiculi
890 2275 1186 2334 poematum
1230 2275 1478 2334 perennia

430 2347 689 2397 iniecerint
716 2346 933 2396 vincula.
975 2373 1029 2382 —-
1074 2347 1300 2411 inertiae]
1338 2346 1476 2396 dati-

431 2434 551 2481 vus,
573 2423 632 2470 ut
647 2422 754 2470 Sat.
777 2420 824 2481 4,
845 2420 895 2482 4,
920 2420 985 2471 48
1007 2434 1018 2468 :
1054 2422 1240 2483 Differ-t
1260 2420 1476 2471 sermoni

434 2495 769 2559 (comoedia).
827 2494 996 2546 Bentl.
1023 2494 1269 2546 volebat:
1312 2498 1479 2546 Virtus

432 2572 675 2622 inertia
715 2573 997 2635 poetarum
1038 2571 1202 2620 celata
1246 2571 1477 2633 paullum

431 2647 583 2696 distat
603 2647 781 2698 virtuti
802 2647 1037 2708 sepultae.
1070 2673 1125 2682 —
1167 2646 1342 2710 εἰὶεϋο]
1379 2644 1477 2696 Alii

430 2721 566 2769 sileri
617 2735 684 2771 ex
733 2720 1227 2771 accommodatione
1295 2721 1364 2771 ad
1421 2735 1472 2771 v.

428 2794 621 2855 patiar.
652 2822 705 2830 -
746 2797 892 2846 «Non
915 2795 1235 2857 concedam,
1274 2797 1333 2846 ut
1365 2807 1479 2846 ma-

431 2867 724 2918 levolorum
758 2867 891 2919 livor
923 2872 977 2920 et
998 2869 1263 2920 oblivione
1286 2870 1480 2921 obscu-

433 2944 515 2991 ret
559 2944 613 2991 et
652 2948 863 3005 carpat,
934 2943 1282 2994 obtrectando
1326 2945 1478 2994 exte—-

434 3018 587 3078 nuet,
625 3016 898 3081 praeclara
933 3019 1024 3067 tua
1057 3017 1246 3068 sacta.»

495 3128 578 3178 35.
614 3127 696 3178 36.
750 3131 1032 3191 Remnque
1058 3129 1305 3193 pmdom]
1345 3143 1478 3179 «re-

430 3215 550 3253 rum
600 3201 833 3253 civilium
877 3202 1298 3266 bellicarumque
1330 3204 1477 3267 peri-

430 3278 569 3325 tus.»
598 3303 654 3313 -
689 3277 865 3341 dubiis]
900 3291 1064 3342 saepe
1096 3277 1240 3328 idem
1270 3277 1381 3328 sere
1413 3291 1477 3328 ac

432 3349 635 3399 «rebus
658 3349 950 3402 adversis.»
986 3353 1108 3402 Tac.
1135 3353 1269 3402 Ann.
1293 3354 1351 3412 4,
1370 3352 1470 3404 64·

432 3425 660 3474 Caecina
702 3428 1034 3476 secundarum
1094 3427 1478 3491 aonbtyumwn-

432 3511 527 3559 que
574 3512 748 3548 rerum
794 3501 951 3549 sciens
1000 3513 1153 3560 eoque
1196 3502 1472 3551 interritus.

432 3571 633 3622 Referri
662 3572 765 3621 hoc
801 3585 930 3623 sane
953 3574 1130 3636 potest
1151 3574 1220 3622 ad
1243 3574 1472 3637 cladem,

432 3657 595 3707 quam
641 3644 832 3697 Lollius
876 3646 930 3696 in
965 3649 1246 3697 Germania
1285 3662 1477 3712 passus

433 3719 564 3767 erat.
606 3743 659 3753 -
721 3721 896 3770 Rectus
929 3720 1215 3784 opponitur
1247 3722 1329 3784 ei,
1384 3726 1473 3785 qut

431 3792 501 3842 ad
551 3805 769 3843 omnem
819 3805 1007 3844 casum
1039 3793 1272 3844 flectitur
1313 3798 1474 3858 atque

431 3866 763 3930 deprimitur.
835 3868 927 3918 Est
969 3868 1154 3930 igitur:
1216 3868 1471 3932 «ῆι-ωας,

431 3942 682 3992 constans
705 3940 914 4004 sibique
937 3954 1155 4005 semper
1185 3942 1473 4006 aequalis.»

495 4052 576 4102 37.
615 4052 694 4103 38.
756 4054 970 4115 Vindex]
1032 4054 1163 4117 «qui
1195 4051 1280 4103 vel
1316 4051 1475 4103 iudex

427 4125 513 4177 vel
536 4128 841 4190 provinciae
867 4141 1087 4193 praeses
1111 4140 1301 4179 severe
1325 4128 1477 4191 punit

429 4201 642 4254 fraudes
676 4205 732 4253 et
764 4204 1064 4266 avaritiam,
1111 4205 1227 4268 ipse
1261 4214 1476 4267 quoque

430 4293 461 4329 a
495 4280 691 4344 rapinis
724 4277 1087 4329 abhorrebit.»
1129 4304 1182 4314 -
1239 4277 1478 4329 Ducentss

1549 2125 1616 2173 ad
1655 2123 1731 2186 se]
1787 2125 1968 2174 «cuius
2029 2123 2293 2176 illecebris
2358 2125 2598 2190 plerique

1550 2198 1819 2248 ducuntur
1875 2200 2271 2263 transversique
2330 2205 2591 2264 aguntur,

1550 2285 1677 2322 cum
1697 2273 2005 2335 paucissimi
2029 2273 2090 2322 iis
2113 2275 2415 2323 resistant.»
2443 2275 2597 2335 Quod

1549 2344 1873 2396 scholiastae
1913 2345 2201 2410 explicant:
2244 2350 2598 2399 «pecunioso-

1549 2434 1671 2470 rum
1719 2421 1943 2483 gratiam
1990 2422 2166 2470 cuncti
2216 2423 2590 2484 sequuntur»,

1549 2498 1602 2545 in
1635 2509 1722 2545 vv,
1759 2497 1972 2560 proprie
2006 2509 2113 2547 non
2146 2497 2300 2546 inest.

1614 2569 1696 2620 39.
1753 2571 2050 2634 consulque]
2111 2570 2334 2635 «Optimi
2391 2570 2592 2634 quique

1549 2644 1838 2707 scriptores
1882 2657 1987 2695 non
2030 2643 2182 2693 aliter
2226 2644 2494 2694 interdum
2528 2644 2596 2694 de
2681 2701 2704 2717 ·

1551 2719 1728 2768 animo
1764 2731 1927 2780 quam
1961 2717 2029 2767 de
2064 2730 2294 2781 persona
2346 2719 2598 2781 quapiam

1550 2792 1898 2856 loquuntur.»
1946 2793 2130 2842 Bam.
2203 2793 2375 2855 Atque
2413 2804 2598 2842 exem-

1550 2865 1636 2929 pla
1676 2865 1820 2929 larga
1858 2878 2022 2915 manu
2044 2864 2113 2915 ab
2154 2878 2219 2915 eo
2251 2864 2472 2915 collecta
2507 2865 2601 2915 de-

1550 2942 1850 2991 monstrant
1869 2940 2082 2990 Latinos
2106 2939 2302 2990 dixisse
2325 2953 2336 2988 :
2394 2938 2602 2989 Animus

1551 3016 1869 3075 aestimtor,
1922 3014 2187 3077 carnifex,
2239 3027 2437 3075 censor,
2484 3027 2601 3063 con-

1550 3094 1790 3150 temptor,
1843 3093 2139 3151 corruptor,
2193 3088 2447 3150 dominus,
2484 3089 2601 3139 libe-

1548 3169 1723 3224 rator,
1788 3165 2128 3226 proscriptor,
2201 3168 2369 3213 rector
2383 3201 2401 3224 ,
2465 3176 2594 3224 rex,

1548 3238 1859 3299 speculator,
1909 3237 2104 3302 quibus
2147 3236 2286 3287 adde
2328 3250 2393 3287 ex
2428 3239 2598 3286 Sene-

1551 3327 1615 3363 ca
1649 3313 1923 3363 Phoeniss.
1978 3311 2072 3362 45:
2128 3313 2348 3361 desertor
2393 3312 2594 3369 anime3

1552 3401 1617 3438 ex
1667 3385 1816 3436 Plinii
1866 3388 2058 3447 Paneg.
2119 3387 2217 3434 55:
2292 3389 2600 3445 contemptor

1550 3461 1836 3511 ambitionis
1877 3465 1926 3509 et
1961 3459 2189 3523 infinitae
2219 3459 2480 3520 potestatis
2513 3458 2600 3506 do-

1547 3538 1701 3587 mitor
1733 3549 1796 3585 ac
1827 3535 2059 3598 frenator
2089 3534 2289 3583 animus
2319 3533 2434 3594 ipsa
2462 3537 2600 3582 vetto—

1548 3616 1674 3661 state
1708 3610 1958 3675 florescit3
1998 3621 2062 3659 ex
2085 3605 2334 3658 Iuvenale
2361 3606 2441 3666 43,
2471 3605 2593 3655 ⁴95:

1549 3687 1749 3736 enirm
1819 3688 1997 3734 tortor.
2100 3683 2364 3745 Mitigatur
2416 3682 2598 3731 autem
2685 3686 2689 3691 '

1550 3760 1734 3810 durior
1765 3760 1901 3809 haec
1923 3757 2237 3822 metaphora
2260 3756 2459 3806 animus
2483 3769 2600 3804 con-

1549 3835 1627 3884 sul
1657 3832 1743 3884 vel
1780 3847 1872 3895 eo,
1911 3832 2055 3897 quod
2079 3833 2330 3895 quattuor
2350 3827 2598 3879 versiculi

1550 3909 1989 3972 interponuntur,
2045 3908 2116 3957 ita
2151 3907 2211 3955 ut
2241 3903 2412 3954 lector
2463 3902 2597 3953 illius

1550 3981 1779 4032 nominis
1845 3993 2012 4044 prope
2080 3978 2275 4029 oblitus
2353 3975 2596 4028 facillime

1549 4054 1824 4118 suppleat:
1883 4057 2000 4115 «tu,
2052 4052 2209 4113 Lolli,
2246 4053 2417 4103 consul
2450 4066 2509 4102 es
2544 4052 2600 4100 et

1549 4129 1705 4177 iudex
1755 4129 1809 4176 et
1855 4128 2018 4177 victor
2075 4129 2179 4176 cet.
2269 4128 2404 4176 Nam
2461 4125 2596 4174 haec

1550 4214 1766 4265 quoque
1799 4209 1949 4250 voce.
1986 4200 2225 4265 pendent
2246 4213 2274 4249 a
2299 4214 2350 4250 v.
2378 4199 2594 4256 animus,

1551 4276 1636 4325 cui
1688 4273 1873 4325 itidem
1924 4275 2057 4324 altus
2112 4274 2273 4323 voltus
2328 4271 2592 4322 tribuitur.
