3234 4975
1268 405 1382 454 ΗΒ.
1422 406 1481 455 11.
1556 407 1611 454 (ἶ.
1655 408 1689 455 l.

2482 407 2604 472 2¹5

792 557 864 622 Et
906 557 1297 633 consulenti,
1348 560 1579 636 Pollio,
1631 562 1877 637 curiae,

873 680 987 746 Cui
1036 679 1255 746 laurus
1300 692 1600 748 aeternos
1654 682 1932 750 honores

955 803 1309 869 Delmatico
1356 805 1608 891 peperit
1651 806 1992 893 triumpho.

786 963 916 1027 lam
964 984 1130 1029 nunc
1175 963 1404 1029 minaci
1452 985 1779 1029 murmure
1831 986 2144 1031 cornuum

787 1084 1169 1171 Perstringis
1214 1105 1430 1161 aureS,
1481 1089 1606 1150 iam
1651 1084 1784 1150 litui
1831 1096 2148 1173 strepunt,

585 1235 662 1285 46.
701 1235 978 1285 Delmatico
1010 1237 1079 1285 B:
1118 1236 1405 1285 Dalmatico
1439 1235 1767 1295 bSTc,LCtF.
1805 1239 1938 1289 Item
1973 1236 2140 1287 Bentl.
2176 1240 2226 1287 et
2263 1238 2356 1289 MJ.

446 1356 512 1405 ad
536 1357 778 1407 Caesaris
811 1357 1076 1408 Octaviani
1113 1370 1285 1420 usque
1318 1358 1489 1407 victo-
1564 1370 1689 1407 cum
1723 1359 2011 1409 sententias
2044 1363 2196 1422 rogat
2228 1360 2330 1409 hac
2364 1359 2602 1411 formula:

446 1430 579 1480 riam
622 1430 880 1494 perducta
925 1444 1049 1483 esse
1083 1431 1331 1494 videtur.)
1399 1434 1490 1483 Res

440 1504 669 1566 publicae
691 1506 743 1555 h.
760 1505 793 1555 l.
809 1519 909 1570 pro
935 1507 1186 1569 «negotiis
1209 1506 1486 1570 publicis»,

444 1584 567 1642 τοῖς
590 1578 932 1643 πολιτικοῖς,
966 1582 1226 1646 imprimis
1249 1584 1387 1630 statu
1410 1582 1488 1630 rei

445 1654 688 1718 publicae
704 1656 971 1719 variisque
992 1657 1106 1706 eius
1122 1656 1492 1706 vicissitudini-

443 1729 564 1791 buS,
602 1743 735 1793 quas
768 1744 867 1794 per
898 1729 1035 1781 bella
1060 1728 1227 1780 civilia
1256 1733 1372 1780 erat
1392 1744 1490 1780 ex·-

444 1806 612 1868 perta.
681 1803 894 1856 Plautus
934 1804 1035 1855 Mil.
1078 1804 1147 1868 gl.
1187 1807 1246 1866 2,
1291 1806 1350 1865 4,
1392 1806 1483 1855 25:

443 1880 651 1942 magnai
671 1881 746 1928 rei
779 1880 1002 1941 publicai
1036 1881 1225 1944 pratia.
1280 1879 1390 1930 Cic.
1416 1879 1484 1929 de

444 1952 584 2003 Orat.
607 1953 654 2014 4,
683 1955 737 2003 44
761 1969 772 2001 :
796 1955 901 2003 sine
917 1954 1489 2016 mamper-tractatione

445 2028 665 2077 omnivm
716 2041 890 2078 rerum
942 2029 1277 2090 publicarum.
1338 2031 1481 2080 Suet.

444 2102 567 2151 Ner.
583 2102 632 2151 9:
651 2103 809 2152 Matri
825 2117 1070 2153 munnam
1084 2104 1487 2153 omnimo-erum

437 2176 760 2239 publicarum
816 2179 1239 2240 privatarumque
1291 2180 1485 2240 permi-

442 2252 521 2300 sit.
553 2279 607 2289 -—
629 2254 825 2317 munus]
864 2252 1126 2316 Quidquid
1167 2251 1355 2316 aliquis
1390 2265 1484 2303 su-

443 2327 623 2389 scipit,
658 2327 763 2376 hoc
797 2328 912 2377 eius
946 2328 1006 2376 fit
1036 2341 1241 2387 mma-3,
1274 2331 1478 2391 partes,

440 2401 607 2464 Λαΐς]
623 2401 752 2451 abe.
844 2403 928 2451 Sic
984 2401 1230 2452 Pollionis
1287 2414 1483 2452 munus

442 2475 728 2539 tragoedia,
764 2476 833 2527 ad
868 2489 1030 2540 quam
1060 2479 1185 2541 post
1207 2476 1482 2527 historiam

443 2550 767 2601 elaboratam
803 2551 981 2602 denuo
1003 2565 1062 2601 se
1086 2551 1314 2616 applicet
1336 2554 1485 2617 optat

442 2628 618 2690 poeta.
636 2654 691 2662 —
705 2627 939 2689 Cecropio
956 2629 1134 2677 autem
1152 2628 1392 2677 cothurno
1409 2629 1486 2678 in-

440 2702 610 2760 nixus,
626 2702 747 2763 quia
760 2702 901 2765 apud
914 2702 1282 2762 Athenienses,
1303 2704 1485 2753 inven-

439 2777 554 2824 tore
568 2774 776 2839 Thespi,
795 2775 972 2826 floruit
985 2777 1086 2826 hoc
1100 2778 1279 2839 poesis
1293 2791 1476 2840 genus.

440 2848 604 2912 (Ovid.
633 2863 696 2900 ex
720 2852 869 2899 Pont.
898 2849 955 2911 4,
983 2851 1074 2910 46,
1110 2852 1202 2900 29:
1239 2853 1484 2914 Musaque

444 2924 660 2973 Turrani
692 2926 899 2987 tragicis
924 2925 1107 2975 iimina
1128 2927 1420 2991 cothmmis.)

509 2998 589 3047 43.
613 2997 693 3049 44.
716 2999 827 3047 Iam
852 3012 1082 3063 pergens
1110 3001 1163 3051 in
1185 3002 1346 3051 Asinii
1369 3015 1482 3052 me-

440 3073 553 3123 ritis
588 3074 942 3137 exponendis,
980 3088 1105 3125 eum
1128 3078 1187 3125 ut
1208 3078 1476 3127 oratorem

436 3148 707 3198 forensem
763 3151 818 3198 et
871 3152 1176 3200 senatorem
1227 3150 1475 3201 dilaudat.

439 3222 648 3282 Quintil.
689 3223 778 3282 42,
828 3224 941 3285 44,·
966 3225 1054 3275 28:
1107 3226 1185 3274 An
1232 3227 1384 3276 Pollio
1434 3232 1481 3277 et

434 3297 682 3356 Messala,
735 3299 822 3359 qui
861 3299 967 3347 iam
1013 3299 1246 3351 Cicerone
1292 3307 1481 3353 tenente

435 3384 606 3421 arcem
650 3372 954 3433 eloquentiae
1002 3387 1153 3437 agere
1195 3382 1476 3438 coeperunt,

422 3458 621 3510 pamm
662 3446 716 3495 in
753 3447 862 3496 vita
892 3448 1150 3512 <limitetis
1181 3450 1477 3514 habuerunt,

428 3533 622 3583 par-um
664 3522 733 3570 ad
768 3526 991 3583 posteros
1029 3523 1224 3586 gloriae
1254 3526 1478 3576 tradide-

434 3594 597 3644 runt?
628 3622 684 3631 —
722 3597 922 3646 maestis
942 3598 1107 3661 -reisJ
1142 3600 1203 3647 ut
1235 3612 1356 3649 cum
1380 3601 1478 3651 de-

434 3669 601 3720 fendit
649 3672 875 3721 Nonium
930 3674 1309 3736 Asprenatem,
1362 3677 1478 3726 Mo-

433 3744 622 3795 schum
652 3745 800 3810 (Epp.
822 3746 869 3806 4,
890 3748 939 3806 5,
962 3746 1009 3795 9.
1037 3745 1237 3797 collatis
1256 3748 1474 3809 Schol.),

432 3818 829 3883 Apollodorum,
863 3833 1050 3870 omnes
1073 3822 1313 3872 veneficii
1333 3837 1472 3874 reos.

433 3894 629 3943 Horatii
664 3908 875 3945 memor
907 3895 1001 3945 fuit
1022 3896 1235 3947 Ovidius
1258 3898 1395 3948 Fast.
1425 3899 1472 3957 4,

430 3967 514 4017 22.
542 3967 611 4018 de
635 3970 970 4019 Germanico:
1010 3971 1180 4020 Civica
1202 3985 1299 4033 pro
1320 3974 1477 4034 trepi-

431 4042 510 4091 dis
539 4055 653 4092 eum
686 4043 797 4092 tulit
828 4057 977 4094 mna
997 4047 1110 4094 reis.
1158 4073 1212 4081 —
1250 4048 1474 4097 Senatus

430 4120 612 4166 autem
621 4118 934 4179 praesidium
948 4119 1242 4183 appellatur
1256 4123 1475 4184 propter

431 4193 721 4243 sententias
757 4206 786 4242 e
810 4206 866 4242 re
888 4192 1100 4258 publica
1123 4194 1174 4244 in
1198 4208 1263 4244 eo
1287 4195 1467 4246 dictas.

436 4292 488 4301 —-
516 4267 733 4332 Proprie
753 4266 938 4320 consul
968 4269 1177 4318 considit
1195 4272 1468 4332 senatum,

1563 1433 1658 1482 Dic
1693 1434 1759 1482 M.
1798 1433 1951 1482 Τυιιι
1999 1432 2116 1495 (Sal.
2156 1433 2269 1484 Cat.
2308 1432 2397 1484 48:
2435 1449 2610 1484 coneu-

1561 1508 1689 1556 lente
1709 1507 1942 1556 Cicerone
1961 1512 2162 1557 senam
2192 1508 2465 1571 decernam
2493 1512 2605 1560 tum

1562 1582 1676 1645 lpse
1711 1583 1928 1632 senatus
1968 1584 2222 1632 considere
2261 1583 2364 1633 dici
2406 1586 2602 1647 potest.

1563 1656 1615 1706 id
1648 1658 1757 1716 est,
1795 1655 2117 1717 deliberare,
2154 1659 2214 1707 ut
2243 1657 2342 1707 Sal.
2381 1659 2494 1709 Cat.
2520 1660 2601 1708 52,

1561 1730 1790 1793 antiquis
1824 1731 2070 1781 Romanis
2105 1730 2288 1781 tribuit
2308 1734 2532 1781 animum
2554 1734 2606 1782 in

1558 1805 1854 1854 considendo
1888 1805 2121 1865 liberium
2171 1819 2272 1856 nec
2311 1820 2440 1857 vero
2481 1821 2605 1858 cum

1561 1880 1674 1931 aliis
1693 1879 2087 1944 explicandum:
2113 1882 2383 1932 con-ridenti
2406 1882 2607 1932 scilicet

1558 1956 1629 2005 te.
1672 1983 1727 1992 —
1762 1955 1932 2019 Pollio]
1975 1955 2153 2006 Rebus
2197 1956 2416 2006 demum
2458 1956 2604 2007 domi

1557 2028 1791 2092 bellique
1825 2042 1856 2079 a
1891 2027 2120 2080 Pollione
2155 2031 2318 2093 gestis
2355 2031 2468 2082 eius
2505 2044 2604 2081 no-

1559 2116 1682 2153 men
1717 2106 2022 2168 praeponit,
2078 2118 2214 2168 quae
2259 2105 2476 2167 insignis
2514 2117 2604 2155 ars

1554 2191 1718 2243 prave
1752 2180 2079 2243 reprehensa
2114 2182 2198 2229 est
2218 2192 2249 2229 a
2274 2180 2467 2230 Critico
2491 2181 2599 2229 Mo-

1556 2255 1772 2303 nacensi
1807 2253 1952 2304 4836.
1992 2268 2044 2318 p.
2072 2254 2185 2303 590.
2227 2253 2378 2303 Haud
2414 2255 2602 2305 memi-

1557 2330 1773 2379 aeratis
1796 2329 1890 2379 Od.
1918 2329 1974 2389 3,
2011 2329 2116 2388 27„
2153 2330 2207 2378 in
2232 2341 2335 2391 qua
2362 2329 2600 2379 Galateae

1555 2416 1754 2453 nomen
1788 2407 2064 2467 comparet
2096 2404 2316 2453 demum
2349 2418 2400 2453 v.
2442 2402 2520 2453 ⁴4.

1622 2479 1703 2529 46.
1741 2477 2031 2542 Delmatico]
2068 2479 2198 2528 VIII.
2236 2476 2344 2528 Kal.
2383 2480 2513 2528 NoV.
2549 2492 2596 2527 a.

1557 2568 1609 2604 u.
1649 2566 1696 2602 c.
1736 2555 1849 2603 745.
1911 2554 2117 2614 (Baiteri
2165 2555 2299 2603 Fast.
2345 2554 2595 2616 triumph.

1555 2643 1607 2693 p.
1649 2628 1858 2690 CLXI.),
1895 2641 2020 2677 cum
2055 2626 2379 2677 debellasset
2403 2628 2603 2677 Parthi-

1556 2718 1681 2762 nos,
1734 2703 1990 2769 populum
2036 2703 2256 2767 Illyrici,
2310 2702 2597 2754 Delmatiae

1554 2779 1853 2828 finitimum.
1958 2780 2282 2842 Scripturam
2348 2778 2599 2827 Delmatia

1554 2852 1817 2918 praebent
1840 2854 2212 2916 Inscriptiones
2243 2853 2403 2914 <Grut.
2431 2866 2483 2915 p.
2511 2852 2595 2914 96,

1556 2929 1601 2977 4.
1641 2929 1694 2976 in
1728 2928 1962 2991 inscript.
2003 2941 2050 2976 a.
2088 2941 2142 2976 u.
2182 2940 2227 2976 c.
2267 2926 2386 2976 763:
2430 2928 2597 2976 Βειιο

1551 3002 1906 3066 Damnem),
1935 3002 2070 3053 Fasti
2093 3001 2343 3065 triumph.
2372 3000 2592 3066 Capitol.

1551 3090 1603 3140 p.
1643 3077 1832 3137 CLIX„
1869 3076 2139 3126 interdum
2174 3079 2228 3126 et
2250 3076 2500 3136 Codices,
2539 3080 2598 3126 ut

1552 3152 1604 3200 h.
1644 3149 1678 3201 l.
1715 3152 2111 3214 antiquissimus
2145 3152 2328 3201 noster
2358 3152 2415 3200 Β.

1620 3226 1699 3275 47.
1735 3227 1846 3275 Iam
1887 3225 2036 3289 nunc]
2083 3225 2249 3288 Fingit
2288 3238 2349 3274 se
2382 3225 2592 3274 iamiam

1551 3299 1638 3350 vel
1672 3303 1793 3349 ante
1827 3298 2023 3350 lectam
2056 3300 2216 3349 Asinii
2242 3312 2424 3348 curam
2450 3311 2597 3349 sum-

1551 3387 1640 3425 ma
1690 3373 1933 3425 Pollionis
1982 3377 2094 3424 arte
2141 3374 2392 3424 historica
2433 3377 2590 3435 atque

1551 3447 1817 3519 ἐναργειᾳ
1849 3449 1902 3498 in
1941 3448 2150 3498 medias
2184 3460 2274 3498 res
2308 3447 2592 3509 abreptum

1553 3535 1701 3583 esse,
1761 3520 1990 3586 exempli
2046 3534 2235 3582 causa,
2302 3521 2355 3570 in
2418 3521 2590 3583 ipsam

1550 3611 1784 3663 pugnam
1841 3595 2197 3647 Pharsalicam
2214 3635 2225 3657 ,
2283 3595 2590 3657 neutiquam

1550 3686 1708 3731 ver0,
1761 3675 1820 3722 ut
1865 3670 1948 3721 alii
1995 3672 2304 3735 opinantur,
2357 3670 2410 3719 in
2451 3666 2589 3717 bella

1551 3749 1761 3807 extera,
1815 3759 1952 3809 quae
1988 3760 2016 3794 a
2054 3744 2283 3795 Pollione
2319 3755 2587 3806 nunquam

1551 3824 1760 3872 narrata
1794 3823 1931 3871 sunt.

1615 3897 1695 3947 48.
1732 3894 2044 3958 Per-stringis]
2089 3892 2299 3942 Iuvenal
2336 3894 2422 3952 44,
2464 3894 2586 3942 496;

1548 3976 1595 4021 et
1612 3971 1795 4035 fragor
1815 3982 1991 4019 aurem
2004 3969 2233 4018 pereutit.
2257 3969 2592 4030 Perstrinyere

1549 4045 1615 4094 de
1652 4044 1870 4094 auribus
1903 4043 2059 4093 acuto
2093 4041 2176 4091 vel
2210 4041 2428 4093 terribili
2458 4035 2590 4092 sono

1548 4120 1845 4183 percussiS,
1892 4118 2264 4182 praestringere
2308 4118 2376 4168 de
2422 4117 2589 4167 oculis

1548 4193 1725 4244 subito
1757 4191 2042 4256 splendore
2075 4190 2161 4242 vel
2182 4191 2398 4243 fulmine
2422 4205 2588 4255 prope

1551 4268 1796 4320 caecatis
1849 4295 1903 4304 —
1954 4267 2079 4331 litui]
2129 4269 2318 4318 Lucan.
2363 4269 2418 4326 4,
2462 4266 2556 4316 ‘237
2577 4282 2586 4314 :
