3234 4975
1190 377 1309 427 LIB.
1346 378 1383 426 1.
1456 377 1513 427 C.
1554 376 1659 426 vll.

480 536 626 613 Quo
673 554 791 600 nos
834 553 1090 621 cunque
1135 532 1295 598 seret
1336 529 1564 598 melior
1607 531 1860 597 fortuna
1903 540 2207 617 parente,

2465 531 2548 595 25

642 654 910 733 Ibimus,
955 674 996 720 o
1039 653 1198 721 socii
1243 653 1662 740 comitesque.

482 777 575 841 Nil
623 774 1102 864 desperandum
1145 778 1392 842 Teucro
1436 773 1603 842 duce
1649 784 1714 842 et
1757 774 2020 861 auspice
2066 776 2339 854 Teum-03

649 899 874 966 Certus
916 898 1088 964 enim
1132 897 1423 985 promisit
1468 894 1723 985 Apollo,

472 1057 849 1145 Ambiguam
904 1055 1130 1123 tellure
1174 1075 1342 1122 nova
1385 1053 1707 1122 Salamina
1750 1055 2041 1122 futuram.

518 1285 598 1334 27.
633 1285 835 1346 auspice
879 1283 1050 1334 Teucri
1090 1281 1236 1333 «duo
1268 1283 1416 1332 mei»
1459 1283 1674 1336 Rutu:
1721 1295 1847 1332 cum
1886 1280 2129 1346 pluribus
2163 1281 2277 1334 aliis
2313 1283 2490 1346 (etiam

454 1371 546 1409 sex
570 1359 819 1420 Pottierii)
855 1359 910 1408 F.
936 1357 1137 1420 auspice
1155 1355 1344 1407 Phoebo
1367 1356 1601 1408 malebat
1623 1356 1812 1418 Benss„
1848 1358 2075 1420 «κυρίως
2115 1358 2298 1408 Teucro
2319 1359 2493 1409 cortus

458 1433 696 1484 Wadius.
770 1434 849 1496 (Ut
880 1445 1006 1492 nos,
1044 1433 1210 1482 nostri
1242 1430 1399 1492 libri.)

393 1636 792 1700 migrationibus
848 1637 1096 1686 continuo
1152 1638 1432 1700 susceptiS,

393 1710 645 1775 plurimos
696 1710 908 1763 labores
959 1709 1278 1762 exanclarat.
1332 1714 1437 1763 Re-

394 1783 502 1848 gel:
552 1787 633 1836 «ei
676 1786 991 1836 sacrificavit
1032 1788 1093 1837 ut
1123 1785 1247 1836 duci
1280 1787 1438 1836 itine-

391 1861 481 1911 ris.
555 1861 658 1911 Cfr.
696 1861 936 1925 Xenoph.
981 1859 1151 1912 Anah.
1191 1861 1240 1922 6,
1278 1862 1328 1922 2,
1366 1861 1432 1910 9:

391 1935 659 2001 θυομένῳ
714 1933 777 1986 δὲ
832 1929 986 2002 αὐτῷ
1043 1931 1120 2002 τῷ
1194 1930 1439 2003 ἡγεμόνι

389 2003 700 2080 Ἠρακλεῖ.»
794 2011 1131 2074 Quamquam
1207 2009 1439 2060 dubitari

393 2088 593 2149 potest,
630 2098 759 2134 num
784 2084 1040 2136 Hercules
1064 2087 1218 2150 aptus
1241 2086 1311 2135 sit
1332 2084 1440 2134 dux

394 2161 555 2210 etiam
610 2161 974 2223 navigationis.
1038 2188 1093 2198 —
1150 2161 1330 2225 fertur]
1382 2176 1434 2211 v.

394 2236 645 2284 usitatum
688 2234 757 2284 de
800 2234 964 2288 rebus
1007 2237 1222 2300 antiqua
1265 2235 1437 2301 aliqua

397 2307 713 2381 παραδόσει
753 2309 976 2371 traditis,
1022 2313 1083 2361 ut
1122 2312 1262 2375 Virg.
1304 2314 1434 2363 Aen.

456 2460 539 2510 25.
584 2459 813 2524 parente]
860 2459 1114 2511 iracundo
1159 2474 1223 2512 ac
1254 2475 1436 2524 saev0,

394 2536 484 2598 qui
521 2548 647 2584 eum
680 2535 823 2598 apud
856 2537 1141 2587 Pacuvium
1163 2538 1241 2587 sic
1263 2538 1439 2588 incre-

396 2612 509 2673 pat:
547 2609 780 2658 Fratrem
800 2623 1064 2674 segregare
1084 2610 1173 2660 abs
1193 2616 1239 2660 te
1272 2613 1444 2661 ausu’s

399 2687 489 2731 aul
521 2683 626 2732 sine
658 2683 743 2732 illo
777 2683 1042 2734 Salamt'na
1074 2685 1305 2750 inm-edi?
1336 2688 1440 2737 Nc—

400 2770 493 2819 que
525 2762 800 2819 paternam
841 2764 1094 2821 aspectum
1134 2773 1185 2809 es
1219 2761 1442 2811 veritus?

396 2832 517 2894 (Cic.
556 2831 625 2881 de
659 2832 745 2881 Or.
782 2832 832 2892 2,
870 2831 952 2893 46,
980 2833 1092 2883 493.
1151 2834 1439 2886 Hermanni

397 2908 619 2970 Opuscc.
656 2906 765 2956 vn.
802 2920 855 2971 p.
893 2907 1008 2958 384.
1077 2907 1326 2959 Welcker
1364 2912 1442 2960 die

396 2981 576 3044 yria-lt.
618 2981 859 3045 stagnea.
895 2996 948 3047 p.
988 2982 1100 3034 494.
1137 2982 1214 3034 Id.
1241 2998 1294 3049 p.
1320 2986 1435 3035 202.

401 3056 610 3106 Tenba:
640 3057 881 3107 ascheim
900 3072 1020 3109 zum
1045 3059 1175 3109 neit
1193 3060 1270 3110 als
1290 3062 1441 3122 Sum-

399 3131 476 3180 bol
508 3133 640 3182 eines
656 3134 1021 3197 eiam-vinnium
1042 3135 1318 3184 Schicksals
1338 3137 1443 3185 und

396 3206 670 3257 dammam
702 3207 928 3272 Laboris.)
981 3209 1132 3268 Quid,
1171 3210 1315 3274 quod
1339 3211 1440 3261 Te-

394 3279 567 3330 lamon
604 3295 731 3331 eum
766 3282 915 3332 necis
938 3281 1199 3334 fraternae
1225 3284 1442 3335 insimu-

394 3353 528 3405 lasse
555 3356 793 3407 dicitura
812 3359 1111 3408 Pausania?
1136 3361 1199 3422 (4,
1226 3361 1308 3421 28,
1338 3359 1437 3421 42.)

454 3430 537 3479 27.
564 3431 645 3479 28.
685 3432 887 3493 auspice
912 3432 1112 3498 Teucro]
1136 3435 1214 3483 De
1238 3435 1439 3483 Graeco

392 3504 553 3554 heroe
595 3507 952 3557 Romanorum
996 3520 1146 3557 more
1185 3506 1435 3572 loquitur,

393 3580 450 3627 ut
481 3582 534 3630 et
567 3581 777 3630 Curtius
810 3583 861 3641 6,
898 3582 946 3631 3.
996 3581 1066 3633 de
1112 3582 1434 3633 Alexandro:

392 3667 601 3714 quornm
635 3656 745 3704 alia
775 3657 928 3705 ductu
957 3670 1095 3718 meo,
1141 3658 1250 3708 alia
1280 3659 1440 3721 mipo—

396 3728 474 3777 rio
529 3731 855 3792 anapia-ioque
900 3733 1192 3793 peramant,-
1249 3736 1304 3783 et
1370 3734 1437 3784 de

392 3805 773 3867 Amphitruone
826 3804 1041 3856 Plautus
1084 3807 1340 3871 Amphitr.
1390 3809 1436 3869 4,

393 3878 438 3937 4,
490 3877 579 3929 4⁴:
633 3881 781 3943 gessit
832 3894 943 3941 mn
986 3881 1241 3944 publicam
1289 3884 1440 3932 ductu

392 3951 596 4014 imperio
630 3955 857 4017 auspicio
888 3969 995 4005 suo.
1035 3957 1177 4006 Suet.
1205 3958 1315 4007 Oct.
1343 3958 1432 4007 2⁴:

392 4026 575 4077 domm
609 4034 779 4077 autem
804 4031 1000 4092 partim
1033 4033 1208 4093 ductu,
1246 4032 1437 4094 parlim

392 4103 625 4162 auspiciis
665 4103 767 4152 suis
805 4103 1148 4154 Cantabriam.
1229 4107 1436 4157 Consu-

394 4172 468 4225 les
503 4176 723 4227 Romani
757 4176 958 4229 bellum
1007 4182 1253 4242 gerentes
1286 4182 1440 4230 erant

395 4260 513 4299 cum
547 4251 770 4315 imperio
804 4252 995 4317 (duco),
1033 4252 1306 4305 habebant
1337 4267 1437 4305 au-

1512 1637 1677 1701 spicia
1715 1636 1974 1700 (auspice).
2019 1665 2072 1672 —
2112 1638 2288 1687 Lectio
2321 1639 2501 1687 autem
2524 1650 2554 1686 a

1514 1712 1616 1761 Fea
1652 1713 1888 1774 recepta,
1926 1712 2127 1773 auspice
2153 1711 2339 1771 Teucri,
2377 1710 2432 1760 id
2455 1713 2555 1772 est,

1514 1784 1751 1845 Phoebo,
1788 1786 2016 1836 hominis
2039 1784 2262 1848 argutuli
2285 1786 2558 1835 inventum

1513 1862 1614 1920 est,
1654 1872 1754 1909 nec
1789 1859 1979 1909 melior
2011 1859 2185 1910 wadii
2219 1861 2274 1910 et
2306 1860 2558 1924 Lessingii

1513 1935 1719 2000 (Werko
1749 1935 1951 1985 Lachm.
1987 1934 2094 1985 XV.
2131 1948 2184 1999 p.
2223 1935 2356 1998 446.)
2391 1936 2557 1986 inter-

1512 2010 1753 2073 punctio:
1822 2010 2005 2059 Teucro
2054 2010 2176 2060 duce
2230 2018 2277 2059 et
2328 2012 2559 2072 auspice:

1516 2084 1702 2134 Teucro
1743 2088 1906 2134 cerem
1947 2085 2077 2135 enim
2108 2085 2340 2147 promisit
2386 2085 2559 2147 Apollo

1515 2160 1616 2208 cet.
1673 2159 1807 2207 Feae
1834 2156 1952 2208 lect.
1995 2160 2165 2208 Teucri
2198 2158 2432 2222 probans
2451 2161 2550 2209 ΗΡ.

1513 2233 1590 2283 sic
1643 2232 1893 2296 explicat:
1949 2233 2216 2283 «ducibus
2257 2234 2461 2283 Teucro
2505 2237 2559 2283 et

1513 2305 1768 2371 Apolline,
1790 2308 2005 2370 auspice
2024 2309 2265 2357 Teucri.»
2301 2309 2406 2357 Sed
2421 2309 2557 2358 haec

1514 2382 1570 2430 et
1601 2379 1724 2430 talia
1758 2379 2123 2444 relinquamus
2147 2382 2226 2443 iis,
2263 2383 2354 2446 qui
2377 2397 2408 2432 a
2431 2389 2559 2446 poe-

1513 2456 1557 2507 si
1617 2456 1838 2522 eiusque
1901 2470 2005 2507 non
2056 2456 2230 2509 solum
2284 2471 2551 2519 sermone,

1512 2532 1610 2583 sed
1633 2535 1741 2582 tota
1764 2534 1984 2595 ratione,
2009 2546 2229 2596 prorsus
2252 2532 2408 2582 alieni
2430 2537 2556 2583 sunt

1513 2610 1703 2669 atque,
1748 2610 1809 2655 ut
1842 2608 1954 2671 ipse
1991 2608 2211 2656 nimium
2245 2607 2452 2657 sincere
2488 2608 2555 2656 de

1513 2693 1571 2731 se
1627 2679 1771 2741 dixit,
1828 2681 2113 2729 «interdum
2156 2680 2318 2730 dolent
2360 2682 2558 2742 Quinti-

1514 2755 1708 2803 lianum
1738 2754 1929 2817 felicem
1948 2754 2149 2804 Horatii
2169 2755 2438 2804 audaciam
2459 2768 2563 2804 me-

1511 2830 1836 2879 moravisse.»
1907 2831 2185 2879 Praeterea
2242 2830 2424 2878 Teucro
2466 2830 2559 2878 fir-

1514 2908 1626 2954 mat
1692 2905 1887 2956 Marius
1952 2905 2250 2955 Victorinus
2316 2918 2368 2968 p.
2441 2905 2553 2954 ⁴58.

1512 2979 1670 3030 Gaisf.
1733 2979 1931 3030 «Codd.
1969 2978 2124 3029 lectio
2159 2980 2210 3029 in
2245 2981 2556 3044 repetitione

1513 3055 1759 3106 eiusdem
1795 3057 1848 3105 et
1870 3056 2096 3106 nominis
2121 3056 2192 3118 (et
2213 3056 2385 3117 casus)
2411 3068 2557 3106 sem-

1512 3143 1612 3195 per
1654 3131 1782 3180 mihi
1825 3131 1938 3181 visa
1990 3133 2072 3181 est
2113 3132 2555 3191 venustissima,-

1514 3204 1713 3255 addam
1763 3218 1887 3255 cum
1937 3205 2188 3255 Bosscha.
2253 3234 2306 3241 —-
2368 3206 2555 3270 Certus]

1513 3272 1804 3344 ἀψευδής,
1861 3293 2026 3329 verax
2076 3294 2140 3329 ac
2192 3280 2295 3330 fide
2348 3280 2553 3343 dignus.

1513 3356 1691 3418 Eut-ip.
1731 3354 1915 3405 Helen.
1956 3354 2068 3406 ⁴46.
2138 3357 2367 3405 Teucer:
2406 3369 2557 3419 συμ-

1514 3426 1873 3499 προξένησον
1893 3465 1908 3489 ,
1968 3422 2050 3491 ὥς
2098 3426 2254 3489 τύχω
2308 3443 2558 3493 μαντευ-

1509 3500 1713 3569 μάτων
1732 3540 1748 3565 ,
1802 3495 1919 3569 ὅπη
1968 3500 2113 3566 νεὼς
2162 3502 2440 3568 στείλαιμ’
2483 3496 2560 3551 ἂν

1513 3572 1713 3649 οὔριον
1767 3573 1974 3647 πτερὸν
2045 3579 2108 3641 ἐς
2166 3576 2275 3645 γῆν
2329 3577 2559 3628 ἐναλίαν

1511 3651 1774 3724 Κύπρον,
1820 3648 1891 3706 οὗ
1931 3656 1994 3719 μ’
2040 3654 2346 3704 ἐθέσπισεν
2380 3656 2558 3702 οἰκεῖν

1505 3723 1823 3790 Ἀπόλλων,
1861 3724 2054 3794 ὄνομα
2074 3725 2419 3794 νησιωτικὸν
2439 3728 2556 3777 Σα-

1510 3803 1728 3871 λαμῖνα
1777 3805 2025 3870 θέμενον
2075 3800 2179 3869 τῆς
2228 3802 2352 3854 ἐκεῖ
2385 3800 2555 3874 χάριν

1510 3877 1748 3952 πάτρας.

1574 3957 1655 4005 29.
1694 3954 2008 4019 Ambiyuam]
2037 3953 2259 4005 alteram
2284 3954 2552 4005 conditum

1510 4030 1571 4079 iri
1607 4029 1868 4079 Salamina
1913 4031 1964 4078 in
2017 4027 2187 4079 insula
2224 4030 2428 4093 Cypro,
2476 4031 2551 4088 ut,

1511 4117 1637 4154 cum
1703 4103 1978 4155 Salaminis
2045 4105 2164 4168 quis
2231 4104 2551 4163 meminerit,

1509 4179 1802 4243 mnbiqmam
1824 4179 2058 4230 futurum
2082 4180 2166 4239 sit,
2205 4178 2272 4229 de
2296 4192 2400 4242 qua
2426 4191 2552 4240 aga—

1510 4256 1609 4305 tur.
1683 4253 1854 4305 Manil.
1893 4257 1942 4315 ὅ,
1980 4256 2058 4305 50.
2114 4256 2306 4305 Lucan.
2346 4253 2395 4313 3,
2435 4253 2546 4301 483.
