3234 4975
647 406 771 469 548

989 562 1324 648 Utcunque
1369 559 1673 627 defecere
1718 580 1967 635 mores,

1426 406 1682 456 HORATn
1718 407 2054 458 CARMINUM

2740 563 2822 626 35

1074 681 1456 749 lndecorant
1496 681 1666 748 bene
1711 693 1858 747 nata
1903 680 2152 768 culpae.

905 839 1074 921 Quid
1120 838 1391 910 debeas,
1440 860 1479 904 o
1524 841 1755 914 Roma,
1804 838 2205 912 Neronibus,

906 960 1109 1029 Testis
1153 962 1510 1027 Metaurum
1556 958 1796 1026 flumen
1842 970 1906 1026 et
1950 959 2312 1027 Hasdrubal

988 1083 1293 1148 Devictus
1337 1090 1402 1147 et
1444 1079 1716 1168 pulcher
1759 1080 1989 1168 sugatis

1074 1202 1185 1268 Ille
1232 1202 1374 1268 dies
1418 1201 1596 1268 Latio
1643 1202 1957 1277 tenebris,

2740 1206 2822 1270 40

783 1441 866 1492 36.
899 1440 1196 1490 Indaeorum
1225 1432 1356 1500 βξχ,
1392 1450 1475 1501 pr.
1513 1450 1564 1495 ν,
1601 1450 1715 1487 var.
1750 1435 1873 1487 lect.
1910 1453 1976 1498 ω,
2011 1438 2244 1488 Pottierii
2279 1439 2337 1501 2,
2374 1440 2432 1499 ὃ,
2470 1440 2529 1500 6,
2565 1439 2622 1499 9,
2663 1438 2752 1500 43,

717 1517 828 1576 ⁴4..
874 1515 1005 1575 Fea,
1049 1512 1107 1562 J:
1153 1511 1510 1561 Indedecorant
1549 1525 1606 1572 c,
1649 1512 1965 1562 Dedecorant
1997 1510 2314 1574 BbsT,1.Ct,
2357 1511 2550 1575 Bentl„
2585 1514 2653 1565 Μ.
2695 1527 2751 1550 -·-

716 1593 797 1644 38.
832 1589 1082 1642 Asdrubal
1113 1601 1171 1648 c,
1207 1586 1463 1637 Hannibal
1494 1599 1766 1651 superscr.
1799 1586 2087 1637 Hasdrubal
2117 1587 2171 1637 d.

654 1804 931 1866 Utctmque]
968 1815 1033 1851 ex
1074 1801 1270 1851 Horatii
1310 1799 1695 1852 consuetudine

653 1880 766 1945 (Od.
819 1880 877 1939 2,
936 1877 1034 1936 ⁴7,
1092 1877 1171 1926 Η.
1232 1876 1297 1936 3,
1335 1875 1396 1937 4,
1435 1875 1536 1939 ΞΘ.)
1594 1888 1695 1940 pro

651 1973 676 2000 α
691 1951 1169 2018 quandocunque».
1216 1951 1447 1999 «Verum
1471 1947 1695 1999 simulac

648 2030 794 2079 recta
847 2037 1059 2076 morum
1121 2021 1396 2087 disciplina
1455 2022 1696 2087 patribus

649 2103 821 2161 deest,
845 2111 1009 2163 prava
1031 2097 1346 2148 educatione
1370 2098 1530 2147 etiam
1552 2096 1695 2147 bona

647 2176 940 2227 liberorum
970 2170 1174 2223 indoles
1208 2173 1476 2235 corrumpi
1507 2171 1693 2223 solet.»

653 2279 708 2289 -
734 2247 966 2313 defecere]
1001 2248 1086 2296 Sic
1109 2244 1350 2297 absolute
1373 2246 1515 2310 apud
1538 2245 1691 2297 Rutil.

650 2328 861 2389 Lupum
898 2323 953 2384 l,
990 2322 1050 2374 2:
1095 2335 1316 2384 quarum
1349 2321 1556 2383 quaevis
1584 2335 1696 2370 una

648 2414 729 2450 res
772 2411 866 2460 per
913 2409 963 2447 sc
1010 2398 1132 2446 satis
1172 2401 1243 2445 est
1272 2396 1448 2459 qravis
1478 2397 1548 2444 ad
1579 2397 1698 2460 defi-

643 2474 907 2535 ciendmn,
941 2471 997 2523 id
1021 2472 1134 2533 est,
1171 2473 1232 2521 ut
1265 2468 1492 2534 explicat
1512 2470 1691 2531 Iacob,

651 2569 676 2594 «ι
695 2551 753 2599 ut
783 2548 927 2598 vires
962 2545 1266 2596 deficiant.»

713 2623 795 2673 36.
832 2620 1144 2683 Indaeorum]
1170 2617 1376 2682 volgari
1399 2621 1697 2669 &decorant

646 2712 678 2749 a
725 2698 882 2761 poeta
933 2693 1232 2759 praelatum
1291 2707 1413 2744 esse
1463 2693 1693 2743 verbum

608 2791 623 2800 ‚
648 2772 818 2822 rarius
854 2770 1144 2834 (usurpavit
1167 2770 1358 2819 Accius
1392 2769 1535 2832 apud
1557 2771 1689 2819 Non.

646 2858 766 2911 pag.
807 2846 918 2895 ⁴25.
963 2843 1145 2905 Mero.)
1199 2842 1327 2894 satis
1362 2842 1696 2892 demonstrat

648 2921 810 2971 etiam
846 2916 976 2968 Cod.
1015 2931 1061 2968 c.
1088 2955 1101 2978 ,
1137 2917 1190 2966 in
1224 2929 1332 2979 quo
1367 2929 1433 2966 ex
1468 2918 1694 2980 utraque

644 2992 871 3043 lectione
907 2992 1187 3041 coniuncta
1220 2993 1397 3040 ortum
1432 2992 1515 3041 est
1538 3002 1697 3040 mon-

647 3070 819 3119 strum
851 3066 1219 3115 indedecorant.
1274 3065 1336 3114 V.
1363 3065 1491 3114 item
1515 3064 1699 3113 Accia-

648 3153 777 3191 num
810 3140 1056 3190 indecoris
1089 3138 1371 3201 quinquies
1420 3137 1697 3201 usurpavit

648 3212 907 3277 Virgilius.
940 3239 995 3249 —
1032 3211 1314 3276 bursonam]
1354 3207 1457 3262 «τὰ
1479 3206 1692 3278 εὐφυῆ,

647 3300 936 3353 generosas
970 3288 1238 3337 naturas.»

713 3362 796 3413 38.
838 3361 1009 3423 Testis]
1048 3358 1234 3411 Catuli.
1263 3360 1357 3423 64,
1383 3362 1504 3412 357:
1550 3362 1698 3413 Testis

645 3438 743 3488 erit
771 3437 974 3500 magnis
1002 3435 1269 3486 virtutibus
1288 3437 1429 3485 anda
1451 3436 1698 3487 Scaman-

646 3512 744 3562 dri.
776 3538 832 3548 —
867 3512 1158 3563 Metaurum
1187 3511 1400 3575 flumen]
1436 3512 1496 3561 ut
1518 3511 1613 3561 Od.
1641 3513 1689 3573 2,

646 3586 703 3647 9,
740 3586 838 3636 24:
891 3586 1355 3650 Medma-flumen.
1400 3587 1459 3635 A.
1497 3586 1553 3635 P.
1594 3586 1690 3635 48:

643 3662 829 3724 fimum
850 3660 1085 3710 Rhenum.
1133 3661 1403 3711 Metaurus
1427 3672 1493 3709 ex
1516 3660 1696 3711 Piceni

646 3733 842 3787 finibus
875 3737 1058 3785 oritur.
1102 3761 1156 3770 —
1190 3733 1500 3797 Hasdrubal]
1537 3736 1597 3784 Α.
1638 3749 1690 3784 u.

645 3821 694 3858 c.
732 3808 846 3860 547.
885 3810 943 3859 C.
972 3806 1221 3859 Claudius
1244 3810 1384 3859 Nero
1418 3821 1530 3858 cos.
1569 3822 1694 3860 cum

646 3881 1070 3943 Hasdrubalem,
1111 3880 1416 3932 Hannibalis
1454 3882 1690 3945 stati-em,

648 3969 772 4006 cum
821 3968 959 4007 nova
1009 3953 1137 4005 belli
1185 3954 1326 4006 mole
1361 3953 1541 4005 ltaliae
1578 3956 1695 4007 fau-

646 4029 799 4082 cibus
815 4030 1094 4081 imminere
1113 4029 1472 4091 intellexisset,
1498 4030 1695 4082 relictis

648 4103 787 4156 clam
821 4117 946 4154 cum
980 4102 1189 4154 delecto
1225 4103 1418 4165 milite,
1467 4118 1605 4168 quae
1641 4106 1694 4155 in

649 4177 878 4229 Lucania
921 4176 1181 4228 adversus
1216 4177 1567 4230 Hannibalem
1609 4181 1695 4230 te-

649 4250 838 4313 nebat,
892 4251 1113 4314 castris,
1170 4252 1226 4303 iu
1260 4252 1532 4306 Umbriam
1566 4267 1694 4318 pro-

1768 1798 1956 1861 fectus,
1985 1799 2325 1851 Hasdrubalis
2350 1803 2643 1853 exercitum
2666 1816 2823 1868 prae-

1770 1873 2003 1925 validum
2038 1874 2240 1926 collatis
2276 1890 2399 1927 cum
2434 1878 2501 1927 M.
2541 1878 2685 1928 Livio
2720 1880 2822 1929 Sa-

1767 1948 1990 1999 linatore
2040 1950 2202 2013 signis
2251 1951 2323 2001 ad
2372 1953 2670 2003 Metaurum
2713 1953 2821 2003 ssu-

1767 2036 1895 2073 men
1929 2023 2215 2086 adgressus
2236 2062 2249 2085 ,
2288 2026 2516 2076 maxima
2552 2024 2703 2076 clade
2725 2040 2823 2091 pe-

1767 2099 1908 2149 nitus
1943 2099 2203 2147 contrivit.
2250 2100 2359 2150 Liv.
2396 2100 2489 2160 27,
2526 2099 2590 2151 43
2626 2114 2781 2165 seqq.

1834 2172 1913 2222 39.
1953 2172 2035 2223 40.
2067 2172 2301 2236 pulcher]
2337 2176 2398 2224 ut
2426 2174 2523 2224 Od.
2548 2172 2609 2234 4,
2637 2175 2696 2236 2,
2722 2175 2813 2226 46:

1768 2260 1798 2295 o
1830 2246 1918 2295 Sol
1958 2247 2184 2298 Pulcher.
2244 2247 2522 2298 «Similiter
2563 2249 2814 2314 Aeschyl.

1769 2322 1913 2370 Pers.
1936 2319 2055 2370 300:
2086 2315 2283 2385 Ἐμοΐς
2308 2320 2419 2386 μὲν
2443 2318 2607 2386 εἶπας
2627 2321 2820 2388 δώμα-

1767 2407 1862 2443 σιν
1894 2390 2052 2456 φάος
2086 2397 2238 2460 μέγα
2270 2394 2384 2446 Καὶ
2417 2393 2624 2447 λευκὸν
2657 2389 2819 2470 ἦμαρ

1767 2464 1975 2531 νυκτὸς
2029 2468 2094 2519 ἐκ
2147 2467 2528 2537 μελαγχίμου.
2549 2492 2574 2518 »
2649 2474 2813 2525 Hm.

1767 2543 1917 2593 Adde
1952 2543 2196 2608 Sophocl.
2235 2546 2403 2609 Antig.
2442 2547 2552 2597 400.
2580 2548 2812 2598 Boeckh.

1771 2642 1824 2656 ·—
1856 2618 2365 2681 matth-tenebris]
2405 2624 2818 2686 «perpetuarum

1768 2691 2126 2742 calamitatum
2176 2694 2308 2743 tristi
2353 2697 2519 2745 metu.
2539 2715 2563 2740 a
2632 2698 2815 2760 Imago

1768 2766 1928 2815 etiam
1962 2766 2245 2817 rhetorica.
2293 2768 2403 2818 Cic.
2431 2782 2530 2834 pro
2557 2771 2677 2820 Sex.
2710 2772 2818 2822 Ro-

1767 2842 1879 2890 scio
1900 2842 2017 2890 Am.
2044 2840 2141 2890 32:
2179 2846 2440 2903 tamquam
2471 2844 2513 2892 si
2546 2845 2709 2906 offusa
2738 2846 2816 2895 rei

1765 2913 1994 2976 publicae
2040 2915 2342 2977 oentpitema
2373 2931 2481 2967 ηοω
2527 2924 2650 2968 esset
2668 2958 2680 2981 ,
2736 2921 2816 2970 ita

1767 2989 1981 3039 mebant
2025 2989 2081 3037 in
2128 2989 2352 3039 tenebris.
2411 3019 2464 3028 -
2547 2993 2635 3044 Ille
2687 2994 2814 3060 dies]

1773 3058 2116 3113 ἰσοστάσιον
2149 3061 2240 3135 (τῇ
2269 3064 2362 3116 ἐπὶ
2384 3062 2638 3130 Κάνναις
2673 3062 2815 3120 ἀτυ-

1769 3138 1890 3207 χίᾳ)
1916 3151 2042 3188 eum
2063 3142 2220 3188 vocat
2236 3141 2504 3204 Appianus
2523 3141 2711 3193 Annib.
2728 3144 2811 3194 53.

1834 3212 1914 3264 Η.
1965 3213 2062 3274 Qui
2086 3214 2312 3276 prima-s]
2356 3215 2488 3265 Vide
2519 3218 2816 3268 Excursum

1767 3288 1830 3337 11.
1874 3315 1928 3324 —
1953 3285 2081 3349 nsit]
2118 3286 2318 3337 «laenis
2350 3290 2509 3353 atque
2541 3289 2815 3341 hilaritatis

1767 3360 1957 3426 plenus
1991 3360 2087 3411 suit
2118 3364 2327 3412 remoto
2360 3364 2579 3414 tandem
2609 3366 2815 3415 terrore

1767 3435 1994 3486 hostili.»
2043 3435 2308 3486 Heliodor.
2346 3438 2422 3499 4.,
2460 3439 2605 3489 init.:
2655 3433 2818 3505 Ἡμέ-

1769 3525 1874 3582 ρας
1919 3502 2051 3581 ἄρτι
2105 3507 2474 3577 ὅιαγελώσης.
2540 3539 2590 3553 -
2655 3514 2812 3579 uuna]

1769 3585 2102 3650 aptissimum
2153 3587 2236 3636 est
2282 3584 2549 3637 ἐπίθετον
2595 3589 2818 3652 propter

1767 3660 1997 3723 primam
2051 3672 2169 3709 voc.
2231 3661 2422 3711 adorea
2474 3662 2817 3725 significatio-

1768 3746 1911 3783 nem.
1943 3760 1998 3770 —
2024 3734 2242 3795 adorea]
2277 3734 2520 3795 donatio,
2557 3749 2588 3785 a
2609 3749 2662 3786 v.
2688 3737 2818 3785 ador

1769 3807 2013 3872 (Diukol,
2065 3808 2247 3871 spele).
2318 3809 2433 3859 Iam
2483 3823 2608 3860 cum
2651 3810 2720 3860 de
2753 3823 2814 3860 re

1767 3881 1983 3946 publica
2023 3880 2165 3932 bene
2201 3883 2376 3932 meriti
2411 3884 2640 3949 antiquis
2675 3886 2816 3934 tem-

1767 3956 1987 4020 poribus
2054 3955 2191 4006 sarre
2258 3955 2614 4020 donarentur,
2690 3957 2817 4007 hinc

1768 4032 1966 4083 factum
1989 4033 2098 4090 est,
2138 4032 2197 4079 ut
2225 4043 2277 4079 v.
2315 4031 2506 4081 adorea
2536 4044 2636 4095 pro
2661 4044 2817 4095 prae-

1769 4107 1876 4155 mio
1911 4107 2070 4169 atque
2105 4103 2242 4155 adeo
2274 4117 2373 4168 pro
2407 4102 2591 4165 laude,
2629 4103 2811 4171 gloria,

1768 4180 1970 4229 bonore
2005 4180 2250 4243 usurpari
2272 4181 2523 4243 coeptum
2547 4179 2629 4229 sit.
2670 4176 2817 4229 Glos—

1768 4266 1901 4304 sar.:
1939 4253 2155 4313 adorea,
2191 4248 2336 4317 ὅόξα
2370 4246 2407 4319 ἢ
2438 4247 2557 4304 ἀπὸ
2579 4250 2683 4304 τοῦ
2707 4266 2816 4304 πο-
