3234 4975
644 365 768 429 490

1410 369 1667 420 HoRATu
1702 370 2042 422 CARmNUM

983 523 1189 588 Ducat
1232 532 1297 588 et
1337 542 1704 609 praegnans
1748 524 1928 589 canis
1973 533 2082 589 aut
2125 522 2207 589 ab
2253 544 2407 610 agro

978 645 1149 708 Rava
1193 641 1549 708 decurrens
1593 641 1746 730 lupa
1792 643 2151 720 Lanuvino,

1227 764 1511 849 Fetaque
1556 762 1799 849 volpes,

973 922 1247 1006 Rumpat
1287 929 1354 985 et
1395 938 1667 1006 serpens
1709 918 1833 985 iter
1874 920 2260 996 institutum,
2769 926 2808 987 5

974 1039 1041 1105 Si
1085 1060 1207 1127 per
1248 1038 1583 1126 obliquum
1627 1039 1853 1105 similis
1897 1040 2165 1128 sagittae

699 1229 747 1277 2.
777 1240 1038 1291 praegnas
1068 1229 1126 1278 B.
1157 1254 1212 1263 -
1239 1226 1287 1277 3.
1312 1226 1557 1276 Lanivino
1592 1227 1675 1277 FJ.
1706 1225 1901 1288 (Nullus
1937 1240 2181 1279 meorum
2217 1229 2406 1292 Codd.)
2437 1259 2490 1268 —
2516 1231 2565 1281 δ.
2591 1232 2744 1281 Rmn-

692 1307 789 1364 pat
819 1301 1032 1363 BbSTc‚
1079 1300 1299 1352 Bentleii
1333 1300 1501 1353 Codd.
1536 1302 1756 1365 praeter
1787 1302 2164 1362 Graevianum,
2214 1303 2384 1354 LCtF:
2441 1304 2642 1367 Rumpit
2674 1318 2738 1355 ex

697 1373 740 1435 β
775 1377 924 1438 (Pott.
962 1376 1019 1437 2,
1057 1375 1117 1436 δ,
1155 1376 1223 1437 6.)
1259 1374 1425 1425 Bentl.
1464 1376 1531 1425 M.
1573 1376 1652 1437 (Ut
1683 1387 1807 1436 nos,
1844 1376 1910 1437 J.)

632 1541 766 1592 bere
807 1541 982 1592 solent
1020 1541 1392 1606 superstitiosi.
1464 1542 1542 1602 (Ut
1582 1553 1683 1591 ve-

632 1629 754 1666 rum
804 1615 1003 1677 fatear,
1058 1616 1112 1666 in
1161 1616 1335 1666 Boerii
1381 1615 1682 1664 Ditionario

635 1692 713 1741 del
734 1691 936 1740 dialecto
965 1691 1256 1740 Venaziano.
1298 1690 1509 1739 Venazia
1532 1689 1678 1738 ⁴829.

638 1778 689 1813 v.
733 1777 1003 1826 parv-wrm
1058 1776 1165 1813 non
1221 1764 1522 1827 comparet,
1580 1761 1680 1812 sed

626 1838 921 1900 parussola,
958 1838 1173 1887 Linnaei
1198 1849 1363 1899 parm
1392 1836 1587 1896 maior,
1626 1834 1680 1884 id

632 1916 742 1971 est,
797 1912 1030 1975 spieqet-
1062 1910 1150 1962 vel
1197 1909 1516 1972 Blawneise.)
1583 1908 1681 1959 Alii

634 1984 900 2049 explicant
952 1985 1260 2046 Gravis-pech!
1310 1985 1412 2046 (cui
1447 1981 1680 2046 explica—

630 2059 757 2108 tioni
782 2058 924 2107 favet
944 2071 994 2107 v.
1026 2058 1159 2120 45.),
1198 2055 1283 2106 alii
1304 2057 1484 2107 Kibitz.
1523 2056 1680 2121 Apud

627 2131 794 2183 Plaut.
821 2132 962 2181 Asin.
1000 2131 1063 2187 2.
1103 2132 1158 2190 4,
1187 2131 1266 2180 42.
1307 2130 1477 2180 fausta
1500 2130 1679 2179 omina

631 2207 1022 2255 memorantur:
1058 2206 1203 2254 Picus
1222 2208 1269 2253 et
1296 2204 1480 2253 cornix
1511 2209 1580 2253 ose
1613 2204 1678 2253 ab

629 2280 802 2340 laeva,
840 2292 1043 2338 corvus,
1073 2292 1242 2340 parra
1281 2275 1363 2337 (al.
1398 2277 1577 2340 porro)
1612 2277 1678 2326 ab

631 2354 857 2403 (latera.
886 2352 1035 2402 Conf.
1057 2352 1307 2402 Prudent.
1329 2351 1451 2401 adv.
1467 2353 1673 2414 Symm.

628 2428 688 2488 2,
715 2428 831 2476 570.
873 2454 927 2463 -
969 2427 1254 2492 rec-inimus]
1306 2426 1550 2476 «assidue
1591 2428 1677 2474 at-

628 2515 733 2566 que
771 2503 956 2564 arguta
978 2514 1112 2551 voce
1137 2500 1429 2550 canentism
1474 2501 1675 2550 «Cantu

627 2575 854 2625 adversa
914 2575 1276 2638 significare»,
1350 2576 1409 2623 ut
1465 2587 1675 2624 nonne-

626 2663 716 2700 mo
740 2648 930 2711 voluit,
967 2663 1066 2713 per
1099 2662 1158 2699 se
1182 2662 1232 2698 v.
1267 2649 1492 2699 rot-inere
1512 2649 1675 2711 signi-

625 2724 788 2774 ficare
839 2738 943 2774 non
986 2725 1178 2787 potest.
1234 2749 1288 2758 —
1353 2724 1673 2787 praequam]

625 2799 683 2848 ln
721 2796 1108 2861 antiquioribus
1148 2796 1347 2854 Codd.‚
1395 2799 1455 2845 ut
1486 2796 1538 2845 in
1574 2810 1675 2846 no-

1587 2872 1673 2919 Sic

1508 2959 1675 2996 wore

624 2873 736 2921 stro
775 2872 843 2931 B,
915 2874 999 2920 est
1046 2869 1158 2919 fere
1216 2882 1489 2933 praegnas.

624 2947 677 2996 in
735 2947 997 2997 Amiatino
1049 2948 1221 2996 Lucae
1278 2946 1338 3005 2,
1391 2947 1450 2995 5:

617 3025 915 3083 praequam.

688 3091 737 3141 3.
775 3092 824 3142 4.
875 3092 1045 3156 Rava]
1082 3092 1249 3156 Epod.
1278 3093 1366 3153 46,
1393 3092 1484 3143 33;
1519 3107 1672 3143 ravos

624 3165 901 3214 --leones.
974 3167 1174 3215 «flavus
1222 3162 1546 3237 (χαροπός)
1598 3168 1669 3217 ad

621 3237 804 3289 oculos
840 3238 951 3289 fere
986 3239 1214 3289 refertur
1249 3242 1303 3290 et
1336 3242 1558 3291 mixtum
1592 3241 1670 3291 in-

621 3313 763 3363 dicat
813 3311 1050 3363 colorem
1102 3325 1168 3362 ex
1214 3313 1364 3376 nigro
1400 3316 1455 3363 et
1503 3313 1663 3365 fulvo.

621 3388 825 3452 (Festus
861 3399 906 3437 s.
932 3400 984 3437 v.
1027 3388 1203 3437 Acron
1234 3387 1303 3438 ad
1335 3388 1388 3438 b.
1426 3386 1482 3451 l.)
1519 3388 1666 3438 Hanc

619 3463 857 3526 speciem
879 3460 1257 3513 versicolorem
1275 3461 1551 3513 oculorum
1575 3464 1666 3514 iris

617 3537 671 3587 in
720 3536 899 3587 multis
940 3534 1257 3588 animalibus
1301 3538 1371 3587 ita
1404 3536 1661 3601 praebet,

616 3613 677 3661 ut
708 3623 772 3660 ex
823 3610 972 3674 nigro
1024 3609 1204 3661 colore
1256 3611 1401 3662 iridis
1454 3610 1663 3673 igniculi

617 3685 839 3749 quidam
888 3685 1002 3734 auri
1080 3686 1248 3735 instar
1313 3683 1659 3747 refulgeant.»

619 3760 800 3809 Lucas.
842 3787 896 3795 —
944 3758 1238 3822 decurrens]
1291 3772 1354 3808 ex
1390 3758 1519 3808 silva
1564 3756 1663 3807 ali-

616 3834 815 3896 quanto
874 3831 1027 3882 altius
1085 3833 1184 3883 sita
1240 3833 1291 3881 in
1357 3832 1497 3882 viam
1552 3833 1663 3895 Ap-

615 3908 779 3970 piam.
870 3907 953 3955 Sic
1012 3907 1256 3957 Hermias
1313 3905 1381 3956 ad
1432 3904 1657 3955 Phaedr.

616 3994 734 4044 pag.
775 3980 855 4030 94.
893 3983 1001 4030 Ast.
1040 3982 1180 4032 inter
1224 3980 1400 4030 omina
1435 3980 1657 4035 infausta

616 4054 859 4103 meminit
890 4051 1071 4119 γαλῆς
1102 4049 1455 4124 δραμούσης.
1500 4054 1660 4117 (Inter

616 4127 837 4178 infausta
862 4127 1065 4188 omina,
1104 4140 1243 4191 quae
1268 4128 1441 4178 Seiani
1465 4141 1657 4178 necem

614 4203 1051 4268 praecesserunt,
1091 4201 1187 4251 Dio
1210 4201 1299 4261 58,
1326 4204 1373 4252 ὃ.
1401 4203 1505 4252 hoc
1528 4214 1660 4266 quo·

1755 1553 1861 1603 que
1911 1545 2202 1592 memorat:
2262 1538 2569 1613 προϊόντος
2620 1538 2805 1597 avito&

1754 1612 1820 1664 ἐκ
1873 1610 1979 1679 τῆς
2028 1616 2216 1678 οἰκίας
2264 1612 2411 1683 γαλῆ
2461 1614 2556 1668 διὰ
2605 1620 2805 1684 μέσων

1756 1684 1925 1749 σφῶν
1974 1685 2210 1758 διῇξεν.)
2266 1719 2322 1727 -
2376 1693 2638 1742 Lanuvino
2688 1694 2803 1744 sive

1753 1762 1998 1812 Lanivino
2050 1763 2293 1827 (utroque
2341 1764 2504 1816 modo
2552 1766 2804 1818 scribitur

1755 1837 1915 1887 etiam
1939 1838 1992 1887 in
2014 1838 2301 1901 Inscriptt.)
2327 1853 2358 1889 a
2381 1841 2614 1891 Lanuvio
2632 1879 2645 1903 ,
2670 1842 2802 1892 Latii

1755 1910 1976 1974 oppid0,
2023 1911 2167 1962 haud
2212 1911 2368 1976 longe
2415 1927 2447 1963 a
2481 1916 2566 1964 via
2611 1917 2797 1980 Appia.

1758 2009 1813 2019 —
1849 1984 2091 2048 Fataque]
2127 1998 2348 2036 «recens
2384 1988 2583 2051 (fetum)
2612 1991 2798 2050 enixa,

1752 2056 1997 2120 adeoque
2033 2057 2219 2108 catulis
2253 2058 2335 2110 lac
2356 2061 2626 2124 praebens
2660 2063 2798 2126 (suu-

1749 2130 1919 2194 9ond);
1945 2144 2049 2194 qua
2069 2132 2448 2195 significatione
2465 2136 2626 2186 etiam
2652 2137 2794 2199 Virg.

1751 2201 1858 2252 Ecl.
1916 2205 1970 2264 4,
2029 2206 2111 2255 50.
2172 2207 2302 2269 setas
2352 2207 2485 2258 dixit
2537 2211 2593 2259 et
2644 2210 2793 2261 Ovid.

1753 2276 1888 2327 Fast.
1926 2279 1983 2340 ὅ,
2029 2278 2152 2328 ⁴77:
2200 2280 2418 2330 latebras
2457 2282 2588 2344 setae
2624 2289 2798 2334 catu-

1749 2351 1971 2411 losque
2026 2352 2244 2403 maenae.
2324 2352 2460 2404 Alibi
2521 2369 2650 2407 sane
2710 2362 2798 2409 est

1752 2437 2148 2490 «praegnans»,
2183 2430 2244 2476 ut
2274 2428 2420 2492 Virg.
2457 2428 2565 2479 Ecl.
2602 2430 2660 2492 3,
2697 2432 2791 2482 82:

1749 2500 1905 2550 Dulce
1924 2527 1950 2537 -
1968 2502 2126 2550 Lenta
2168 2502 2304 2551 sali-1:
2349 2504 2448 2566 soto
2491 2506 2681 2566 pecori.
2736 2534 2789 2543 -

1755 2573 1952 2635 Volpom
2001 2572 2152 2624 multi
2202 2576 2466 2640 explicant
2511 2579 2675 2630 «item
2722 2580 2792 2630 ab

1746 2662 1876 2709 agro
1911 2649 2181 2698 Lanuvino
2214 2650 2592 2703 decurrentem
2606 2667 2650 2711 »ς
2692 2653 2791 2704 sed

1749 2735 1874 2771 cum
1908 2723 1959 2771 in
1996 2725 2104 2772 tam
2139 2724 2325 2788 rapido
2359 2739 2522 2776 cursu
2556 2727 2790 2777 discerni

1747 2798 1832 2845 vix
1866 2798 2060 2859 possit,
2099 2810 2166 2846 an
2197 2799 2303 2860 feta
2335 2800 2403 2849 sit
2435 2813 2631 2861 necne,
2670 2814 2791 2850 ma-

1746 2869 1836 2919 lim
1872 2870 2126 2933 equidem
2161 2871 2524 2934 interpretari:
2565 2875 2639 2923 usi
2674 2872 2791 2924 vol-

1742 2957 1870 3008 pem
1904 2957 2030 2993 cum
2063 2942 2247 2994 catulis
2282 2949 2669 3010 conspexerit.»

1808 3019 1857 3066 5.
1896 3017 2127 3080 Rumpat]
2155 3018 2561 3083 «interrumpat,
2594 3020 2790 3070 incidat

1743 3091 1918 3153 impiis
1952 3091 2053 3140 iter
2086 3091 2406 3149 institutum,
2443 3091 2582 3143 mala
2606 3094 2667 3143 iis
2691 3094 2790 3143 mi-

1743 3164 1940 3213 nitetur
1995 3164 2154 3213 etiam
2205 3176 2429 3229 serpens
2481 3168 2787 3218 transversa

1742 3251 1808 3287 ex
1838 3240 1993 3302 parte
2028 3237 2308 3288 celerrime
2350 3238 2587 3291 allabens
2630 3254 2787 3291 man-

1742 3324 1947 3374 nosque
1970 3312 2441 3376 perterrefaciens,
2469 3313 2671 3364 scilicet
2692 3316 2782 3376 ita,

1740 3388 1799 3436 ut
1845 3386 1969 3435 huic
2013 3386 2174 3436 omini
2219 3384 2432 3437 selerati
2473 3400 2580 3438 non
2615 3389 2785 3452 magis

1738 3461 1964 3524 pareant
1995 3473 2158 3524 quam
2190 3459 2459 3523 prioribus
2488 3459 2585 3512 illis
2609 3475 2784 3526 aeque

1739 3533 1979 3585 infaustis
2023 3534 2252 3598 ideoque
2296 3536 2590 3598 pereant3»
2643 3548 2783 3600 quae

1737 3607 1957 3671 quidem
2001 3609 2263 3659 sententia
2308 3609 2591 3660 deducitur
2627 3622 2694 3659 ex
2725 3622 2779 3659 v.

1736 3682 1912 3741 ducam
1948 3684 2228 3746 praeterea
2251 3684 2439 3746 partic.
2460 3688 2506 3733 et
2527 3695 2784 3734 necessa-

1737 3757 1816 3805 rio
1851 3769 1950 3806 nos
1973 3756 2182 3806 reducit
2213 3757 2282 3806 ad
2314 3758 2508 3820 impios.
2545 3758 2784 3821 Quapro-

1735 3834 1857 3896 pter
1877 3828 2056 3881 locum
2079 3844 2184 3881 non
2208 3831 2375 3882 habet
2395 3832 2608 3893 rumpit,
2634 3831 2781 3895 quod

1736 3919 1802 3956 ex
1819 3905 1951 3956 Cod.
1973 3906 2287 3965 Graeviano,
2314 3906 2398 3955 cui
2417 3905 2625 3956 accedit
2641 3917 2780 3955 unus

1735 3981 1864 4030 item
1891 3980 2186 4041 Vanderb.,
2221 3978 2470 4043 praetulit
2490 3978 2776 4037 Bentleius3

1735 4066 1872 4117 quae
1917 4055 2045 4104 satis
2101 4052 2284 4116 frigida
2337 4057 2482 4104 esset
2536 4066 2780 4103 comme-

1734 4129 1960 4178 moratio
2000 4126 2134 4178 alius
2179 4129 2371 4178 ominis
2404 4128 2612 4179 infausti
2629 4165 2641 4186 ,
2693 4128 2779 4177 cui

1733 4205 1913 4253 utrum
1948 4202 2065 4265 quis
2099 4203 2338 4266 paruerit
2370 4215 2539 4253 nec-ne
2563 4215 2670 4252 non
2693 4201 2778 4252 di·
