3234 4975
1191 427 1392 476 LlBER.
1465 426 1659 475 CARM.
1701 425 1763 474 11.

756 583 981 667 Neque
1028 579 1339 646 excitatur
1384 578 1657 646 classico
1702 578 1886 644 miles
1932 578 2131 650 truci,

2464 419 2576 484 65t

2548 578 2586 638 Οἳ

839 703 1063 787 Neque
1109 700 1327 766 horret
1373 700 1600 765 iratum
1644 720 1862 774 mare,

755 825 1118 909 Forumque
1163 822 1317 887 vitat
1360 830 1424 886 et
1467 819 1754 907 superba
1798 821 2031 885 civium

845 942 1281 1009 Potentiorum
1323 941 1558 1006 limina.

755 1064 921 1150 Ergo
968 1073 1075 1128 aut
1118 1061 1333 1128 adulta
1376 1062 1601 1127 vitium
1647 1061 2001 1147 propagine

837 1183 1010 1249 Altas
1057 1184 1307 1249 maritat
1349 1182 1627 1269 populos
1648 1235 1660 1258 ,

2508 1179 2589 1243 210

755 1307 877 1369 Aut
922 1305 984 1369 in
1033 1303 1298 1369 reducta
1344 1301 1510 1368 valle
1556 1302 1979 1389 mugientium

545 1503 592 1550 5.
633 1501 733 1550 Nec
767 1503 803 1550 t.
845 1528 899 1537 -
938 1501 988 1549 6.
1024 1501 1125 1550 Nec
1156 1499 1312 1559 bcd‚t
1347 1502 1404 1549 et
1437 1497 1722 1550 BentleiuS.
1757 1526 1811 1534 —
1851 1499 1899 1547 9.
1938 1498 2143 1548 adultae
2174 1511 2221 1546 v.
2252 1498 2527 1561 propagini

486 1575 670 1625 Bothe.
729 1599 786 1611 -
845 1575 941 1624 Vv.
980 1574 1073 1634 40,
1112 1572 1208 1630 43,
1249 1573 1327 1624 44.
1389 1573 1476 1633 44,
1516 1573 1608 1632 42,
1647 1572 1710 1622 45
1752 1573 1855 1624 cet,
1938 1573 1996 1620 G.
2036 1571 2310 1622 Fabricius
2344 1571 2522 1630 ⁴57⁴„

485 1649 545 1697 Η.
587 1648 885 1712 Stephanus
919 1648 1101 1708 ⁴577.⁴
1139 1646 1268 1697 Cod.
1323 1645 1505 1698 Altorf.
1545 1648 1624 1712 (Ἰ),
1660 1645 2049 1707 Mitscherlicb,
2103 1647 2351 1709 Doering.
2422 1645 2527 1696 Sed

482 1720 739 1773 librorum
774 1721 1017 1773 ordinem
1052 1721 1282 1773 restituit
1313 1720 1490 1785 Regel.

427 1910 538 1947 core
573 1897 734 1948 saltem
764 1897 852 1947 sub
888 1910 1102 1948 vennere.
1146 1922 1204 1933 —
1249 1896 1469 1960 Solum]

422 1972 542 2035 «qui
562 1984 739 2035 neque
752 1971 846 2022 dat
861 1984 1036 2035 neque
1048 1971 1241 2035 accipit
1249 1970 1432 2021 fenori.
1442 1987 1468 2014 n

486 2046 630 2096 5-8.
673 2046 859 2110 Neque]
900 2047 1114 2108 «Neque
1148 2043 1336 2095 militat
1368 2056 1469 2094 nec

428 2120 787 2170 mercaturam
811 2122 1029 2170 exercet
1060 2132 1162 2170 nec
1197 2121 1469 2181 tamquam

420 2194 617 2257 petitor
638 2231 649 2253 ,
685 2206 813 2243 reus
830 2230 842 2254 ‚
880 2192 1199 2255 advocatus,
1244 2204 1472 2242 accusa-

417 2268 504 2315 tor
525 2266 751 2316 forensia
772 2265 939 2315 babet
960 2266 1194 2328 negotia,
1221 2277 1322 2314 nec
1346 2277 1470 2314 cum

421 2339 614 2390 nullius
649 2340 719 2389 sit
750 2338 940 2399 cliens,
994 2350 1152 2387 mane
1184 2340 1472 2401 patronum

424 2412 722 2477 superbum
745 2411 975 2463 salutare
1001 2424 1224 2462 necesse
1252 2411 1468 2461 habet.»

425 2514 483 2525 —
511 2486 780 2550 actitatur]
818 2500 881 2537 «e
910 2498 1102 2538 somno
1125 2484 1193 2535 ad
1215 2498 1468 2550 pugnam,

421 2561 582 2612 tubae
657 2560 869 2611 terribili
931 2560 1145 2610 soniam
1219 2559 1471 2623 (Ennius.)

423 2633 609 2685 Tibull.
648 2636 704 2696 4,
742 2636 801 2698 4,
839 2635 899 2686 4:
937 2636 1134 2686 Martia
1164 2636 1246 2683 cui
1279 2645 1476 2683 sonmo-*t

425 2709 639 2759 classica
664 2710 818 2771 pulsa
847 2709 1039 2772 Mene.
1081 2734 1135 2745 -
1188 2707 1268 2758 Ad
1303 2709 1472 2757 totum

423 2780 602 2833 locum
624 2783 719 2833 cfr.
740 2783 880 2846 Virg.
902 2785 1093 2846 Georg.
1129 2783 1162 2832 2
1186 2820 1197 2843 ,
1233 2780 1329 2832 493
1348 2792 1470 2844 sqq.

426 2854 716 2907 Columella
751 2856 918 2907 Praei.
959 2856 1008 2919 ἕ.
1046 2857 1095 2906 7.

485 2930 535 2980 9.
588 2931 669 2980 40.
721 2931 887 2995 Erqo]
943 2930 1161 2993 «Igitur,
1222 2940 1347 2978 cum
1403 2927 1471 2977 ab

424 3004 686 3055 eiusmodi
736 3005 881 3055 tricis
930 3002 1067 3054 liber
1110 3004 1209 3063 sit,
1259 3002 1478 3051 maritat

432 3077 654 3130 arbores
675 3078 924 3140 vitibus,»
960 3077 1107 3141 quod
1128 3075 1358 3126 verbum
1380 3088 1477 3125 ru-

428 3154 684 3203 sticorum
701 3152 978 3216 proprium
1005 3152 1105 3201 est.
1165 3150 1243 3201 Cf.
1266 3146 1472 3200 Colum.

425 3227 515 3287 44,
557 3228 619 3285 2,
662 3227 744 3276 79.
797 3252 851 3263 -
927 3225 1103 3275 Vitam
1154 3223 1475 3274 rusticorum

427 3298 680 3349 Italorum
738 3301 948 3362 egregie
1012 3297 1271 3350 describit
1323 3296 1472 3347 Ovid.

423 3372 560 3422 Fast.
593 3371 624 3422 4
642 3410 654 3432 ,
681 3372 769 3421 694
796 3385 916 3436 sqq.
948 3398 1002 3409 -
1024 3372 1322 3437 propagine]
1353 3373 1476 3422 vitis

423 3443 741 3496 ramusculis
793 3447 845 3495 in
899 3450 1098 3497 terram
1144 3447 1378 3496 curvatis
1412 3459 1478 3496 ac

424 3517 650 3579 defixis3
685 3517 829 3568 unde
871 3531 997 3568 cum
1041 3518 1311 3570 radicibus
1345 3520 1477 3569 actis

429 3589 850 3649 convaluissent,
903 3592 1059 3641 tertio
1105 3605 1244 3642 anno
1293 3593 1479 3642 adultis

427 3665 650 3716 arbores
701 3666 1102 3716 maritabantur.
1159 3692 1215 3702 —
1287 3667 1427 3716 Alcas
1449 3692 1479 3703 -

420 3740 651 3802 populos]
686 3741 851 3789 Varro
884 3741 985 3790 RR.
1015 3740 1072 3799 4,
1099 3740 1159 3790 8:
1209 3739 1297 3788 Ubi
1328 3754 1479 3789 -na-

424 3819 546 3863 tura
579 3814 814 3874 bmnida,
859 3814 929 3863 ibi
961 3813 1115 3863 altius
1144 3813 1261 3863 vitis
1295 3814 1475 3863 tollen-

428 3889 525 3949 da,
563 3890 696 3950 quod
727 3889 782 3937 in
795 3893 957 3950 partu
977 3892 1024 3937 σι
1045 3884 1283 3937 alimonio
1302 3889 1477 3938 vinum

423 3975 524 4011 non
557 3967 612 4012 uc
646 3963 700 4012 im
734 3963 889 4012 colice
920 3962 1122 4022 quaerit
1142 3975 1358 4023 aquom,
1394 3963 1479 4012 sed

420 4036 603 4093 solam
641 4036 785 4087 unde
820 4037 926 4086 iam
962 4037 1092 4085 Cato
1127 4038 1476 4100 praeceptum

423 4109 608 4160 dedit:
687 4112 851 4172 Quam
913 4109 1214 4158 altisshnam
1277 4109 1479 4158 vineam

423 4186 593 4247 facito.
631 4185 816 4244 Albas,
855 4182 1000 4247 quod
1024 4180 1140 4232 aliis
1161 4179 1364 4246 placet,
1391 4179 1476 4231 vel

424 4262 707 4323 propterea
757 4256 1133 4314 reiiciendum,
1191 4256 1334 4319 quod
1376 4268 1477 4320 po-

1540 1895 1700 1961 pulus
1751 1898 1901 1960 nigra
1960 1898 2138 1948 minus
2199 1897 2366 1946 densa
2433 1894 2555 1947 folio
2578 1934 2591 1955 ‚

1538 1969 1745 2035 palmiti
1793 1968 2036 2036 pluribus
2104 1970 2352 2020 indurato
2403 1969 2555 2019 annis
2577 2008 2589 2028 ,

1543 2059 1708 2109 quem
1743 2047 2014 2095 draconem
2044 2044 2338 2104 vocabant,
2374 2042 2594 2093 marita—

1542 2118 1723 2170 batur.
1760 2117 1888 2184 Plin.
1916 2119 1978 2169 H.
2003 2120 2065 2169 N.
2094 2119 2186 2179 47,
2211 2117 2306 2178 23,
2332 2116 2414 2167 35.
2460 2118 2595 2166 «Po-

1544 2192 1702 2258 pulus
1731 2193 1840 2243 alta
1868 2194 2070 2257 pariter
2104 2192 2297 2242 dicitur
2328 2204 2360 2240 a
2391 2188 2595 2240 Tibullo

1545 2266 1607 2326 4,
1632 2265 1692 2326 4,
1720 2265 1831 2327 30.,
1866 2266 1999 2316 celsa
2020 2278 2052 2315 a
2075 2265 2318 2316 Phaedro
2340 2264 2390 2323 3,
2412 2264 2493 2323 47,
2518 2263 2590 2323 4.,

1536 2339 1895 2401 procerissima
1912 2340 2020 2389 Cic.
2042 2339 2111 2389 de
2124 2340 2282 2401 Legg.
2304 2339 2351 2398 4,
2367 2339 2450 2387 5.»
2470 2338 2589 2387 Fu.

1547 2411 1837 2464 Columella
1873 2414 1931 2473 5,
1968 2413 2025 2473 6,
2057 2411 2123 2462 4:
2176 2413 2331 2461 Vitem
2364 2409 2595 2461 maxime

1537 2487 1758 2550 populus
1785 2488 1984 2537 videtur
2014 2486 2178 2547 alere,
2215 2486 2389 2535 deindo
2407 2486 2590 2535 tamus.

1614 2563 1668 2612 44
1700 2588 1731 2599 -
1755 2560 1835 2611 44.
1885 2563 2008 2611 Post
2047 2559 2346 2610 Fabricium
2386 2560 2442 2608 et
2474 2559 2596 2608 Ste-

1545 2636 1784 2700 phanum
1817 2633 1967 2685 multi
1990 2633 2158 2694 Edu..
2196 2633 2359 2683 etiam
2379 2632 2586 2683 Mitscb.

1548 2711 1603 2758 et
1624 2709 1857 2770 Doering
1873 2745 1885 2768 ,
1922 2720 2183 2758 versuum
2204 2705 2448 2759 ordinem
2471 2718 2599 2755 con-

1543 2785 1629 2833 tra
1665 2781 1836 2832 Codd.
1883 2782 1953 2830 ita
1998 2782 2361 2841 inverterunt,
2414 2781 2474 2829 ut
2513 2781 2601 2828 est

1547 2857 1601 2905 in
1635 2856 1788 2905 Varr.
1826 2856 2001 2915 Lect.‚
2052 2867 2160 2918 quo
2198 2854 2388 2903 vitium
2432 2854 2598 2903 mari-

1550 2928 1804 2979 tationem
1825 2976 1832 2991 ,
1850 2929 2100 2978 continuo
2150 2929 2423 2991 exciperet
2465 2927 2597 2977 insi-

1550 3002 1706 3053 tionis
1739 3001 1911 3053 simile
1955 3015 2109 3066 opus,
2179 3000 2284 3052 Sed
2328 3014 2434 3051 non
2479 3001 2595 3051 sine

1548 3079 1663 3127 arte
1697 3077 1933 3139 primum
1966 3078 2233 3127 memorat
2268 3076 2455 3126 vitium
2490 3074 2599 3126 cul-

1547 3152 1754 3212 turam,
1797 3149 1994 3200 deinde
2030 3151 2198 3201 otium
2232 3149 2431 3200 domini
2465 3163 2597 3200 suos

1549 3236 1740 3287 greges
1803 3237 1903 3288 per
1964 3226 2238 3275 sinuosam
2300 3222 2598 3274 convallem

1549 3311 1765 3362 sparsos
1810 3311 1936 3349 cum
1991 3297 2188 3348 laetitia
2229 3295 2600 3360 contemplan-

1550 3373 1616 3423 tis
1637 3410 1649 3431 ‚
1700 3373 1815 3423 tum
1848 3386 2036 3424 rursus
2069 3374 2278 3435 gratum
2311 3370 2598 3435 putationis

1551 3450 1605 3497 et
1638 3446 1895 3497 insitionis
1931 3459 2096 3510 opus,
2134 3443 2277 3508 quod
2302 3443 2521 3507 quidem
2542 3442 2598 3493 in

1550 3532 1798 3570 mensem
1840 3520 2085 3569 Martium
2130 3517 2424 3578 incidebat,
2471 3528 2598 3567 cum

1549 3593 1816 3644 maritatio
1842 3592 1996 3642 tieret
2016 3604 2204 3641 mense
2228 3590 2470 3647 Octobri3
2518 3592 2597 3640 sic

1550 3670 1797 3717 naturam
1832 3667 2002 3730 ipsam
2037 3667 2256 3715 secutus
2279 3669 2597 3729 perpetuam

1550 3754 1614 3790 ac
1663 3741 1886 3803 propter
1934 3739 2037 3789 hoc
2087 3740 2266 3801 ipsum
2308 3738 2598 3789 iucundam

1549 3816 1690 3865 vitae
1749 3814 1978 3863 rusticae
2044 3813 2356 3862 varietatem
2412 3813 2593 3877 pingit.

1552 3890 1641 3938 «ln
1692 3887 1873 3938 verbis
1924 3888 2107 3936 autem
2155 3886 2254 3937 Aut
2295 3886 2349 3934 in
2392 3888 2602 3937 reducta

1550 3960 1679 4012 nihil
1715 3960 1898 4011 diutini
1930 3959 2109 4024 operis
2140 3961 2249 4018 est,
2287 3958 2386 4009 sed
2419 3959 2598 4013 brevis

1552 4036 1757 4085 tantum
1816 4033 2140 4083 intermissio
2202 4035 2281 4083 et·
2318 4031 2594 4097 volupta8‚

1550 4109 1873 4172 prospectus
1948 4107 2312 4157 armentorum
2367 4119 2600 4171 pascen-

1553 4182 1713 4242 tium,
1752 4180 1842 4244 qui
1878 4193 1985 4230 non
2021 4180 2182 4231 modo
2218 4182 2356 4231 inter
2388 4182 2601 4232 marita-

1552 4256 1752 4306 tionem
1804 4257 1858 4305 et
1907 4256 2206 4307 insitionem
2228 4295 2240 4316 ‚
2301 4255 2399 4307 sed
2438 4256 2596 4305 etiam
