3234 4975
605 342 732 408 360

1377 345 1634 395 HonATu
1671 345 2007 397 cAnmNUM

1342 869 1815 932 cm
1865 868 2015 930 Π-

1018 1037 1359 1104 Descende
1403 1036 1586 1104 caelo
1631 1048 1697 1103 et
1738 1036 1844 1104 dic
1885 1059 2005 1124 age
2050 1038 2204 1106 tibia

1025 1159 1270 1246 Regina
1311 1157 1573 1245 longum
1620 1157 1906 1245 Calliope
1948 1158 2182 1235 me108‚

1102 1280 1235 1346 Seu
1278 1300 1440 1346 voce
1485 1299 1656 1345 nunc
1701 1280 1904 1345 mavis
1949 1289 2172 1355 acuta,

724 1496 808 1545 lv,
846 1496 1009 1547 lnscr.
1046 1494 1184 1559 volg.
1230 1495 1307 1545 Ad
1339 1495 1608 1557 Calliopen.
1669 1522 1724 1531 ——
1780 1495 1856 1544 Aa
1889 1495 2144 1557 Calliopen
2187 1496 2390 1545 Musam
2425 1497 2593 1547 BSTc.
2653 1524 2708 1534 -

663 1570 707 1618 4.
745 1571 883 1619 caelo
916 1570 996 1620 dic
1028 1569 1100 1631 b,
1140 1566 1190 1633 (δ
1222 1583 1309 1634 ap.
1347 1570 1558 1619 Kirchn.
1597 1571 1658 1619 N.
1699 1568 1758 1628 Q.
1798 1569 1860 1618 1-1.
1901 1582 1953 1632 p.
1992 1569 2127 1632 56.,)
2167 1570 2219 1619 F.
2259 1569 2385 1633 (non
2418 1570 2643 1633 BSTcd.)

662 1744 749 1794 lv.
789 1746 1028 1806 «Musae,
1068 1744 1264 1808 quibus
1300 1759 1399 1807 ego
1436 1758 1652 1809 quoque

598 1832 807 1871 summa
833 1817 1009 1869 debeo
1031 1818 1323 1879 beneficia,
1351 1831 1455 1869 non
1479 1818 1653 1870 solum

600 1906 697 1943 nos
733 1892 1023 1954 delectant,
1060 1893 1157 1944 sed
1182 1893 1472 1945 emendant
1492 1894 1653 1943 etiam

602 1980 784 2017 mores
827 1980 929 2017 nec
976 1968 1155 2017 sinunt
1187 1980 1306 2018 esse
1342 1967 1508 2027 seros,
1552 1968 1655 2017 ita—

606 2053 713 2104 que
748 2042 906 2091 mites
926 2041 1222 2092 modestiae
1254 2042 1652 2106 sapientiaeque

602 2116 886 2176 magistrae
926 2115 1085 2177 fiunt,
1146 2130 1374 2181 quarum
1416 2117 1653 2181 ipsarum

604 2188 859 2239 virtutum
882 2191 1175 2254 Augustus,
1199 2192 1418 2242 Romani
1442 2189 1653 2255 imperii

602 2262 912 2326 pacificator
944 2262 1209 2328 simulque
1237 2267 1509 2316 Musarum
1542 2267 1655 2316 sin-

604 2351 763 2388 cerus
785 2340 992 2389 amator
1007 2378 1019 2400 ,
1047 2340 1299 2390 eximium
1324 2339 1479 2391 nobis
1502 2354 1654 2404 prae-

605 2410 700 2461 bet
734 2413 1033 2475 specimen;
1073 2417 1257 2463 contra
1280 2415 1462 2465 Musae
1493 2413 1656 2463 adeo-

606 2499 712 2550 que
765 2490 953 2538 cuncta
1006 2489 1212 2551 ingenia
1259 2488 1414 2539 bonis
1448 2487 1653 2538 artibus

605 2559 814 2610 exculta
849 2574 1012 2625 quam
1033 2561 1340 2626 longissime
1365 2562 1658 2613 abhorrent

605 2647 634 2682 a
672 2633 836 2685 feroci
869 2637 1062 2686 virium
1096 2636 1270 2688 abusu
1308 2640 1468 2701 atque
1503 2651 1535 2686 a
1569 2651 1658 2688 su-

605 2708 790 2772 perbia
861 2710 1218 2774 omnibusque
1295 2712 1652 2773 facinoribus,

605 2783 673 2832 ad
722 2795 861 2846 quae
912 2783 1167 2835 mortales
1216 2799 1428 2837 morum
1476 2785 1657 2837 feritas

607 2857 880 2920 impellere
932 2857 1120 2908 solet.»
1204 2861 1423 2910 Summa
1473 2863 1655 2911 autem

607 2933 721 2982 arte
755 2945 888 2983 usus
919 2934 974 2983 in
1005 2936 1240 2996 Augusto
1274 2936 1389 2998 ipso
1427 2935 1551 2986 olim
1586 2935 1657 2986 ad

610 3004 979 3055 crudelitatem
1020 3005 1239 3070 proclivi
1291 3009 1494 3072 (notum
1530 3009 1656 3061 illud

609 3080 956 3130 Maecenatis:
1011 3081 1175 3145 Surae
1207 3085 1429 3145 tandem,
1481 3086 1658 3136 carni-

606 3154 696 3217 fex
713 3152 751 3217 !)
787 3153 1209 3206 moderationem
1233 3159 1392 3220 atque
1418 3157 1659 3210 clemen-

609 3228 738 3278 tiam
755 3241 879 3278 cum
895 3215 1130 3291 'hgenuo
1148 3231 1504 3284 humanarum
1524 3232 1662 3283 litte-

609 3313 792 3351 rarum
811 3302 985 3353 studio
1004 3304 1341 3356 coniunctam
1365 3308 1433 3357 ita
1459 3306 1655 3368 laudat,

610 3376 670 3425 ut
705 3377 757 3427 in
793 3377 875 3428 his
908 3378 1188 3430 virtutibus
1210 3393 1448 3433 summas
1470 3380 1657 3432 laudes

610 3463 906 3516 veramque
940 3454 1235 3517 potentiam
1257 3456 1384 3506 sitas
1412 3468 1534 3506 esse
1559 3455 1660 3505 de—

614 3530 892 3577 monstret.
962 3529 1093 3578 Vide
1129 3530 1440 3580 Excursum.

678 3603 724 3651 ⁴.
761 3603 1010 3654 Descende
1040 3605 1201 3670 caelo]
1238 3605 1381 3656 lliad.
1419 3604 1487 3666 β,
1524 3605 1612 3657 49⁴
1642 3619 1654 3654 :

607 3669 979 3741 Ὀλυμπιάδες
1053 3676 1320 3740 Μοῦσαι,
1408 3681 1464 3730 et
1535 3679 1659 3730 alibi

602 3742 886 3816 Ὀλύμπια
901 3749 1115 3818 δώματ’
1134 3747 1396 3812 ἔχουσαι.
1424 3781 1477 3789 -
1503 3756 1662 3803 Prae-

609 3828 714 3876 stat
745 3840 869 3877 cum
904 3826 1214 3879 melioribus
1245 3828 1392 3878 libris
1427 3829 1658 3878 retinere

612 3899 859 3965 copulam
892 3906 961 3963 et,
998 3914 1124 3952 cum
1147 3902 1465 3966 praesertim
1486 3895 1662 3952 ἀσύν-

521 4023 537 4036 ,
608 3972 774 4026 ὅετον
807 3976 862 4026 h.
900 3975 932 4026 Ι.
971 3975 1097 4026 nihil
1130 3977 1260 4040 grati
1297 3975 1511 4026 habeat.

675 4053 724 4102 2.
786 4052 998 4116 Rapina]
1062 4052 1122 4100 ut
1171 4051 1308 4111 dea;
1376 4053 1657 4116 praeterea

611 4125 826 4177 Hesiod.
865 4125 1060 4188 Theog.
1099 4125 1188 4174 79:
1251 4121 1550 4192 Καλλιόπη
1583 4125 1653 4176 θ’·

609 4194 648 4265 ἢ
699 4197 762 4251 δὲ
810 4193 1248 4271 προφερεστάτη
1298 4197 1455 4251 ἐστὶν
1502 4194 1657 4250 ἁπα-

1730 1744 1896 1795 σέων.
1934 1745 2217 1807 Dionysius
2234 1744 2430 1807 Hymn.
2447 1746 2567 1807 4,6;
2594 1745 2782 1796 Callio-

1728 1832 1834 1883 pen
1869 1821 2151 1870 invocans:
2199 1815 2452 1871 Μουσῶν
2478 1820 2778 1890 προκαθη-

1727 1894 1847 1958 γέτι
1876 1890 2146 1964 τερπνῶν.
2195 1893 2489 1945 Heraclitus
2517 1896 2570 1945 in
2598 1895 2773 1946 Schol.

1728 1968 1896 2018 Vatic.
1940 1967 2010 2017 ad
2040 1969 2278 2019 Rhesum
2299 1968 2423 2019 246:
2477 1965 2777 2034 Καλλιόπη

1728 2042 1964 2107 ποίησιν
2013 2030 2144 2112 εὗρε
2190 2038 2420 2092 πάντων
2470 2041 2777 2107 (παντοδα-

1729 2112 1927 2180 πήνῩ).
1958 2141 2012 2152 -
2045 2116 2266 2180 lonyum]
2301 2115 2447 2168 Multi
2468 2118 2576 2168 iam
2597 2119 2652 2169 in
2672 2120 2779 2169 hoc

1728 2204 1779 2239 v.
1805 2191 2122 2251 haeserunt,
2161 2192 2313 2254 quasi
2337 2192 2777 2256 lonawncarmen

1728 2277 1787 2315 se
1812 2266 2235 2328 compositurum
2257 2279 2376 2316 esse
2402 2265 2643 2316 consulto
2667 2268 2780 2330 qui-

1729 2338 1884 2399 dem,
1922 2339 2018 2388 sed
2043 2352 2233 2402 parum
2256 2343 2581 2403 opportune,
2618 2353 2780 2404 prae-

1728 2413 1920 2462 dixerit
1951 2416 2126 2476 poeta.
2195 2413 2396 2463 Verum
2429 2415 2533 2464 hoc
2566 2413 2779 2465 volebat

1730 2490 1788 2538 ut
1837 2488 2252 2551 persentisceret
2299 2487 2499 2539 lector:
2580 2491 2775 2553 «Opto,

1729 2564 1790 2611 ut
1824 2564 1908 2611 tua
1945 2564 2249 2626 praesentia
2285 2577 2448 2626 quam
2483 2563 2777 2614 diutissime

1729 2637 1830 2687 frui
1864 2637 2068 2699 possim
2102 2651 2203 2688 nec
2237 2638 2396 2688 nimis
2429 2640 2534 2688 cito
2584 2639 2780 2688 restin-

1731 2712 1920 2774 guatur
1953 2711 2184 2774 impetus
2208 2712 2476 2775 poeticus,
2515 2712 2607 2775 qui
2639 2725 2779 2761 nunc

1731 2798 1820 2834 me
1872 2785 2107 2848 corripit.
2127 2803 2152 2829 ιι
2232 2787 2404 2848 Atque
2467 2784 2637 2836 simile
2699 2786 2782 2835 est

1731 2859 2082 2923 Tryphiodori
2135 2858 2412 2909 exordium
2463 2872 2514 2908 v.
2582 2863 2685 2909 4-
2711 2857 2776 2908 4:

1734 2934 1808 2984 Τέ
1839 2927 2253 2998 μα--Αὖτίκα
2281 2948 2393 3019 μοι
2433 2929 2772 2992 σπεύδοντι,

1734 3022 1810 3058 πο
1847 3002 1914 3058 ὸν
1935 3003 2028 3058 διὰ
2049 3004 2244 3073 μῦθον
2259 3011 2466 3058 ανεΐσα
2481 3044 2496 3070 ,
2517 3001 2778 3067 Ἐννεπε,

1734 3080 2126 3133 Καλλιόπεια.’
2161 3085 2343 3135 Utrum
2378 3084 2560 3133 autem
2593 3083 2696 3132 hoc
2730 3082 2780 3131 ei

1734 3171 2059 3209 concessura
2093 3157 2231 3207 foret
2262 3159 2411 3207 Musa
2436 3170 2627 3215 necne,
2665 3157 2780 3220 ipse

1734 3232 1972 3284 nondum
2008 3231 2229 3282 sciebat.
2296 3232 2524 3282 Carmen
2562 3242 2784 3294 «peren-

1734 3321 1832 3368 ne,
1869 3308 2131 3371 perpetuo
2165 3305 2542 3365 duraturum»,
2595 3307 2655 3354 ut
2697 3302 2781 3353 alii

1732 3381 2048 3442 voluerunt,
2120 3394 2219 3444 pro
2270 3381 2418 3430 certo
2485 3379 2780 3441 significare

1734 3456 1933 3519 nequit.
1994 3481 2050 3491 -
2105 3454 2345 3519 Calliope]
2393 3455 2592 3503 Auson.
2630 3450 2779 3514 Idyll.

1734 3530 1824 3589 20,
1862 3530 1918 3578 7:
1978 3528 2223 3579 Camino
2266 3528 2486 3590 Calliope
2526 3527 2666 3576 libris
2696 3526 2785 3575 ho-

1733 3604 1879 3653 roica
1908 3605 2135 3653 mandat.
2222 3602 2327 3653 Sed
2372 3603 2505 3652 haec
2549 3598 2785 3663 singulo-

1735 3691 1858 3728 rum
1893 3679 2030 3729 inter
2062 3680 2239 3730 Musas
2275 3688 2562 3727 munerum
2606 3665 2786 3726 distri-

1736 3752 1884 3803 butio
1919 3767 1950 3802 a
1982 3753 2180 3817 poetis,
2233 3750 2550 3815 praesertim
2584 3748 2782 3812 lyricis,

1735 3841 1842 3879 non
1877 3830 2136 3878 servatur.
2216 3827 2326 3875 Iam
2361 3823 2582 3874 Alcman
2614 3821 2787 3885 Bergk

1735 3915 1789 3966 p.
1842 3901 1975 3953 546:
2048 3898 2206 3954 Μῶσ*
2255 3893 2388 3965 ἆγε,
2446 3892 2782 3955 Καλλιόπα,

1734 3973 1982 4048 θύγατερ
1998 3969 2324 4046 Διός,”Αρχ’
2345 3970 2562 4045 ἐρατῶν
2583 3971 2783 4023 ἐπέων·

1734 4051 1830 4104 ἐπὶ
1864 4050 1912 4101 δ’
1949 4049 2149 4122 ἵμερον
2181 4043 2389 4115 Ὕμνον
2441 4042 2645 4112 (Ὕμνῳ
2686 4046 2788 4095 He-

1733 4126 2016 4191 phaestio.)
2028 4127 2130 4176 καὶ
2143 4125 2416 4195 χαρίεντα
2426 4122 2574 4174 τίθει
2584 4115 2783 4189 χορόν.

1800 4200 1847 4250 3.
1869 4199 1918 4250 4.
1956 4200 2124 4265 acuta]
2151 4200 2372 4251 Alcman
2392 4199 2596 4261 Fragm.
2615 4195 2788 4257 Bergk
