3234 4975
1244 424 1360 473 Lm.
1400 423 1483 473 ni.

1556 424 1614 471 c,
1655 423 1781 473 vin.
2488 422 2612 487 397

780 579 981 644 Docte
1026 598 1364 645 sermones
1409 577 1752 664 utriusque
1797 576 2113 665 linguae?
2570 581 2610 641 5

779 700 1091 764 voveram
1134 697 1360 765 dulces
1405 696 1633 786 epulas
1678 708 1745 763 et
1787 697 2003 764 album

776 818 1007 886 Libero
1052 840 1321 907 caprum
1366 840 1571 907 prope
1616 818 1946 885 funeratus

1114 939 1378 1006 Arboris
1426 940 1574 1008 ictu.

771 1098 889 1165 Hic
936 1096 1079 1164 dies
1132 1117 1300 1163 anno
1343 1095 1657 1164 redeunte
1700 1099 1901 1165 festus

775 1219 1093 1286 Corticem
1139 1217 1514 1285 adstrictum
1561 1219 1708 1306 pice
1753 1218 2105 1287 dimovebit

2533 1220 2555 1285 Ἰ
2570 1223 2611 1281 0

772 1339 1137 1428 Amphorae
1184 1338 1428 1405 fumum
1471 1339 1699 1406 bibere
1743 1340 2066 1408 institutae

565 1559 612 1608 5.
648 1557 888 1607 sermonis
920 1555 1172 1615 BbSc,Ct.
1213 1558 1335 1619 (non
1369 1557 1447 1619 T.)
1504 1579 1558 1591 -
1621 1556 1669 1604 6.
1708 1556 1866 1605 dulcis
1896 1556 1995 1606 BT.
2040 1583 2093 1592 -
2156 1556 2235 1607 40.
2275 1557 2537 1608 dimovebit

499 1631 816 1691 BbSTc,LCt
852 1634 907 1680 et
937 1629 1242 1681 Bentleius:
1279 1630 1549 1680 demovebit
1583 1632 1686 1681 ΡΜ.
1727 1632 1806 1692 (Ut
1838 1644 1967 1689 nos,
2002 1631 2068 1693 J.)

437 1828 553 1876 ioco
620 1828 676 1876 et
744 1826 928 1877 festiva
994 1825 1229 1890 quadem
1284 1827 1477 1878 ironia:

1624 1828 1672 1876 7.
1711 1829 1759 1878 8.
1806 1828 2094 1893 matus]
2125 1830 2368 1893 fimet-are
2400 1829 2611 1882 Valerio

438 1901 568 1961 «Tu,
621 1901 712 1964 qui
752 1902 951 1965 optime
995 1899 1157 1953 calles
1189 1899 1391 1952 litteras
1427 1904 1482 1952 et
1555 1902 1691 1953 Max.
1722 1903 1778 1962 4,
1805 1904 1863 1965 6,
1890 1903 1939 1953 6.
1966 1901 2028 1964 t.
2055 1903 2104 1965 4,
2130 1904 2179 1953 2.
2207 1903 2257 1966 t,
2282 1905 2331 1967 6,
2357 1904 2406 1955 3.
2445 1904 2609 1955 Plinio

435 1975 662 2024 Graecas
707 1976 761 2025 et
804 1976 1041 2035 Latinas,
1095 1989 1161 2025 ac
1193 1977 1479 2040 propterea
1556 1975 1639 2036 33,
1669 1976 1781 2038 40.,
1820 1977 2070 2027 Suetonio
2096 1978 2289 2029 Domit.
2318 1979 2397 2029 47.
2426 1981 2510 2030 est
2530 1992 2610 2029 se-

434 2052 676 2099 versatus
710 2061 769 2099 es
805 2050 1041 2100 etiam-in
1065 2050 1284 2100 scientia
1309 2049 1481 2100 cultus
1549 2049 1728 2111 petire,
1753 2050 1966 2101 Horatio
1983 2065 2182 2114 necare,
2201 2053 2533 2117 exstinquere.
2552 2080 2606 2090 —-

433 2122 658 2173 deorum
701 2126 755 2173 et
797 2124 1242 2174 caerimoniarum
1287 2125 1479 2187 cuique

434 2195 538 2246 diei
571 2196 706 2247 festo
741 2198 796 2246 et
829 2196 1107 2247 hominum
1141 2199 1325 2261 generi
1359 2210 1485 2247 con-

432 2271 810 2321 venientium.»
861 2272 1078 2321 Doctum
1111 2272 1347 2322 amicum
1385 2284 1484 2335 ap-

432 2342 592 2409 pellat
613 2346 775 2395 etiam
796 2345 1006 2409 Epp.i,
1045 2346 1132 2407 49,
1172 2347 1217 2395 4.
1263 2345 1483 2408 (Seneca

433 2420 526 2483 Ep.
549 2420 629 2469 49.
649 2432 703 2483 p.
723 2420 804 2469 82.
834 2420 971 2471 Fick.
994 2421 1263 2471 memorat
1278 2421 1486 2471 Maece-

432 2494 569 2544 natis
605 2493 829 2556 librum,
867 2495 953 2557 qun·
975 2495 1288 2545 Provnetheus
1310 2496 1486 2544 inscrt-

433 2567 582 2629 bim,
610 2568 663 2618 in
687 2581 795 2631 quo
819 2581 948 2619 sane
972 2572 1230 2621 Graecam
1253 2567 1486 2630 φιλολο-

431 2644 562 2708 ycow
585 2655 903 2706 expromere
922 2642 1193 2706 debebat.)
1218 2671 1273 2682 —
1297 2646 1487 2694 utrius-

432 2730 528 2778 que
559 2715 778 2780 lingum]
803 2715 944 2768 Alias
972 2715 1179 2780 linguas
1202 2730 1327 2768 cum
1351 2719 1485 2767 tam-

433 2803 594 2854 quam
627 2789 888 2841 barbaras
930 2795 1348 2855 aspernarentur
1380 2792 1484 2842 Ro-

432 2865 601 2923 mani,
654 2876 819 2927 saepe
868 2864 939 2914 ita
981 2864 1364 2928 loquebantur,
1419 2878 1482 2914 ac

432 2938 475 2987 si
510 2937 647 2988 duae
683 2936 958 2988 dumtaxat
990 2939 1270 2990 hominum
1300 2942 1485 2991 essent

432 3010 655 3076 linguae.
711 3013 819 3063 Cic.
871 3012 939 3063 de
987 3013 1083 3063 Off.
1124 3016 1180 3076 4,
1219 3016 1275 3076 4,
1316 3015 1374 3063 4;
1427 3019 1484 3064 ut

423 3099 529 3148 par
558 3087 626 3135 sis
655 3088 711 3136 in
742 3087 1002 3148 utriusque
1033 3088 1277 3138 orationis
1314 3088 1484 3151 facul—

431 3166 547 3210 tate.
617 3159 744 3211 Plin.
791 3161 854 3210 H.
902 3162 962 3211 N.
1002 3163 1091 3222 ⁴2,
1133 3164 1191 3212 ⁴:
1239 3163 1484 3225 platanus

430 3247 536 3283 una
581 3234 792 3298 metonis
830 3236 1092 3297 utrimque
1133 3235 1338 3299 linquae
1368 3250 1483 3287 mo-

429 3310 692 3359 numentis.
749 3311 877 3360 Stat.
923 3308 1044 3359 Silv.
1083 3311 1140 3369 5,
1186 3310 1240 3373 3,
1290 3311 1383 3362 90:
1436 3318 1484 3362 et

429 3384 631 3446 gemina
695 3383 903 3448 planget
969 3384 1217 3447 [mdia
1281 3385 1476 3450 unqua.

433 3458 601 3508 Etiam
657 3457 802 3522 apud
857 3459 1123 3509 nostrates
1189 3459 1246 3508 in
1312 3460 1483 3511 beiden

431 3531 689 3593 sprachen
730 3531 876 3581 idem
917 3531 1178 3592 significat
1211 3534 1355 3596 quod
1398 3537 1484 3584 «et

434 3606 749 3656 Germanice
786 3607 841 3654 et
874 3602 1119 3654 Gallice.»

496 3681 545 3730 6.
567 3682 614 3730 7.
637 3681 880 3730 album„
894 3678 1125 3742 caprum]
1146 3680 1255 3731 Diis
1274 3683 1485 3745 superis

436 3752 591 3804 albae
616 3756 820 3805 hostiae
844 3752 1277 3815 immolabantur,
1304 3755 1484 3808 inferis

434 3828 635 3890 nigrae.
707 3830 882 3893 Caper
926 3830 1134 3888 autem,
1185 3829 1308 3892 quia
1349 3832 1485 3881 vites

1555 2123 1763 2174 Arboris
1781 2124 1900 2189 ictu]
1927 2125 2032 2175 Cir.
2062 2125 2158 2176 Od.
2185 2127 2242 2188 2,
2271 2127 2349 2178 43.
2385 2128 2613 2178 Conser-

1558 2197 1828 2248 vationem
1862 2211 2017 2248 suam
2058 2198 2153 2249 Od.
2191 2200 2249 2262 2,
2279 2201 2367 2263 47,
2393 2200 2475 2250 27.
2515 2201 2611 2250 tri-

1557 2270 1675 2320 buit
1698 2273 1900 2332 Fauno‚
1938 2273 2051 2333 hic,
2090 2276 2148 2322 ut
2167 2277 2358 2338 poetae
2393 2274 2606 2333 licebat,

1559 2344 1780 2405 Libero,
1818 2349 2099 2409 poetarum
2129 2348 2352 2398 custodi.

1624 2419 1672 2467 9.
1713 2420 1791 2468 40.
1830 2434 1965 2470 anno
1997 2422 2247 2487 redemite]
2285 2423 2337 2472 in
2371 2435 2431 2472 se
2456 2461 2467 2483 ,
2507 2436 2609 2471 πε-

1557 2492 1907 2564 ριπλομένου
1943 2495 2229 2548 ἐνιαυτοῦ.
2277 2498 2434 2548 Corn.
2472 2500 2604 2562 Nep.

1557 2568 1715 2630 Ages.
1743 2567 1798 2619 t:
1853 2583 1988 2619 anno
2015 2575 2250 2620 vertente.
2313 2571 2515 2621 Frauke
2551 2572 2603 2621 F.

1558 2642 1621 2691 H.
1658 2653 1712 2704 p.
1750 2642 2610 2693 258:Dtesermeinm1aare

1555 2717 1659 2764 mir
1717 2716 2141 2766 wieder-hemmae
2202 2718 2417 2781 feautclie
2485 2718 2603 2781 Tay.

1559 2790 1753 2840 Contra
1772 2788 2012 2840 Liibker:
2052 2791 2225 2841 Dte-ter
2246 2793 2316 2842 im
2338 2791 2608 2856 (injedem)

1554 2863 2014 2914 wiederkehrenden
2055 2866 2208 2917 lehre
2236 2866 2451 2931 [eutiche
2485 2866 2606 2930 Tay.

1558 2938 1701 2987 «Hoc
1742 2938 2163 2989 anniversarium
2209 2938 2468 2991 sollemne
2515 2953 2610 2990 ce-

1556 3009 1761 3061 lebro.»
1798 3035 1852 3047 -
1893 3012 2151 3078 corticem]
2191 3014 2322 3064 Cato
2357 3013 2425 3063 de
2459 3015 2518 3064 R.
2544 3014 2604 3063 R.

1558 3084 1680 3135 ⁴20:
1739 3086 1797 3135 In
1841 3087 2143 3148 anuphoram
2186 3093 2405 3138 mustum
2452 3088 2609 3143 &uduo

1554 3163 1603 3208 et
1636 3160 1869 3209 corticem
1902 3160 2145 3225 (suberis)
2188 3165 2437 3226 oppicato.
2506 3163 2610 3212 Ar-

1556 3232 1783 3284 chiloch.
1834 3236 1915 3285 Fr.
1943 3236 2116 3300 Bergk
2149 3237 2206 3288 4:
2244 3235 2456 3288 κοίλων
2490 3231 2610 3287 πώ-

1553 3310 1687 3374 ματ’
1722 3303 1943 3370 ἄφελκε
1975 3308 2184 3362 κάδων.
2227 3337 2281 3347 -
2321 3310 2606 3373 dimovebit]

1558 3384 1703 3434 Haec
1756 3382 1914 3434 lectio
1984 3398 2090 3436 non
2160 3384 2334 3435 solum
2387 3387 2610 3448 propter

1558 3457 1730 3509 Codd
1756 3459 2149 3518 auctoritatem,
2187 3459 2285 3510 sed
2309 3460 2471 3508 etiam
2509 3469 2609 3519 per

1557 3544 1617 3583 se
1668 3534 1908 3594 spectata
1939 3534 2161 3596 propter
2191 3544 2277 3580 vv.
2315 3529 2611 3579 adse-totum

1548 3607 1664 3668 pice
1684 3605 1856 3669 aptior
1877 3607 1961 3655 est
1980 3603 2144 3655 altera
2168 3603 2452 3654 deinovebit.
2500 3602 2605 3653 Cir.

1559 3679 1771 3730 Liihker
1801 3692 1856 3743 p.
1895 3679 1975 3728 48.

1623 3755 1705 3804 44.
1744 3753 1823 3803 42.
1859 3753 2056 3814 finitum
2088 3750 2263 3813 bibere]
2302 3748 2508 3801 Colum.
2549 3753 2597 3812 4,

1557 3828 1614 3885 6,
1642 3827 1732 3876 20:
1770 3826 2046 3888 Apothecae
2065 3829 2196 3873 recte
2215 3831 2612 3886 wperponentw

432 3900 764 3965 depascitur,
851 3903 1061 3954 Baccho
1131 3902 1480 3953 mactabatur.
1556 3902 1620 3950 iis
1676 3901 1825 3959 locis,
1904 3900 2034 3947 unde
2080 3897 2378 3959 pler-unque
2442 3899 2611 3962 fimus

430 3976 573 4037 Virg.
600 3976 693 4025 Ge.
720 3977 776 4038 2,
802 3977 918 4028 380.
958 3978 1172 4027 Euenus
1195 3989 1248 4026 in
1270 3975 1480 4027 Anthol
1556 3975 1824 4033 aconitum
1859 3972 2099 4034 quoniam
2129 3971 2254 4021 vina
2284 3972 2493 4023 celerius
2521 3988 2610 4024 ve-

431 4045 538 4098 Pal.
566 4049 628 4098 11.
654 4061 707 4112 p.
735 4015 818 4100 2’7.
855 4052 976 4102 vitis
1011 4063 1208 4114 capro:
1246 4042 1374 4113 Κῆν
1409 4062 1485 4113 με
1557 4053 1857 4109 mmm,
1895 4047 2612 4110 quaefimtiquodamtenore

430 4117 627 4193 Φάνης
652 4120 751 4212 ’ἐπὶ
784 4117 975 4193 ῥίζαν,
1026 4116 1189 4189 ὅμως
1223 4116 1307 4174 ἔτι
1341 4138 1485 4195 καρ-

431 4209 797 4269 novoque-w,

430 4273 553 4332 σοί,
590 4269 798 4343 τράγε,
836 4273 1124 4341 θυομένῳ.

1550 4135 1848 4184 praecocem
1855 4121 2202 4171 maturitatem
2216 4122 2438 4172 waltunc.
2455 4122 2604 4172 Ovid.

873 4193 1086 4250 Ὅσσον
1152 4198 1485 4251 ἐπισπεῖσαι
1562 4197 1697 4247 Fast.
1734 4197 1794 4257 5,
1832 4196 1962 4246 5⁴8:
2018 4196 2208 4246 Premit
2243 4197 2438 4261 fimum
2486 4209 2609 4245 con-

1558 4272 1668 4320 dita
1697 4271 1821 4321 vina
1853 4272 1995 4321 cado.
2028 4296 2082 4308 -
2122 4270 2394 4335 munuae]
2434 4283 2606 4333 «quae
