3234 4975
1199 399 1316 448 LlB.
1359 399 1416 448 ll.
1489 398 1546 447 C.

1585 398 1760 448 xvm.
2505 394 2628 461 317

793 556 1052 619 Herum.
1143 552 1314 632 Quid
1357 552 1523 618 ultra
1571 551 1836 619 tendis?
1880 556 2104 640 Aequa
2149 552 2337 618 tellus

710 711 986 798 Pauperi
1033 708 1390 777 recluditur

797 833 1177 918 Regumque
1219 830 1473 918 pueriS,
1522 850 1645 897 nec
1692 829 1950 897 satelles
1996 832 2149 897 Orci

713 951 1030 1020 Callidum
1074 952 1460 1018 Promethea

796 1073 1063 1141 Revexit
1104 1094 1263 1138 auro
1310 1081 1557 1160 captus.

1648 1072 1768 1138 Hic
1811 1072 2165 1159 superbum

581 1260 661 1310 32.
698 1261 858 1310 Erum
890 1261 989 1310 BT.
1031 1288 1084 1296 -
1123 1260 1206 1309 36.
1244 1215 1477 1310 amavit
1511 1261 1578 1310 Sc
1613 1263 1670 1309 et
1701 1272 1784 1324 pr.
1809 1259 1867 1319 b,
1902 1260 2135 1311 limavit
2157 1271 2427 1324 superscr.
2466 1262 2562 1311 Re-

515 1337 653 1385 vem't
685 1335 738 1385 d.
778 1337 856 1399 (Ut
890 1348 1015 1395 noe,
1052 1335 1133 1385 BT
1168 1336 1223 1385 et
1257 1347 1396 1383 corr.
1433 1332 1510 1394 b.)

448 1503 548 1563 fine
597 1501 715 1550 Orci
777 1501 998 1562 rapacis.
1094 1501 1291 1551 Reiicio
1343 1501 1501 1563 igitur

454 1576 692 1624 ceteras·
733 1575 778 1636 4)
813 1574 1500 1624 Neazaaulamanothorum

453 1650 653 1698 divitem
697 1649 885 1697 certior
929 1650 1028 1712 fine
1077 1649 1326 1697 destinata
1374 1647 1500 1712 (als

454 1723 562 1771 das
619 1722 849 1771 vorher
904 1722 1249 1772 bestimmte
1302 1723 1499 1787 Eudo)

454 1797 570 1845 Orci
601 1797 821 1857 rapacis.
875 1797 929 1858 Ξ)
962 1797 1117 1846 Nulla
1150 1798 1335 1847 certior
1369 1797 1502 1860 (cer-

453 1871 572 1933 tius)
591 1871 839 1919 destinata
860 1871 984 1919 aula
997 1876 1167 1921 manet
1186 1871 1361 1921 horum
1376 1872 1504 1921 divi-

452 1945 842 2007 tornflne(quam
855 1944 990 2007 finis)
1004 1946 1120 1994 Orci
1133 1946 1352 2006 rapacis.
1369 1945 1505 1995 Reii-

453 2018 640 2067 cienda
663 2019 824 2067 etiam
847 2018 1066 2068 Bentleii
1097 2019 1463 2083 interpretatio
1485 2033 1496 2067 :

454 2092 626 2140 «uuna
657 2092 868 2151 certior,
905 2092 1009 2141 hoc
1045 2094 1144 2152 est,
1179 2106 1280 2141 non
1318 2094 1504 2142 certior

455 2164 591 2225 (vide
635 2165 877 2215 Servium
920 2165 989 2214 ad
1032 2168 1220 2227 Georg.
1270 2167 1327 2226 l,
1368 2167 1499 2228 ⁴25.)

454 2239 578 2287 aula
631 2243 801 2288 manoe
855 2240 1056 2288 divitem
1110 2240 1286 2288 herm
1339 2252 1502 2303 quam

453 2324 746 2376 pauperem
763 2311 1063 2362 clientem.»
1100 2313 1336 2363 Primum
1360 2314 1503 2363 enim

455 2387 634 2437 Latine
703 2390 1064 2450 opponeretur
1141 2386 1318 2437 clienti
1397 2401 1501 2438 non

451 2461 632 2522 hei-tes,
670 2460 769 2511 sed
794 2465 1078 2523 patronus3
1133 2460 1326 2512 deinde
1361 2460 1501 2511 nulla

452 2537 669 2585 omnino
720 2536 806 2585 hic
859 2539 942 2586 est
991 2536 1319 2600 comparatio
1367 2537 1503 2587 inter

451 2613 736 2674 patronum
785 2612 840 2659 et
889 2608 1164 2670 clientem,
1217 2610 1316 2661 sed
1366 2611 1503 2660 inter

451 2684 626 2733 aulam
694 2683 1090 2747 (qualecunque
1175 2684 1501 2736 domicilium

453 2757 691 2821 amplum
746 2761 801 2808 et
856 2759 1195 2821 magnificum
1250 2772 1281 2808 a
1341 2758 1499 2809 divite

455 2833 806 2894 exstructum)
860 2835 914 2882 et
953 2831 1126 2882 aulam
1174 2831 1316 2884 illam
1357 2836 1503 2883 tene-

451 2905 721 2955 bricosam
777 2906 933 2965 Orci,
1009 2906 1062 2955 in
1118 2919 1282 2969 quam
1340 2908 1500 2957 etiam

454 2979 602 3030 dives
624 2978 842 3030 tandem
873 2979 1120 3029 deveniat
1149 2994 1374 3031 necesse
1398 2983 1497 3030 est.

454 3055 696 3116 Denique
722 3054 937 3114 nemini,
965 3056 1024 3103 ιιι
1041 3055 1256 3117 opinor,
1285 3068 1503 3117 magno-

452 3139 582 3189 pere
616 3125 850 3190 placebit
894 3126 1157 3178 distinctio
1192 3142 1222 3178 a
1255 3129 1500 3180 Doeder-

451 3198 611 3249 leinio
661 3202 722 3250 li.
760 3201 969 3250 Sarmnl.
1021 3215 1073 3265 p.
1123 3202 1238 3253 224.
1295 3204 1502 3265 excogi—

453 3274 594 3323 tata:
653 3274 808 3322 Neala
854 3275 1040 3324 certior
1087 3280 1254 3325 tamen
1288 3277 1503 3339 Rapacis

453 3347 572 3396 Orci
614 3349 731 3410 fiae.
808 3349 1074 3398 Destinata
1119 3350 1251 3399 Aula
1299 3351 1501 3400 divitem

449 3425 621 3470 vianet
662 3421 885 3479 Hermu
949 3423 1070 3483 quid
1115 3423 1255 3472 ultra
1302 3422 1502 3474 tondis?

451 3495 769 3559 praesertim
803 3507 927 3545 cum
959 3498 1130 3560 prima
1171 3500 1496 3548 enuntiatio:

451 3569 608 3618 Nulla
622 3571 758 3632 —fine
817 3570 973 3621 nimis
1026 3572 1095 3620 sit
1152 3571 1380 3636 abrupta
1448 3574 1502 3621 et

452 3643 685 3693 ambitus
727 3644 884 3694 unius
917 3645 1213 3695 sententiae
1250 3659 1314 3695 ex
1349 3643 1500 3696 solita

453 3717 655 3768 ratione
690 3716 899 3782 amplus
932 3732 997 3769 ac
1029 3717 1220 3782 plenus
1242 3718 1499 3768 divisione

453 3789 537 3840 illa
586 3793 639 3842 in
697 3791 832 3842 duas
892 3790 1235 3843 sententiolas
1301 3791 1499 3842 similes

453 3866 608 3915 nimis
643 3868 974 3917 extenuetur.

516 3939 597 3988 33.
654 3939 953 4004 recluditur]

452 4024 643 4063 omnes
665 4011 857 4063 iisdem
879 4011 1086 4077 legibus
1109 4013 1296 4072 utitur,
1329 4012 1502 4075 aperit

451 4098 512 4137 se
545 4085 615 4135 ad
660 4086 994 4150 recipiendas
1040 4086 1095 4135 in
1129 4086 1325 4135 Orcum
1360 4096 1502 4134 mor-

454 4162 668 4210 tuorum
700 4159 972 4211 umbras.»
1057 4159 1379 4222 Neutiquam
1413 4171 1503 4207 ex-

450 4232 758 4297 plicandum
792 4247 917 4285 cum
952 4233 1124 4285 Schol.
1153 4235 1315 4296 Cruq.
1343 4247 1354 4282 :
1395 4232 1501 4281 «Tu

1000 3937 1205 3989 «Tellus
1221 3976 1233 3998 ,
1272 3951 1410 4001 quae
1445 3938 1498 3988 in

1574 1499 1714 1562 regis
1749 1497 1885 1548 filius
1918 1499 2031 1550 sive
2065 1501 2257 1563 potens
2286 1500 2628 1565 sepeliendus

1574 1586 1634 1623 es
1684 1571 1893 1635 aequali
1943 1576 2118 1623 terrae
2184 1587 2438 1626 mensura
2498 1589 2623 1627 cum

1573 1659 1847 1711 paupere»
1887 1646 1998 1710 (cfr.
2037 1647 2107 1696 ad
2141 1648 2236 1699 Od.
2274 1650 2333 1709 2,
2374 1649 2454 1708 ⁴4,
2480 1650 2621 1712 24.);

1574 1733 1681 1783 qua
1714 1720 2091 1783 significatione
2132 1722 2439 1785 usurpanda
2475 1726 2628 1774 erant

1573 1808 1661 1843 vv.
1714 1795 1813 1857 tem·
1860 1799 2032 1856 terra,
2099 1797 2389 1845 tantundem
2455 1803 2627 1847 ter-rao

1573 1867 1768 1917 habore.
1842 1869 1932 1918 Est
1974 1869 2248 1919 Menandri
2296 1868 2424 1919 illud
2466 1872 2621 1922 Mein.

1574 1954 1692 2006 pag.
1725 1942 1853 1991 ⁴96:
1890 1939 2105 1992 Κοινὸν
2138 1939 2242 1992 τὸν
2276 1936 2425 2011 ᾅδην
2444 1938 2626 2005 ἔσχον

1576 2016 1638 2064 οἱ
1669 2011 1878 2078 πάντες
1909 2014 2131 2085 βροτοί.

1643 2090 1724 2141 34.
1761 2091 1955 2140 satelles
1977 2091 2110 2154 Orci]
2149 2091 2380 2152 Charon,
2405 2094 2628 2156 propter

1575 2178 1628 2214 v.
1656 2164 1738 2213 36.
1775 2165 2005 2225 Bova-vit,
2044 2179 2151 2215 non
2174 2167 2316 2215 Mors
2337 2203 2349 2225 ,
2387 2168 2446 2215 ιιι
2476 2166 2626 2216 vole—

1577 2237 1671 2288 bat
1704 2238 1985 2300 Cruquius.
2068 2237 2317 2288 Similiter
2367 2240 2627 2291 Leonidas

1575 2312 1631 2362 in
1665 2311 1872 2362 Anthol.
1912 2311 2018 2362 Pal.
2044 2313 2085 2362 1.
2123 2326 2242 2376 pag
2271 2312 2400 2362 325:
2434 2308 2624 2364 Ἀὶδεω

1575 2384 1807 2472 λυπηρὲ
1827 2382 2091 2451 darsumas,
2127 2385 2278 2438 τοῦτ
2296 2382 2624 2477 Ἀχέροντος

1564 2452 1740 2531 Ὓδωρ
1773 2454 1841 2523 ὂς
1875 2456 2083 2525 πλώεις
2105 2459 2379 2532 πορθμίδι
2409 2464 2624 2534 κυανέῃ

1574 2533 1694 2584 κτλ.
1750 2536 2046 2598 (charontis
2083 2537 2256 2598 imago
2292 2538 2376 2587 est
2409 2538 2459 2587 in
2499 2539 2626 2586 Ger-

1575 2609 1708 2659 hard
1744 2610 1852 2673 Ges.
1886 2623 1940 2658 u.
1982 2610 2229 2659 Trinksch.
2268 2611 2325 2659 T.
2364 2610 2444 2671 X.)

1641 2683 1721 2732 35.
1744 2683 1992 2733 Callidum
2004 2683 2309 2747 Promotou]
2327 2681 2622 2743 Ποικιλον,

1575 2752 1997 2821 ποικιλομήτην
2014 2794 2025 2816 ,
2060 2750 2473 2822 ἀγκυλομήτην
2501 2768 2625 2807 eum

1573 2833 1769 2882 vocant
1802 2831 2004 2880 Graeci.
2077 2829 2183 2880 Cfr.
2221 2830 2414 2880 Aesch.
2442 2832 2619 2880 Prom.

1574 2905 1688 2955 308.
1721 2932 1775 2940 -
1798 2905 1875 2954 De
1899 2903 2218 2954 Prometheo
2244 2904 2297 2953 in
2320 2905 2515 2954 Orcum
2534 2903 2627 2953 de-

1574 2981 1725 3029 truso
1755 2978 1849 3028 cfr.
1876 2977 1972 3028 Od.
2000 2978 2031 3027 2
2049 3015 2061 3038 ,
2100 2977 2189 3038 ⁴3,
2227 2977 2307 3027 37.
2346 2978 2440 3029 Hic
2465 2980 2626 3042 poeta

1575 3057 1833 3104 Graecam
1862 3052 2094 3117 aliquam
2131 3051 2389 3115 fabulam,
2428 3067 2495 3104 ex
2518 3067 2625 3117 qua

1575 3128 1926 3178 Prometheus
1999 3139 2128 3176 auro
2194 3126 2373 3177 oblato
2431 3127 2622 3178 frustra

1574 3199 1860 3264 aliquando
1894 3214 1925 3250 a
1961 3201 2227 3252 Charonte
2260 3202 2500 3264 petierit,
2566 3203 2623 3251 ut

1574 3277 1751 3340 ipsum
1784 3274 1853 3324 ad
1886 3288 2111 3339 superos
2133 3275 2435 3335 reveheret,
2471 3274 2625 3324 vide-

1576 3352 1663 3399 tur
1710 3350 2029 3413 respexisse.
2089 3376 2144 3384 —
2201 3348 2435 3411 Rovacit]
2494 3348 2624 3397 Tres

1574 3422 1843 3473 Vanderb.
1872 3422 2040 3473 Codd.
2069 3425 2286 3484 tresque
2323 3422 2429 3471 mei
2462 3422 2628 3470 revin-

1571 3499 1686 3558 oeit,
1723 3496 1868 3559 quod
1904 3498 2120 3546 secutus
2157 3497 2240 3544 est
2270 3496 2424 3544 Voss
2518 3494 2625 3544 Sed

1574 3569 1717 3635 apud
1750 3568 2023 3631 Virgilium
2065 3570 2120 3617 et
2151 3568 2486 3630 Propertium
2521 3567 2625 3617 hoc

1573 3660 1627 3693 v.
1665 3643 1924 3706 significat
1960 3644 2144 3691 «arcte
2180 3638 2418 3703 ligare»;
2476 3640 2624 3690 «sol—

1574 3731 1747 3767 vere»
1803 3716 2026 3766 demum
2080 3713 2224 3778 apud
2276 3712 2624 3765 Columellam

1640 3865 1723 3914 36.
1777 3877 1907 3913 auro
1939 3861 2131 3925 captus]
2170 3860 2278 3912 Cfr.
2306 3862 2435 3926 Epp.
2477 3863 2539 3924 2,
2560 3864 2619 3923 2,

1576 3938 1699 3989 ⁴78:
1753 3938 2119 3986 Orcus--non
2159 3935 2429 3985 exorabilis
2470 3950 2619 3987 auro.

1579 4039 1635 4048 —
1693 4010 1809 4074 Hic]
1869 4010 2113 4058 «Orcus»
2134 4047 2146 4069 ,
2205 4022 2314 4059 non
2372 4006 2624 4060 «satelles

1574 4084 1745 4144 Orci»,
1767 4084 1997 4142 Charon,
2018 4081 2086 4131 ad
2105 4095 2270 4146 quem
2287 4082 2457 4133 ultimi
2475 4087 2621 4133 certe

1573 4168 1763 4206 versus
1806 4153 1946 4205 nullo
1986 4158 2143 4219 pacto
2176 4156 2364 4207 referri
2398 4159 2618 4220 queunt.

1572 4231 1710 4280 Nam
1752 4227 1851 4278 alia
1898 4242 1986 4280 res
2022 4232 2131 4290 est,
2168 4232 2213 4280 si
2248 4230 2429 4294 Eurip.
2467 4227 2623 4280 Alce-
