3234 4975
1199 417 1314 466 un.
1358 418 1393 466 i.
1439 416 1495 465 (Ξ.
1536 416 1730 467 XXXV.

2513 416 2618 481 191

795 569 1025 636 Clavos
1068 571 1348 639 trabales
1393 584 1458 638 et
1500 593 1746 640 cuneos
1795 594 1984 639 manu

877 692 1149 758 Gestans
1193 700 1388 769 aena,
1439 715 1562 761 nec
1607 715 1881 761 severus

918 812 1134 880 Uncus
1178 813 1365 880 abest
1406 813 1859 903 liquidumque
1905 814 2259 903 plumbum.

2542 818 2626 881 20

789 973 876 1037 Te
920 971 1085 1059 Spes
1129 984 1194 1038 et
1238 972 1386 1039 albo
1430 996 1578 1040 rara
1622 975 1814 1042 Fides
1859 974 2010 1041 colit

784 1093 1002 1160 Velata
1044 1115 1258 1181 panno
1302 1117 1424 1163 nec
1468 1096 1772 1163 comitem
1816 1095 2120 1183 abnegat,

578 1286 659 1334 22.
711 1284 930 1349 abneqas
976 1285 1331 1336 Doederleinii
1384 1285 1701 1350 discipulus,
1756 1285 2020 1350 probante
2074 1288 2344 1350 magistro.
2427 1290 2556 1339 Vide

513 1358 654 1422 apud
687 1360 862 1423 ipsum
898 1362 959 1411 11.
997 1361 1205 1411 Savnntl.
1243 1374 1296 1425 p.
1334 1361 1449 1411 246.

447 1518 719 1569 machinas
769 1530 868 1582 per
910 1520 1207 1569 excisiones
1258 1520 1491 1570 traiectis
1563 1518 1989 1570 sacrificabant.»
2045 1521 2274 1583 (Servius
2298 1521 2367 1571 ad
2390 1524 2521 1572 Aen.
2563 1524 2612 1584 6,

446 1592 539 1641 cfr.
564 1593 765 1642 Vitruv.
793 1592 874 1653 40,
914 1595 993 1643 ⁴2.
1032 1594 1216 1654 1d.⁴0‚
1256 1596 1335 1645 ⁴8.
1377 1596 1484 1645 Cic.
1561 1594 1686 1645 636:
1742 1595 1880 1644 Fidei
1917 1609 2092 1657 panno
2134 1597 2302 1646 velata
2332 1611 2490 1647 manu
2525 1611 2614 1647 sa-

444 1666 499 1715 in
543 1667 759 1717 Timaeo
796 1668 875 1717 ⁴3.
917 1694 971 1703 —
1012 1670 1157 1718 Unci-s
1188 1672 1367 1719 autem
1401 1669 1486 1720 vel
1559 1668 1915 1732 ctificabatur,
1982 1671 2104 1732 quia
2154 1672 2277 1734 fides
2330 1677 2462 1722 tecta
2515 1686 2616 1722 esse

444 1741 586 1792 ansis
602 1740 789 1793 ferreis
806 1741 1010 1806 lapides
1033 1743 1337 1795 firmissime
1352 1745 1490 1794 inter

442 1827 501 1865 se
516 1815 886 1866 devinciuntur
898 1820 953 1866 et
965 1818 1318 1879 continentur,
1333 1832 1488 1883 prae-

440 1891 624 1940 sertim
668 1890 759 1941 ubi
802 1891 853 1941 in
890 1893 1186 1942 excisiones
1228 1891 1485 1957 liquatum

437 1963 720 2028 plumbum
738 1965 1042 2016 infunditur.
1060 1966 1164 2016 Cir.
1185 1967 1363 2031 Eurip.
1384 1969 1488 2018 An-

438 2038 611 2090 drom.
631 2041 746 2089 267.
768 2040 896 2089 Vitr.
912 2042 962 2100 2,
983 2040 1031 2090 8.
1064 2042 1303 2090 Seuer-iam
1328 2045 1486 2092 vocat

438 2126 654 2174 uncum,
691 2115 815 2177 quia
837 2114 1102 2165 artissime
1125 2112 1327 2179 lapides
1352 2129 1485 2166 con-

439 2188 609 2238 tinens
644 2189 928 2239 maximam
962 2189 1070 2239 vim
1112 2189 1164 2240 in
1199 2203 1292 2240 eos
1328 2204 1485 2240 exer—

438 2264 541 2311 cet.
614 2262 807 2325 (Longe
842 2260 1019 2323 aliter,
1066 2262 1165 2313 sed
1200 2262 1360 2323 salso,
1398 2267 1483 2314 to-

435 2339 549 2386 tum
566 2335 746 2386 locum
763 2336 991 2402 explicat
1007 2338 1216 2387 Comm.
1244 2339 1478 2401 Cruquii:

437 2411 659 2474 «ClavosJ
713 2425 881 2475 genus
929 2413 1195 2462 tormenti.
1248 2413 1481 2478 trabales]

433 2484 599 2538 fortes
634 2490 688 2537 et
722 2500 943 2551 magnos
977 2488 1047 2537 ad
1068 2488 1478 2538 rescindendam

433 2563 858 2626 prosperitatem.
918 2563 1095 2627 Uncus]
1150 2577 1257 2627 quo
1290 2563 1482 2627 punie-

434 2636 629 2687 bantur
661 2638 895 2688 damnati
932 2640 980 2700 (a
1015 2640 1284 2689 Gemoniis
1316 2640 1370 2688 in
1395 2640 1481 2688 Ti-

433 2711 607 2763 berim
629 2714 798 2763 tracti.
820 2714 968 2763 Ovid.
998 2713 1104 2764 Ibis
1129 2714 1283 2777 466.).
1315 2714 1483 2777 plum-

433 2787 563 2850 bum]
600 2789 732 2837 Nam
777 2790 832 2837 et
874 2787 1106 2837 resoluto
1140 2787 1361 2852 plumbo
1403 2789 1479 2837 rei

432 2862 605 2926 puniri
639 2863 1103 2924 consueverunt»)
1144 2889 1199 2899 —
1226 2861 1335 2912 Alia
1360 2864 1483 2913 For-

432 2939 680 2986 tunarum
714 2935 995 2996 attributa,
1050 2936 1118 2986 ab
1166 2937 1381 2987 Horatio
1422 2940 1479 2987 ut

433 3011 588 3061 nimis
620 3008 852 3073 volgaria
897 3009 1138 3061 consulto
1171 3012 1473 3075 praeterita,

432 3088 712 3135 enumerat
735 3086 924 3135 Fronto
946 3086 1042 3136 Ed.
1071 3087 1220 3136 Rom.
1248 3086 1393 3136 ⁴846.
1419 3100 1473 3150 p.

433 3159 554 3209 ⁴73:
607 3161 885 3210 Dicendum
928 3166 999 3210 est
1042 3161 1102 3209 de
1137 3161 1346 3223 fortuna
1377 3160 1478 3208 ati-

431 3233 589 3295 quid?
638 3235 816 3284 Ovnnes
852 3235 921 3283 ibi
953 3235 1203 3284 Fortunas
1232 3234 1474 3295 Antiates,

428 3308 795 3370 staenestinas,
816 3309 1157 3372 Respicientes,
1183 3309 1477 3359 balnearum

426 3384 581 3432 etiam
624 3382 875 3433 Fortunas
915 3396 1082 3434 omnes
1125 3397 1241 3434 cum
1277 3384 1474 3446 pinnis,

426 3470 542 3507 cum
560 3459 701 3518 rotis,
726 3471 841 3508 cwn
861 3457 1212 3521 yubemacutis
1231 3458 1472 3519 reperias,

427 3531 577 3582 Adde
589 3545 774 3582 savum
783 3533 1057 3597 aiebam,
1073 3533 1157 3592 cui
1170 3533 1323 3582 irascat
1332 3532 1477 3596 apud

427 3608 731 3658 Pacuvium.
778 3609 906 3670 (Scr.
934 3606 1002 3656 ad
1025 3607 1149 3657 Her.
1176 3608 1225 3666 2,
1252 3606 1345 3667 23,
1374 3606 1474 3668 36.)

489 3682 575 3732 2⁴.
613 3682 749 3745 Spes]
786 3681 1127 3732 macedonius
1170 3681 1222 3731 in
1264 3678 1471 3730 Anthol.

425 3754 532 3805 Pal.
570 3757 630 3805 11.
669 3755 792 3806 30⁴:
832 3743 1024 3821 ᾞύχης
1058 3754 1287 3824 ἑταίρας
1322 3756 1478 3804 vocat

420 3822 699 3893 Ἐλπίδας.
770 3831 903 3894 Spes
961 3833 1015 3880 et
1072 3830 1223 3880 Fides
1273 3831 1474 3880 Romae

428 3902 622 3967 templa
657 3903 945 3954 habebant.
985 3930 1041 3940 —
1067 3904 1180 3953 albo
1199 3930 1224 3940 -
1244 3930 1268 3940 -
1281 3902 1472 3966 panno]

425 3978 763 4028 Innocentiae
827 3979 930 4028 hoc
996 3980 1156 4041 atque
1227 3977 1475 4028 candoris

425 4052 586 4101 animi
650 4051 975 4113 symbolum.
1052 4052 1267 4103 Hesiod.
1311 4044 1470 4121 Ἒργ.

426 4125 537 4175 498.
583 4125 929 4178 Memorabile
963 4127 1148 4190 utique
1184 4128 1289 4187 est,
1328 4126 1473 4189 quod

425 4199 789 4251 dicuntAcron
809 4204 862 4251 et
881 4202 1087 4252 Comm.
1106 4201 1289 4264 Cruq.:
1312 4197 1475 4250 «Albo

426 4288 599 4338 panno
647 4277 808 4340 caput
852 4274 1129 4336 velabant,
1190 4275 1282 4338 qui
1334 4274 1473 4324 Fidei

1558 1742 1696 1792 debet
1750 1748 1796 1793 et
1849 1744 2058 1808 velata.)
2133 1745 2333 1795 Verum
2391 1748 2614 1812 propius

1558 1815 1626 1866 ad
1644 1818 1697 1866 h.
1715 1815 1748 1867 l.
1770 1816 1995 1879 accedit,
2019 1818 2164 1881 quod
2183 1819 2235 1868 in
2251 1820 2470 1883 picturis
2484 1821 2617 1870 Her-

1556 1889 1933 1942 culanensibus
1982 1906 2046 1941 ac
2082 1893 2416 1957 Pompeianis
2454 1894 2609 1955 deae,

1555 1967 1614 2013 ut
1637 1966 1705 2014 ita
1731 1966 1931 2024 dicam,
1959 1964 2256 2029 simplices,
2284 1966 2579 2020 clementes
2596 2009 2610 2031 ,

1555 2039 1833 2091 beneficae
1881 2042 2114 2104 (VenuS,
2171 2042 2364 2101 Diana,
2417 2040 2607 2103 Ceres)

1555 2112 1690 2164 albis
1727 2115 1848 2178 (non
1870 2115 2123 2175 candidis,
2165 2116 2472 2180 nitentibus)
2511 2131 2610 2168 ve—

1554 2188 1725 2238 stibus
1767 2187 2085 2253 plerumque
2136 2190 2348 2240 indutae
2387 2204 2612 2256 compa-

1554 2265 1691 2313 rent.
1765 2262 1956 2322 Quidni
2008 2264 2164 2325 igitur
2214 2265 2373 2314 etiam
2427 2265 2604 2324 Fidei,

1555 2337 1855 2387 suavissimi
1891 2338 2153 2398 numinis,
2190 2339 2325 2388 vesti
2349 2337 2434 2387 vel
2462 2342 2606 2388 certe

1553 2411 1673 2461 velo
1724 2411 1956 2461 eundem
2010 2411 2247 2462 colorem
2302 2411 2603 2473 tribuerint,

1553 2487 1919 2550 incorruptam
1941 2484 2078 2536 illius
2102 2487 2459 2549 integritatem
2484 2501 2609 2537 can-

1554 2560 1850 2623 doremque
1886 2561 2048 2610 animi
2092 2561 2368 2624 aptissime
2404 2561 2606 2623 signifi-

1554 2637 1804 2687 cantem?
1827 2663 1881 2671 —
1904 2636 2158 2685 Ceterum
2171 2637 2293 2697 Spes
2311 2638 2364 2684 et
2381 2636 2606 2685 Fortuna

1554 2710 1762 2758 iunctae
1788 2710 1948 2758 etiam
1978 2709 2030 2758 in
2064 2710 2236 2759 Museo
2270 2709 2522 2759 Chiae-am.
2562 2711 2600 2760 1.

1551 2785 1608 2832 T.
1644 2783 1726 2831 20.
1759 2809 1811 2820 -—
1840 2797 1968 2832 rara
1991 2783 2150 2847 Fides]
2178 2782 2331 2843 Quod
2354 2784 2457 2832 rari
2482 2786 2606 2833 sunt

1549 2858 1796 2907 homines
1830 2855 2043 2916 fideles,
2096 2857 2193 2921 ipsi
2228 2856 2362 2907 deae
2402 2856 2599 2907 tribuit.

1552 2930 1763 2994 Virgilio
1787 2934 1917 2981 Aen.
1949 2933 1996 2990 4,
2023 2931 2137 2981 292.
2176 2931 2318 2981 Fides
2340 2934 2423 2983 est
2446 2945 2598 2993 cana,

1549 3007 1750 3070 prisca,
1795 3007 2039 3068 antiqua,
2085 3005 2230 3069 quod
2265 3006 2350 3055 hic
2386 3019 2602 3072 quoque

1550 3080 1824 3132 intrudere
1871 3093 2139 3130 nonnemo
2181 3079 2364 3130 voluit.
2427 3080 2600 3143 (Fides

1549 3159 1608 3207 ut
1642 3156 1743 3207 dea
1780 3153 1920 3205 culta
1954 3168 1985 3203 a
2011 3156 2274 3205 Romanis
2332 3155 2436 3206 Ct'r.
2465 3156 2601 3205 Car-

1549 3230 1708 3281 dinali
1757 3229 1978 3292 Diptomi
2025 3229 2236 3278 militari
2286 3227 2414 3279 Tab.
2466 3229 2502 3278 1.
2542 3243 2595 3293 p.

1547 3307 1688 3356 XVI:
1726 3306 1814 3354 ΙΝ.
1853 3304 2194 3354 CAPITOLIO.
2231 3304 2467 3354 AEDES.
2516 3305 2601 3354 FI-

1548 3380 1681 3430 DEI.
1717 3379 1956 3430 POPVLI.
1991 3378 2258 3428 ROMANI.
2313 3377 2457 3427 Fides
2477 3390 2600 3425 can-

1548 3455 1670 3503 dida
1705 3456 1760 3503 P.
1786 3452 2044 3503 victorin
2067 3453 2191 3514 Reg.
2218 3452 2348 3500 VIII.
2378 3451 2594 3500 Romae.

1548 3530 1658 3579 Liv.
1709 3528 1766 3586 4,
1814 3528 1906 3576 2⁴:
1963 3527 2135 3576 Numa
2181 3526 2272 3574 soli
2318 3525 2458 3575 Fidei
2497 3525 2599 3573 sol-

1546 3604 1705 3653 lemne
1737 3599 1984 3662 instituit.)

1613 3678 1695 3726 22.
1742 3689 1831 3725 nec
1871 3675 2100 3725 comitem
2132 3673 2361 3737 abnegat]
2399 3684 2488 3732 se,
2540 3675 2600 3723 ut

1547 3752 1758 3802 Terent.
1809 3750 1941 3799 Eun.
1985 3749 2047 3808 Ξ,
2097 3747 2157 3808 3,
2206 3746 2299 3797 84:
2350 3746 2499 3810 facile
2542 3753 2599 3797 ut

1540 3838 1639 3887 pro
1685 3823 1905 3873 eunucho
1942 3821 2152 3885 probes,
2206 3822 2274 3870 te.
2346 3820 2495 3870 ovid.
2532 3823 2591 3871 Α.

1545 3899 1867 3958 A.4,127:
1921 3898 1978 3947 Si
2020 3908 2122 3958 qua
2165 3900 2482 3958 repugnarat
2513 3896 2596 3945 ni—

1544 3974 1703 4024 mium
1718 3973 2040 4033 comitemque
2056 3974 2287 4033 negarat,
2309 3983 2385 4019 se.
2421 3968 2597 4035 (Abne-

1543 4063 1640 4113 9as
1672 4062 1771 4113 pro
1807 4050 1956 4098 certo
1992 4058 2152 4095 nemo
2193 4045 2439 4109 recipiet,
2489 4058 2595 4108 qua

1547 4123 1837 4173 mutatione
1903 4120 2041 4184 perit
2100 4112 2390 4181 ἀντίθεσις
2457 4121 2596 4168 inter

1544 4200 1717 4249 Fidem
1750 4200 1806 4247 et
1835 4197 2010 4260 volqus
2029 4197 2265 4260 insidiari,
2305 4193 2448 4257 quod
2473 4194 2598 4243 For-

1547 4276 1704 4322 tunae
1741 4271 1936 4335 opponi
1972 4271 2192 4334 nequit.)
2487 4305 2492 4312 .
