3234 4975
659 399 779 464 100

1422 401 1679 452 HORATII
1715 401 2055 453 CARMINUM

990 556 1304 624 Iracunda
1346 555 1519 623 diem
1560 555 1844 643 proferet
1886 556 2000 623 llio

991 677 1424 765 Matronisque
1465 676 1792 767 Phrygum
1836 676 2063 744 classis
2106 675 2374 745 Achillei·
2388 701 2404 757 ;

990 801 1142 866 Post
1183 809 1393 867 certas
1433 797 1685 866 hiemes
1727 809 1874 866 uret
1915 797 2230 867 Achaicus

1073 921 1242 1008 Ignis
1285 920 1510 987 Iliacas
1551 920 1800 987 domos.

791 1131 871 1181 35.
910 1130 1122 1181 Achaim
1154 1143 1184 1179 e
1221 1128 1387 1181 Codd.
1426 1129 1480 1179 F.
1523 1155 1576 1164 —-
1615 1128 1696 1178 36.
1734 1128 1931 1193 Iliacas]
1965 1129 2262 1192 Perqmms
2294 1129 2398 1180 Fu.

653 1310 712 1357 ut
757 1306 900 1371 apud
944 1307 1090 1356 Ovid.
1139 1304 1358 1357 Remed.
1414 1306 1531 1355 Am.
1568 1303 1696 1355 492:

651 1382 905 1445 Frigidior
965 1381 1126 1444 glacie
1180 1381 1266 1443 sac
1312 1380 1517 1429 videare
1564 1383 1697 1427 time.

651 1456 779 1506 573:
838 1457 898 1505 Ut
939 1468 1106 1517 posses
1146 1456 1304 1505 odisse
1345 1460 1513 1515 tumn,
1557 1453 1698 1513 Pari,

652 1530 837 1594 fimera
865 1532 1089 1595 fratr-mn
1121 1529 1377 1580 Debueras
1408 1528 1568 1578 oculis
1588 1541 1701 1577 sus-

655 1606 855 1656 tinuisse
893 1605 1007 1654 tuis.

720 1679 801 1730 33.
866 1680 976 1732 Hac
1021 1678 1240 1743 quidem
1286 1677 1535 1742 stropha,
1584 1678 1699 1727 sine

654 1767 815 1805 causa
838 1767 870 1803 a
904 1753 1226 1803 nonnemine
1250 1752 1596 1816 reprehensa,
1625 1752 1704 1800 ni·-

650 1827 723 1879 hil
759 1827 999 1892 protecto
1032 1827 1206 1890 aptius
1230 1840 1404 1891 neque
1431 1825 1700 1875 efficacius

652 1902 721 1952 ad
750 1915 967 1952 carmen
997 1899 1424 1951 concludendum
1463 1899 1700 1950 invenire

656 1977 883 2041 poterat.
938 1975 1309 2026 Reminiscitur
1330 1977 1510 2024 autem
1541 1976 1699 2039 poeta

656 2050 921 2102 Homerici
956 2048 1089 2101 illius
1121 2049 1266 2100 Iliad.
1302 2052 1347 2112 ζ,
1386 2049 1508 2100 448τ
1550 2042 1702 2098 Ἔσ-

652 2139 817 2176 aetat
846 2116 1039 2195 ἦμαρ,
1092 2116 1175 2173 ὅτ’
1210 2118 1284 2173 ἅν
1331 2117 1451 2173 ποτ’
1507 2117 1700 2194 ὀλώλῃ

651 2193 827 2262 Ἴλιος
862 2195 955 2269 ἱρὴ
987 2199 1086 2249 καὶ
1123 2198 1389 2270 Πρίαμος
1426 2198 1525 2248 καὶ
1556 2195 1699 2261 λαὸς

653 2271 940 2339 ἐϋμμελίω
972 2269 1283 2344 Πριάμοιο.
1334 2274 1446 2322 «Ira
1480 2273 1699 2336 quidem

654 2347 869 2399 Achillis
901 2351 1122 2413 propter
1152 2347 1445 2399 Briseidem
1477 2347 1545 2397 ab
1569 2352 1703 2411 Aga-

654 2436 944 2475 memnone
963 2422 1064 2474 sibi
1078 2425 1317 2488 ereptam
1331 2424 1384 2472 in
1397 2434 1561 2472 causa
1579 2424 1698 2483 erit,

654 2502 714 2550 ut
729 2500 1030 2550 retardetur
1046 2498 1371 2562 aliquantum
1388 2498 1571 2548 Troiae
1584 2496 1701 2549 dies

653 2574 837 2636 fatalis,
874 2574 1121 2634 ultimus3
1173 2574 1541 2623 verumtamen
1581 2574 1705 2637 post

655 2662 918 2699 annorum
951 2661 1236 2698 numerum
1268 2661 1299 2697 a
1329 2647 1433 2698 fato
1467 2647 1703 2698 destina-

659 2725 771 2773 tum
805 2722 1201 2773 comburetur.»
1243 2750 1295 2758 —
1329 2723 1582 2772 Iracunda
1612 2748 1643 2758 -
1674 2748 1704 2758 -

651 2799 824 2848 classis
855 2797 1056 2848 Achillei
1089 2798 1216 2848 satis
1249 2797 1461 2860 poetice
1492 2796 1698 2856 dicitur,

655 2873 810 2937 quasi
859 2873 973 2922 eius
1023 2885 1212 2922 omnes
1261 2870 1453 2921 milites
1510 2870 1702 2920 eadem

655 2946 806 2998 ducis
855 2947 932 2995 ira
981 2945 1182 2996 incensi
1221 2945 1441 2997 fuissent
1461 2984 1473 3005 ,
1525 2957 1700 3007 neque

655 3020 896 3086 protecto
944 3018 1174 3081 intelligo
1196 3056 1208 3079 ,
1257 3020 1527 3082 quomodo
1567 3020 1702 3068 haee

655 3099 766 3146 tam
799 3094 992 3145 acriter
1012 3095 1312 3158 vituperare
1336 3095 1566 3158 potuerit
1587 3093 1707 3144 Edi-

655 3172 743 3220 tor
793 3167 1081 3218 Leidensis.
1129 3193 1184 3203 —
1227 3168 1464 3233 proferet]
1519 3168 1706 3219 «diffe-

656 3245 789 3294 ret».
858 3243 1028 3292 Etiam
1075 3242 1180 3292 hoc
1230 3241 1522 3293 notandum
1571 3246 1703 3304 erat,

659 3320 784 3384 quia
827 3330 1002 3382 nuper
1047 3329 1239 3382 parum
1286 3319 1433 3366 reete
1488 3317 1706 3380 quidam

660 3392 964 3458 explicavit:
1021 3390 1209 3443 «Ultrix
1246 3389 1462 3441 Achillei
1502 3391 1703 3453 classiS,

658 3470 790 3520 irata
823 3468 1026 3528 Troiae,
1064 3479 1184 3516 eam
1218 3468 1482 3525 evertet»;
1516 3479 1707 3516 verum

653 3545 888 3608 proferre
949 3556 1057 3593 non
1118 3554 1239 3593 esse
1296 3560 1322 3587 α
1338 3542 1527 3592 afferre
1545 3561 1570 3586 ι
1621 3539 1706 3591 vel

663 3619 940 3670 «inferre»
977 3630 1137 3667 nemo
1169 3617 1390 3680 ignorat.

727 3693 807 3744 34.
846 3693 927 3743 35.
983 3690 1201 3755 Achillei]
1252 3692 1312 3740 ut
1347 3691 1510 3740 Ulixei
1534 3704 1563 3740 a
1597 3689 1709 3740 for-

663 3780 752 3819 ma
782 3768 1039 3818 Achilleus.
1079 3795 1134 3805 -
1171 3768 1283 3817 Post
1313 3766 1491 3830 certas]
1543 3765 1708 3815 «inde

664 3841 731 3891 ab
767 3839 998 3892 Helenae
1033 3843 1206 3906 raptu,
1257 3854 1364 3904 quo
1408 3840 1610 3891 scelere
1650 3843 1709 3889 ‘tu

664 3919 716 3967 te
751 3914 1031 3979 polluisti.»
1076 3917 1247 3967 Danas
1277 3914 1508 3967 malebat
1542 3916 1713 3965 Mark-

662 3989 852 4040 landus
902 3988 988 4052 (ad
1018 3991 1142 4040 Stat.
1180 4004 1232 4056 p.
1271 3989 1404 4054 349.)
1484 3992 1550 4040 At
1586 3989 1709 4039 vide

667 4065 976 4130 sapientiam
1016 4068 1224 4128 poetae.
1294 4067 1426 4118 Nam
1474 4067 1629 4118 denas
1665 4066 1711 4117 si

1771 1304 2090 1368 scripsisset,
2112 1318 2306 1355 novem
2323 1277 2513 1356 saltem
2535 1318 2634 1369 per
2649 1317 2818 1354 annos

1772 1379 1946 1428 securi
1978 1380 2233 1429 vixissent
2262 1379 2521 1438 adulteri;
2573 1379 2650 1429 sie
2688 1392 2818 1428 vero

1773 1465 1896 1502 cum
1930 1452 2083 1502 dicit:
2139 1456 2304 1519 «post
2334 1467 2503 1504 annos
2537 1455 2644 1505 iam
2677 1468 2818 1504 nunc

1772 1539 1804 1575 a
1838 1526 1943 1576 fato
1977 1527 2283 1590 praefinitos
2304 1566 2316 1589 ,
2369 1542 2599 1592 quorum
2638 1530 2818 1578 tamen

1771 1613 2057 1651 numerum
2095 1614 2192 1651 vos
2225 1614 2331 1652 non
2364 1604 2582 1665 nostis‚»
2616 1602 2700 1653 vel
2725 1616 2821 1653 an-

1771 1678 1989 1740 tequam
2019 1676 2089 1727 ad
2120 1675 2241 1727 litus
2276 1678 2559 1728 Troianum
2588 1677 2821 1742 appelle-

1770 1752 1906 1811 rent,
1951 1753 2224 1816 perpetuis
2264 1751 2703 1803 sollicitudinibus
2752 1766 2817 1803 ae

1772 1824 2048 1876 timoribus
2084 1839 2177 1877 eos
2211 1826 2392 1889 agitari
2425 1840 2649 1878 necesse
2683 1830 2813 1876 erat.

1776 1926 1831 1935 —-
1864 1899 1969 1949 Sed
2002 1899 2127 1949 illud
2172 1913 2386 1964 quoque
2431 1904 2589 1965 auget
2621 1902 2820 1951 carmi-

1772 1975 1854 2024 nis
1880 1976 2316 2038 praestantissimi
2346 1973 2814 2039 pulchritudinem,

1772 2048 1946 2112 quod,
2000 2051 2090 2112 qui
2120 2049 2277 2099 fuerit
2307 2050 2455 2100 triste
2489 2050 2593 2101 hoc
2630 2052 2819 2101 vatici-

1771 2124 1918 2174 nium
1957 2123 2283 2189 audientium
2321 2138 2543 2188 sensus,
2596 2137 2821 2190 prorsus

1772 2199 1992 2249 tacetur.

1836 2273 1916 2323 36.
1944 2273 2077 2336 Ionis
2084 2273 2283 2338 Iliacas]
2296 2273 2427 2323 Vide
2438 2274 2507 2324 ad
2518 2288 2569 2324 v.
2584 2273 2666 2325 24.
2684 2273 2819 2324 Sub-

1772 2349 2054 2397 stituerunt
2083 2349 2410 2411 Perqameas,
2452 2363 2517 2399 ex
2551 2363 2657 2413 quo
2692 2348 2814 2399 Gla-

1771 2435 1994 2472 reanus:
2049 2421 2164 2472 «alii
2197 2422 2423 2475 Codices
2453 2425 2815 2489 Perqamoas,·»

1773 2501 1827 2547 et
1856 2495 2208 2548 Pulmannus:
2264 2497 2390 2548 «alii
2424 2499 2590 2549 Codd.
2625 2502 2818 2562 Perqu-

1770 2586 1935 2633 πιθα-ς,
1974 2575 2106 2623 teste
2140 2571 2449 2623 GlareanO.»
2505 2574 2611 2624 Sed
2641 2587 2762 2623 cum
2788 2586 2820 2622 a

1774 2649 1987 2697 nemine
2020 2649 2379 2697 recentiorum
2408 2649 2544 2698 haec
2578 2647 2734 2698 lectio
2764 2649 2819 2697 in

1773 2721 1919 2772 libris
1951 2723 2161 2785 scriptis
2194 2725 2406 2786 reperta
2438 2724 2533 2784 sit,
2575 2724 2822 2787 suspicor

1774 2795 2030 2847 Glareano
2082 2797 2180 2861 ipsi
2225 2798 2364 2846 hanc
2408 2798 2544 2847 coni.
2598 2797 2814 2858 deberi;

1775 2874 1919 2921 certe
1952 2872 2004 2920 in
2030 2869 2169 2921 nulla
2192 2872 2476 2935 praecedd.
2505 2872 2814 2935 editionum,

1774 2960 1841 2996 ne
1876 2948 1929 2995 in
1963 2945 2159 2995 Aldinis
2189 2947 2423 3009 quidem,
2460 2948 2672 3011 repperi
2702 2949 2821 2997 Per-

1772 3034 1992 3084 yameas.
2055 3021 2251 3083 (Inesse
2276 3023 2454 3072 tamen
2478 3022 2616 3070 hanc
2638 3019 2819 3071 lectio-

1775 3108 1900 3144 nem
1933 3097 1985 3144 in
2020 3094 2247 3146 editione
2271 3096 2539 3146 rarissima
2565 3098 2697 3146 Petri
2716 3110 2821 3145 van

1776 3170 1857 3230 Os,
1892 3170 2104 3231 Ζωοὶίίε,
2141 3171 2192 3219 in
2216 3169 2308 3232 4¹⁰,
2346 3184 2483 3234 quae
2507 3185 2645 3221 anno
2668 3171 2814 3221 ⁴500.

1776 3245 2088 3307 assignatur,
2115 3246 2336 3294 testatur
2350 3246 2671 3295 Kirchnerus
2687 3246 2814 3295 Nov.

1778 3321 1994 3381 Quaem.
2031 3320 2207 3369 Horat.
2235 3333 2288 3384 p.
2314 3321 2414 3382 57.)
2454 3320 2615 3369 Huius
2639 3321 2819 3369 autem

1775 3393 2014 3444 lectionis
2030 3395 2233 3454 auctor,
2261 3394 2563 3457 quicunque
2581 3392 2690 3454 fuit,
2710 3406 2820 3444 non

1777 3468 1905 3519 satis
1920 3469 2208 3532 perspexit,
2228 3480 2389 3530 quam
2408 3468 2584 3531 putida
2600 3469 2667 3516 ita
2683 3467 2821 3517 foret

1775 3543 1994 3592 variatio
2043 3542 2181 3592 inter
2227 3543 2354 3591 Ilion
2403 3544 2457 3591 et
2502 3544 2816 3605 Pergamum.

1776 3618 2111 3667 praestarent
2146 3629 2315 3681 prope
2354 3618 2690 3666 coniecturae
2734 3629 2823 3666 ae-

1778 3705 1883 3755 que
1917 3691 2224 3741 arbitrariae
2254 3692 2520 3753 Anonymi
2558 3690 2700 3755 apud
2733 3692 2823 3740 Io-

1779 3767 1987 3816 nesium
2016 3765 2312 3815 Dardanias
2337 3764 2422 3814 vel
2451 3765 2684 3816 withofii
2707 3764 2824 3814 bar-

1780 3842 1980 3892 baricas
1998 3880 2010 3903 ,
2068 3842 2115 3891 si
2168 3842 2453 3903 quicquam
2508 3839 2823 3890 mutandum

1782 3918 1942 3968 esset.
1994 3914 2115 3979 (Cfr.
2144 3915 2431 3965 Hermanni
2453 3913 2618 3964 Elem.
2647 3914 2819 3964 doctr.

1781 3994 1937 4042 metr.
1958 4004 2012 4055 p.
2040 3989 2155 4041 436.
2207 3989 2509 4041 Lachmann
2538 3991 2591 4040 in
2619 3989 2824 4040 Frankii

1781 4067 1834 4117 F.
1873 4065 1934 4116 H.
1970 4078 2024 4130 p.
2061 4063 2196 4126 2:38.)
