3234 4975
1164 413 1364 462 LlBER.
1438 413 1631 464 CARM.
1670 413 1775 462 XV.

2469 411 2579 476 72²

1156 866 1627 929 cm
1681 867 1864 927 tv.

596 1047 733 1110 Nox
777 1055 914 1111 erat
960 1056 1024 1111 et
1067 1044 1248 1112 caelo
1294 1044 1574 1132 fulgebat
1615 1043 1765 1109 luna
1811 1066 2044 1111 screno

679 1168 850 1232 Inter
894 1168 1143 1231 minora
1187 1165 1432 1242 sidera,

599 1290 759 1354 Cum
804 1298 870 1352 tu
917 1307 1296 1374 magnorum
1340 1307 1577 1352 numen
1624 1285 1880 1353 laesura
1926 1287 2199 1354 deorum

685 1411 752 1473 ln
797 1408 997 1474 verba
1044 1407 1303 1474 iurabas
1356 1429 1530 1484 mea,

596 1530 808 1595 Artius
853 1540 1046 1616 atque
1092 1528 1335 1595 hedera
1382 1549 1654 1615 procera
1701 1529 2118 1616 adstringitur
2164 1529 2318 1606 ilex,
2560 1532 2598 1592 ὃ

687 1652 902 1716 Lentis
948 1650 1310 1716 adhaerens
1354 1649 1675 1717 brachiis:

563 1823 669 1871 XV.
709 1823 873 1872 inser.
914 1819 1049 1883 volg.
1087 1821 1162 1869 Ad
1183 1821 1451 1869 Neaeram.
1481 1848 1536 1856 —
1574 1820 1828 1870 Neaeram
1849 1820 2069 1870 amicam
2091 1821 2366 1884 alloquitur
2387 1824 2444 1872 B.
2477 1852 2530 1860 —-

497 1898 552 1945 In
587 1897 839 1945 Neaeram
872 1895 1090 1944 amicam
1125 1907 1171 1942 c.
1213 1920 1270 1930 -
1309 1896 1424 1943 Orn.
1462 1896 1517 1943 T.
1561 1920 1616 1931 —
1655 1897 1704 1944 5.
1745 1896 2044 1959 astrinyitur
2078 1897 2132 1946 B.

493 2044 601 2093 XV.
670 2045 937 2102 Neaerae,
999 2056 1138 2105 quae
1177 2045 1474 2098 amatorem
1509 2042 1516 2064 ⁸
1551 2041 1681 2092 buli.
1722 2043 1778 2102 4,
1817 2045 1872 2103 9,
1913 2046 1969 2093 ⁴:
2012 2045 2141 2106 Quid
2172 2043 2328 2106 mihi,
2364 2044 2601 2109 &fueras

429 2118 650 2168 divitem
673 2118 889 2167 Horatio
915 2115 1281 2180 praeferebat,
1321 2117 1479 2179 perfl-
1550 2117 1759 2166 miseros
1809 2118 2036 2167 masuras
2090 2132 2320 2180 amor-0³,
2379 2120 2603 2170 Foedera

429 2192 572 2241 diam
615 2192 847 2253 graviter
890 2190 1123 2249 incusat,
1178 2189 1475 2251 iniectaque
1543 2204 1642 2251 per
1682 2191 1845 2250 divos,
1903 2192 2038 2240 clam
2080 2194 2344 2252 violanda,
2402 2194 2605 2245 dabas?

429 2267 558 2316 iuris
593 2264 827 2325 iurandi,
873 2276 980 2325 quo
1014 2275 1169 2313 suam
1204 2262 1477 2324 quondam
1555 2262 1735 2311 «ovid.
1775 2264 1899 2312 Her.
1937 2264 1994 2322 2,
2032 2264 2112 2314 43.
2151 2265 2219 2314 de
2253 2265 2413 2316 laesis
2447 2280 2476 2316 a
2500 2269 2604 2318 De-

432 2338 631 2389 amoris
667 2336 831 2386 fidem
865 2335 1198 2386 sanctissime
1239 2334 1477 2397 alligarit,

428 2412 683 2475 religione
730 2424 794 2460 ac
841 2408 1068 2472 neglecti
1113 2409 1357 2459 eiusdem
1397 2408 1481 2458 di-

427 2489 551 2538 vina
583 2486 816 2536 vindicta
850 2483 1187 2545 minatusque
1223 2497 1281 2534 se
1318 2482 1481 2533 disci-

429 2561 579 2612 dium
594 2597 607 2620 ,
642 2559 735 2610 ubi
758 2558 927 2610 semel
950 2557 1301 2622 perdoluerit,
1336 2556 1478 2607 bene

428 2649 494 2686 ac
517 2635 722 2685 fortiter
742 2632 993 2693 laturum,
1030 2632 1099 2681 ad
1122 2633 1332 2682 saniora
1357 2645 1479 2682 eam

430 2706 649 2760 consilia
696 2719 954 2757 revocare
1008 2706 1276 2756 annititur.
1345 2708 1478 2757 Tum

430 2783 498 2834 ad
547 2780 766 2832 rivalem
812 2793 973 2831 suum
1007 2793 1327 2840 conversus,
1381 2792 1479 2829 suo

429 2858 608 2921 ipsum
643 2854 890 2920 exemplo
925 2854 1120 2904 edocet
1152 2858 1477 2918 monetque,

430 2944 594 2995 quam
619 2929 773 2981 fallax
793 2942 920 2979 aura
944 2930 1042 2979 ista
1065 2931 1160 2989 sit,
1187 2942 1352 2992 quam
1377 2929 1480 2979 iam

430 3005 734 3069 experiatur
767 3006 877 3053 tam
911 3003 1224 3054 secundam.
1263 3004 1475 3055 Musca.

430 3078 841 3143 compositionis
887 3079 1099 3141 tempus
1142 3089 1364 3141 prorsus
1398 3076 1482 3125 in-

431 3156 637 3203 certum
687 3154 785 3203 est.
856 3152 1117 3201 Kirchner
1176 3153 1230 3201 et
1279 3151 1479 3200 Franke

429 3228 667 3278 referunt
700 3227 768 3276 ad
803 3239 852 3275 a.
892 3240 944 3276 u.
984 3239 1031 3275 c.
1070 3227 1184 3276 724.
1211 3264 1222 3285 ‚
1277 3224 1483 3275 Weber

428 3302 601 3350 Horas
632 3314 685 3364 p.
724 3301 805 3351 83.
844 3300 913 3349 ad
946 3313 996 3350 a.
1034 3301 1147 3350 742.
1202 3299 1288 3350 vel
1322 3299 1437 3349 743.
1464 3336 1476 3359 ,

430 3373 716 3423 Grotefend
750 3374 818 3424 ad
852 3387 900 3423 a.
939 3374 1053 3424 746.

493 3445 605 3496 2-4.
659 3447 860 3496 minem
901 3448 1097 3512 sidera]
1150 3448 1256 3499 Csr.
1295 3448 1389 3499 Od.
1420 3448 1476 3509 4,

432 3521 513 3579 42,
539 3520 620 3571 47.
644 3523 699 3569 et
716 3521 784 3570 ad
808 3522 975 3571 totam
993 3534 1212 3572 scenam
1231 3522 1479 3584 Meleagri

428 3594 525 3657 Ep.
562 3595 645 3643 74.
694 3595 849 3644 Antb.
899 3594 1006 3645 Pal.
1043 3597 1083 3645 1.
1120 3609 1175 3659 p.
1212 3595 1302 3645 85:
1357 3592 1480 3659 Νὺξ

430 3663 554 3738 ἱερὴ
590 3668 690 3718 καὶ
738 3664 940 3730 λύχνε,
994 3670 1344 3739 συνίστορας
1377 3664 1479 3720 οὔ·

429 3756 589 3805 τινας
623 3736 839 3805 ἄλλους
860 3735 1103 3812 Ὅρκοις,
1142 3737 1262 3793 ἀλλ’
1297 3738 1478 3808 ὑμέας

431 3814 678 3880 εἱλόμεθ’
711 3810 1055 3887 ἀμφότεροι.
1092 3811 1197 3867 Χῶ
1233 3817 1342 3881 μὲν
1375 3817 1478 3884 ἐμὲ

430 3886 713 3961 στέρξὲιν,
764 3895 956 3940 κεῖνον
999 3889 1046 3939 δ’
1082 3886 1191 3958 ἐγώ
1227 3885 1301 3941 οὗ
1340 3904 1479 3941 ποτε

431 3962 655 4028 λείψειν
672 3957 1040 4029 ’.Ωμόσαμεν-
1077 3960 1281 4029 κοινὴν
1313 3962 1360 4014 δ’
1397 3963 1478 4014 εἴ-

432 4052 561 4098 χετε
592 4039 930 4109 μαρτυρίην.
967 4037 1088 4090 Νῦν
1121 4037 1164 4087 δ’
1187 4033 1222 4087 ὁ
1254 4037 1363 4103 μὲν
1386 4030 1481 4109 ὅρ-

432 4130 532 4164 κια
564 4114 748 4179 φησὶν
793 4115 855 4164 ἐν
889 4105 1051 4164 ὕδατι
1102 4118 1263 4162 κεῖνα
1308 4114 1479 4183 φέρε-

433 4189 605 4250 σθαι,
630 4184 849 4248 Λύχνε,
877 4183 950 4238 σύ
974 4186 1019 4236 δ’
1040 4187 1101 4238 ἐν
1124 4184 1362 4249 κόλποις
1382 4180 1483 4237 αὖ·

435 4259 536 4311 τὸν
579 4256 722 4331 ὁρᾷς
764 4260 986 4332 ἑτέρων.
1030 4287 1083 4297 -
1122 4261 1341 4325 lacwa]
1393 4261 1482 4311 'ri-

609 4354 791 4399 Honu.
823 4365 933 4401 vot..
966 4353 1000 4398 1.
1063 4365 1138 4398 ευ.
1174 4364 1328 4399 aaron
1363 4351 1434 4397 m.

1553 2336 1878 2400 mophoonte
1902 2349 2000 2400 per
2020 2339 2251 2400 periuria
2276 2340 2600 2393 numinibus:

1552 2409 1609 2458 Si
1652 2410 1710 2459 dc
1743 2415 1812 2459 tot
1851 2410 1996 2459 laesis
2027 2424 2123 2460 sua
2154 2413 2365 2461 ηαηιὶπα
2398 2414 2606 2475 quisquo

1554 2486 1761 2534 deorum
1799 2486 2041 2548 Vindicet,
2078 2489 2131 2536 in
2162 2501 2351 2549 poenas
2380 2503 2481 2539 non
2514 2503 2604 2538 sa-

1551 2559 1615 2608 tis
1658 2572 1790 2608 unus
1831 2561 1979 2609 eris.»
2033 2561 2193 2611 Domi.
2237 2588 2292 2597 —·
2327 2563 2387 2612 In
2423 2563 2603 2628 verba]

1554 2631 1886 2692 Formulam‚
1925 2647 2028 2696 qua
2066 2633 2260 2684 milites
2296 2635 2419 2686 duci
2442 2650 2502 2687 se
2527 2637 2605 2687 di-

1555 2709 1641 2755 cto
1666 2707 1942 2759 audientes
1972 2708 2084 2758 fore
2120 2708 2387 2773 iurabant,
2424 2711 2512 2760 hic
2535 2711 2606 2761 ad

1554 2793 1770 2831 amores
1820 2782 2094 2844 transfert,
2148 2785 2208 2851 ut
2247 2783 2316 2832 ad
2366 2784 2605 2847 philoso-

1553 2855 1738 2918 phiam
1771 2855 1903 2919 Epp.
1938 2858 1992 2915 4,
2033 2857 2092 2917 4,
2132 2857 2223 2907 ⁴4:
2276 2859 2476 2909 Nullius
2507 2861 2607 2909 ad-

1555 2930 1716 2978 dictus
1744 2929 1923 2979 iurare
1954 2930 2008 2978 in
2038 2930 2193 2980 verba
2217 2933 2467 2995 maim-i.

1621 3002 1766 3051 5-40.
1820 3002 1992 3052 Artius
2025 3005 2190 3069 atque]
2228 3006 2304 3055 De
2339 3006 2444 3056 hoc
2475 3020 2604 3070 par-

1555 3075 1747 3125 ticulae
1782 3088 1883 3126 usu
1927 3077 2078 3127 Hand
2120 3080 2270 3129 Turs.
2308 3081 2348 3130 1.
2386 3094 2438 3145 p.
2477 3081 2599 3132 472:

1557 3152 1834 3200 «Oratores
1891 3151 1992 3201 hac
2045 3152 2274 3203 dictione
2331 3168 2604 3218 nunquam

1555 3228 1648 3274 aut
1680 3225 1950 3276 rarissime
1985 3229 2234 3289 utuntur,
2274 3227 2604 3291 frequentius

1552 3302 1763 3363 poetae.
1801 3300 1866 3349 Et
1898 3300 2172 3350 veteribus
2199 3300 2397 3365 (Plauto
2423 3316 2487 3352 ac
2509 3304 2606 3353 Te-

1553 3374 1741 3435 rentio)
1769 3386 1833 3423 ea
1866 3374 1972 3423 iam
2009 3375 2213 3437 cognita
2241 3376 2380 3433 erat;
2419 3389 2605 3425 recen-

1553 3446 1776 3497 tioribus
1791 3447 2083 3510 elegantiae
2098 3461 2259 3497 causa
2276 3461 2602 3513 magnopere

1551 3520 1799 3584 placuit.»
1840 3547 1894 3556 —
1933 3521 2135 3582 hedera]
2172 3521 2270 3569 Od.
2298 3521 2357 3578 4,
2395 3522 2478 3583 36,
2514 3524 2598 3573 20.

1554 3593 1739 3646 Catuli.
1763 3593 1845 3652 64,
1870 3593 1964 3643 33:
2000 3596 2214 3643 Mentem
2235 3607 2409 3644 amore
2428 3599 2602 3646 rovin-

1551 3671 1709 3730 cicm,
1753 3668 1814 3717 Ut
1832 3671 1988 3716 tenax
2006 3668 2189 3717 hedera
2209 3668 2304 3717 huc
2327 3673 2372 3718 ec
2394 3668 2490 3718 huc
2509 3671 2604 3720 Ar-

1552 3743 1723 3792 borem
1752 3741 1978 3803 implicat
2009 3754 2206 3791 mans.
2259 3743 2601 3796 «Adhaerens

1550 3816 1708 3867 lentis
1766 3815 1867 3865 tuis
1920 3814 2154 3865 brachiis
2213 3817 2376 3867 artius
2436 3831 2600 3881 quam

1550 3903 1775 3955 procera
1802 3890 2213 3953 (hochrayend)
2250 3889 2349 3940 ilex
2374 3892 2602 3944 circum-

1550 3963 1778 4028 plicatur
1798 3962 1867 4012 ab
1901 3963 2156 4013 hedera.»
2188 3989 2240 3999 —
2268 3966 2449 4029 Lentis]
2477 3967 2602 4017 «ne-

1551 4037 1802 4088 xibilibus
1826 4049 1889 4086 ac
1912 4036 2243 4089 tenacibus.»
2270 4038 2393 4103 (mit
2414 4041 2599 4091 zdhen

1551 4112 1775 4161 Armen
1825 4113 2316 4177 anyeschmieyt.
2376 4115 2511 4164 Voss
2547 4117 2602 4163 et

1554 4186 1763 4247 Garve.)
1800 4185 1884 4234 Sic
1917 4186 2055 4249 Virg.
2083 4186 2191 4237 Ecl.
2218 4187 2276 4248 3,
2314 4187 2406 4239 38:
2444 4188 2600 4237 Lenta

1553 4258 1731 4322 quibus
1776 4260 2008 4324 (poculis)
2053 4267 2198 4312 torno
2239 4262 2380 4323 facili
2421 4273 2601 4322 super-
