3234 4975
620 346 745 412 3⁴2

1392 348 1647 399 flonA‘m
1684 349 2020 400 CARmNuu

1248 802 1720 864 cm
1772 802 2089 865 xm

1122 973 1261 1037 Non
1307 970 1471 1038 ebur
1514 991 1729 1058 neque
1775 991 2046 1038 aureum

1210 1092 1351 1157 Mea
1396 1091 1649 1159 renidet
1692 1093 1756 1157 in
1801 1092 1996 1159 domo
2040 1092 2338 1169 lacunar,

1122 1215 1260 1279 Non
1305 1212 1522 1280 trabes
1566 1214 1928 1302 Hymettiae

746 1385 920 1435 XVIII.
959 1386 1123 1434 Inscr.
1159 1382 1297 1447 volg.
1341 1383 1418 1434 Ad
1450 1396 1669 1433 avarum
1703 1383 1757 1432 et
1790 1382 1868 1433 sic
1901 1383 1992 1432 ST.
2036 1409 2090 1418 —
2128 1383 2204 1433 Ad
2235 1396 2422 1433 auriam
2455 1385 2512 1434 B.
2555 1411 2611 1421 —
2645 1385 2723 1435 Aa

677 1472 867 1508 uariam
886 1457 940 1508 b.
984 1485 1039 1495 -
1076 1460 1152 1509 De
1183 1459 1487 1508 cmuinentia
1519 1471 1624 1519 qua
1649 1462 2001 1519 paupertatem
2031 1470 2178 1507 mn
2209 1459 2395 1508 divitiis
2419 1459 2647 1522 praefert
2669 1472 2719 1510 c.

687 1559 739 1568 —
778 1531 828 1582 3.
864 1534 1142 1594 Hymettiae
1166 1560 1248 1571 --
1277 1533 1468 1583 recisae
1509 1533 1603 1582 Tb.
1643 1530 1794 1591 Gale,
1841 1544 1947 1581 non
1991 1530 2417 1596 improbantibus
2461 1531 2630 1583 Bentl.
2668 1536 2723 1583 et

682 1606 941 1669 Cuningh.

684 1744 858 1795 xvm.
908 1746 1047 1809 «Ego
1081 1746 1341 1796 mediocri
1371 1758 1493 1796 mea
1523 1747 1667 1796 sorte

626 1820 905 1869 contentus
955 1819 1192 1883 despicio
1244 1832 1434 1870 avaros
1459 1858 1470 1881 ,
1531 1833 1669 1883 quos

622 1904 794 1954 aeque
839 1904 903 1941 ac
943 1905 1209 1957 pauperes
1251 1905 1399 1944 mors
1431 1895 1668 1944 manet.»

624 1966 889 2030 Scriptum
939 1966 1152 2017 videtur
1195 1980 1413 2018 carmen
1461 1969 1673 2018 circiter

623 2052 671 2090 a.
709 2053 763 2089 u.
802 2053 851 2090 c.
890 2040 1004 2091 726.
1044 2040 1149 2091 Cir.
1186 2040 1283 2091 Od.
1321 2042 1352 2091 3
1359 2079 1382 2113 ι,
1407 2041 1489 2092 24.
1528 2043 1674 2093 simi-

620 2112 685 2164 lis
718 2112 875 2177 plane
910 2116 1224 2177 argumenti.
1255 2142 1310 2152 -
1347 2116 1468 2180 Ipsa
1490 2119 1673 2166 autem

625 2187 811 2247 metri,
849 2189 908 2236 ut
939 2188 1009 2237 ita
1045 2188 1246 2249 dicam,
1285 2187 1583 2240 volubiIitas
1619 2192 1675 2240 et

626 2258 872 2312 celeritas
922 2262 1143 2313 mirifice
1194 2264 1402 2314 confert
1445 2264 1513 2314 ad
1548 2264 1676 2315 affe-

626 2337 772 2386 ctum
806 2337 969 2387 animi
1002 2350 1096 2387 sua
1121 2340 1266 2389 sorte
1289 2352 1511 2403 prorsus
1541 2352 1674 2389 eon-

624 2410 757 2460 tenti
789 2411 950 2474 atque
985 2413 1191 2474 omnia,
1240 2425 1379 2476 quae
1413 2426 1675 2477 superva-

625 2497 792 2535 canea
825 2490 971 2546 sunt,
1021 2501 1146 2537 cum
1179 2488 1403 2539 honesta
1437 2489 1673 2552 quadam

625 2557 820 2610 laetitia
883 2563 1186 2625 spernentis
1242 2563 1669 2628 exprimendum.

627 2633 895 2698 (Ceterum
942 2636 1190 2688 Horatius
1235 2638 1322 2688 bic
1368 2640 1572 2689 tantum
1607 2651 1673 2688 eo

621 2721 754 2760 usus
784 2711 905 2773 est.)

692 2784 738 2833 4.
775 2785 824 2833 2.
861 2784 999 2849 ebur]
1038 2799 1161 2847 «pro
1193 2787 1468 2836 derivativo
1500 2787 1674 2836 ebur-

627 2871 810 2908 neum.
822 2875 846 2902 a
866 2858 1033 2911 Gloss.
1047 2859 1257 2911 Codicis
1271 2861 1326 2910 T.
1340 2859 1673 2923 Bacchylidis

629 2934 709 2982 Fr.
731 2934 813 2982 27.
829 2934 1025 2996 Bergk:
1051 2931 1248 3003 χρυσῷ
1265 2932 1313 2983 δ’
1332 2934 1601 2996 ἐλέφαντί
1612 2950 1675 2985 τε

625 3008 1044 3076 μαρμαίροισιν
1083 3004 1253 3057 οἶκοι.
1302 3036 1357 3046 -
1398 3023 1614 3059 auretam
1646 3036 1676 3047 -

626 3081 866 3144 lacunar]
907 3080 1189 3132 «eburneis
1225 3084 1279 3133 et
1311 3084 1487 3135 aureis
1520 3082 1676 3135 lami-

632 3155 713 3205 nis
748 3156 994 3205 ornatum
1026 3154 1246 3206 lacunar
1274 3170 1317 3208 s.
1342 3156 1563 3221 laquear
1590 3157 1677 3209 vel

629 3228 910 3292 laqueare,
947 3226 1330 3293 laquearium.»
1384 3234 1464 3283 De
1494 3232 1677 3283 formis

630 3302 788 3354 buius
821 3316 942 3355 voc.
980 3302 1074 3353 cfr.
1111 3303 1382 3355 Markland
1420 3306 1489 3356 ad
1528 3307 1676 3357 Statii

630 3375 753 3428 Silv.
780 3375 839 3438 4,
866 3378 924 3438 2,
951 3377 1032 3428 34.
1070 3377 1244 3429 Manil.
1270 3381 1319 3440 δ,
1344 3379 1469 3430 292:
1515 3381 1681 3430 ἐνίοις·-

634 3453 725 3502 nia
747 3452 939 3514 templis
960 3452 1280 3514 concertant,
1317 3454 1525 3516 tectique
1546 3467 1679 3504 auro

635 3527 1002 3577 iamvescimur
1019 3540 1165 3577 auro.
1203 3529 1426 3579 Pausan.
1450 3529 1498 3589 4,
1526 3527 1673 3589 48,9;

633 3597 929 3667 οἰκήματα
951 3631 981 3642 -
1004 3629 1036 3641 -
1057 3595 1261 3673 ὀρόφῳ
1293 3616 1355 3653 τε
1383 3601 1677 3673 ἐπιχρύσῳ

631 3676 732 3727 καὶ
764 3671 1114 3748 ἀλαβάστρῳ
1148 3674 1308 3744 λίθῳ.
1361 3703 1416 3713 -
1467 3677 1677 3741 renidet]

633 3750 739 3802 Cir.
759 3751 856 3801 Od.
881 3752 932 3813 2,
958 3754 1008 3813 δ,
1036 3752 1116 3802 49.
1152 3754 1359 3803 Lucret.
1386 3753 1437 3815 2,
1462 3752 1550 3801 27:
1575 3752 1681 3801 Nec

632 3828 806 3875 domu-s
821 3830 1031 3890 amento
1050 3827 1207 3891 sulqet
1226 3839 1453 3888 auroque
1466 3826 1675 3875 renidet.

698 3899 746 3951 3.
794 3899 975 3949 Trabes
1005 3900 1282 3962 Hymettiae
1314 3901 1439 3950 sunt
1473 3899 1680 3963 episty-

630 3973 697 4025 lia
710 3972 1029 4038 (archium)
1041 3988 1107 4025 ex
1124 3986 1394 4025 marmore
1412 3971 1676 4025 albicante

633 4048 827 4099 montis
862 4048 1094 4111 Hymetti
1125 4061 1292 4112 prope
1328 4047 1584 4108 Athenas;
1624 4050 1680 4099 et

629 4122 889 4173 columnae
935 4123 1123 4173 recisae
1170 4135 1239 4172 aa>
1282 4124 1462 4174 uitium
1503 4123 1681 4188 Africa

629 4198 755 4247 sunt
771 4195 1050 4247 columnae
1066 4209 1096 4247 e
1109 4208 1378 4250 marmore
1395 4197 1677 4250 Numidico

1741 1759 1839 1798 seu
1872 1743 2073 1807 Libyco
2102 1744 2249 1809 (Epp.
2283 1746 2331 1806 4,
2363 1746 2444 1807 40,
2484 1746 2605 1809 49.),
2642 1745 2789 1809 quod

1741 1817 1894 1882 volgo
1911 1817 2244 1883 appellamus
2265 1820 2421 1883 atauo
2443 1819 2626 1870 antico.
2664 1820 2784 1871 Fu.

1742 1893 1931 1945 Strabo
1981 1894 2031 1943 9.
2086 1907 2139 1957 p.
2192 1894 2323 1944 6⁴3:
2374 1889 2690 1965 μαρμάρου
2735 1892 2783 1943 δ’

1743 1968 1866 2019 ἐστὶ
1882 1964 1987 2032 τῆς
2001 1981 2063 2017 τε
2078 1960 2379 2033 ’Τμηττίας
2396 1970 2497 2019 καὶ
2517 1967 2622 2034 τῆς
2637 1967 2788 2019 Πεν-

1743 2042 1968 2108 τελικῆς
2015 2038 2296 2093 κάλλιστα
2343 2043 2601 2109 μέταλλα
2642 2043 2789 2111 πλη-

1746 2119 1876 2168 σιον
1923 2112 2032 2182 τῆς
2073 2112 2310 2179 πόλεως.
2380 2117 2646 2169 Amabant
2689 2133 2788 2169 au-

1744 2194 1856 2242 tem
1900 2191 2100 2253 antiqui
2141 2191 2281 2241 banc
2326 2203 2658 2242 marmorum
2691 2206 2789 2242 va-

1744 2266 2018 2323 rietatem,
2056 2266 2115 2314 ut
2145 2266 2199 2315 in
2222 2266 2441 2329 Hippiae
2463 2264 2656 2315 balneo
2677 2267 2792 2329 pri-

1746 2352 1897 2390 mum
1930 2340 2048 2389 erat
2079 2339 2430 2399 Laconicum,
2470 2342 2584 2391 tum
2617 2340 2790 2402 Pbry—

1746 2415 1915 2476 gium‚
1969 2412 2201 2477 denique
2234 2409 2440 2477 Νομᾶς
2473 2411 2639 2476 λίθος
2659 2450 2673 2475 ,
2732 2416 2791 2464 ut

1745 2489 1849 2539 bic.
1886 2488 2017 2538 Vide
2036 2488 2250 2539 Lucian.
2273 2488 2426 2552 Hipp.
2447 2491 2496 2538 5.
2516 2489 2643 2539 Stat.
2665 2487 2785 2538 Silv.

1748 2563 1804 2623 4,
1859 2562 1920 2622 3,
1973 2562 2070 2612 35:
2137 2562 2419 2612 Auratame
2467 2564 2662 2623 trabes,
2721 2577 2791 2613 an

1744 2639 1955 2687 Mauros
2001 2636 2221 2698 undique
2260 2641 2450 2698 postes,
2501 2637 2577 2686 An
2620 2639 2792 2699 pictu-

1744 2715 1865 2761 rata
1895 2710 2111 2760 lucentia
2140 2723 2405 2760 manmra
2434 2725 2565 2761 vena
2593 2709 2794 2762 Mirer?

1747 2788 1802 2836 ln
1853 2784 2046 2835 balneo
2112 2782 2314 2834 Claudii
2377 2784 2581 2836 Etrusci
2647 2785 2790 2849 apud

1747 2861 1875 2911 Stat.
1903 2859 2025 2909 Silv.
2055 2861 2110 2919 4,
2136 2860 2196 2920 ὅ,
2233 2858 2325 2909 36:
2363 2859 2792 2925 Solantmflavie

1744 2935 2032 2985 Nomadmn
2072 2934 2239 2982 decisa
2276 2933 2491 2983 metallis
2535 2936 2786 2997 Pmpwa.

1747 3010 1987 3073 Propert.
2024 3007 2085 3066 3,
2121 3008 2184 3068 2,
2224 3007 2283 3057 9:
2346 3010 2488 3070 Quod
2530 3023 2632 3059 non
2666 3010 2791 3058 Tae-

1746 3085 1909 3134 nariis
1941 3085 2115 3133 domus
2146 3088 2218 3133 est
2247 3084 2371 3134 mihi
2400 3085 2536 3147 fulta
2555 3085 2794 3134 coltomnis

1745 3160 1851 3210 Nec
1897 3171 2102 3208 camera
2154 3164 2369 3208 auratas
2419 3159 2551 3208 inter
2604 3158 2793 3208 eburna

1746 3233 1912 3284 trabes
1930 3258 1959 3268 -
1981 3259 2010 3270 -
2039 3232 2101 3282 At
2130 3232 2308 3283 Musae
2337 3234 2551 3282 comites.
2588 3234 2789 3282 Seneca

1748 3307 1964 3368 Thyest.
1990 3304 2121 3356 646:
2159 3307 2381 3356 Immune
2411 3311 2617 3368 oeceoen,
2652 3307 2795 3356 cuius

1748 3385 1964 3431 aeratas
2011 3379 2177 3429 trabes
2214 3379 2377 3429 Variis
2407 3381 2668 3429 columnae
2698 3392 2793 3429 no-

1750 3455 1867 3505 biles
1911 3453 2124 3504 maculis
2168 3453 2354 3515 Imm.
2447 3452 2553 3502 Cfr.
2591 3454 2793 3504 Becker

1751 3528 1925 3579 Gallus
1954 3528 1995 3577 1.
2034 3526 2120 3576 ed.
2158 3524 2246 3576 alt.
2284 3540 2337 3591 p.
2376 3525 2438 3576 33
2472 3538 2554 3589 sq.

1815 3604 1864 3653 ὅ.
1901 3613 2060 3663 neque
2089 3600 2273 3663 Attali]
2312 3601 2525 3661 «Neque
2547 3612 2704 3658 vero,
2737 3602 2795 3650 ut

1750 3674 2033 3739 aliquando
2095 3673 2159 3735 (a.
2201 3687 2254 3723 u.
2297 3686 2345 3722 c.
2389 3674 2524 3736 62⁴.)
2576 3674 2796 3725 Romani

1750 3750 1910 3801 veluti
1957 3762 2022 3799 ex
2071 3749 2342 3812 insperato
2392 3748 2624 3799 heredes
2674 3748 2795 3799 facti

1752 3827 1877 3877 sunt
1905 3821 2059 3875 Attali
2092 3824 2177 3873 111.
2220 3820 2610 3884 Philometor-is,
2656 3824 2797 3885 regis

1751 3899 2084 3962 Pergameni,
2114 3897 2337 3960 eiusque
2359 3897 2562 3960 regiam
2586 3897 2801 3948 thesau-

1751 3987 1949 4039 rosque
1983 3974 2337 4037 occuparunt,
2374 3985 2481 4035 qua
2514 3972 2796 4023 occasione

1753 4048 1917 4101 multa
1975 4049 2192 4112 impune
2255 4047 2499 4097 avertere
2553 4046 2800 4110 poterant

1752 4121 1907 4188 legati
1941 4121 2011 4172 ad
2039 4134 2161 4173 eam
2182 4133 2299 4171 rem
2323 4118 2798 4172 administrandam

1752 4197 1929 4258 missi,
1984 4197 2054 4247 ita
2106 4208 2204 4259 ego
2257 4195 2572 4260 necopinato
2623 4191 2799 4257 aliquo
