3234 4975
654 422 779 485 606

1421 424 1679 475 HORATII
1715 424 2051 477 CARMINUM

1076 577 1290 644 Nardo
1335 579 1483 644 vina
1525 578 1885 646 merebere.

910 736 1104 802 Nardi
1151 758 1390 824 parvus
1433 757 1608 826 onyx
1651 735 1864 803 eliciet
1908 738 2185 815 cadum,

908 859 1031 937 Qui
1076 879 1248 924 nunc
1292 856 1592 944 Sulpiciis
1638 858 1909 924 accubat
1952 857 2242 934 horreis»,

907 979 1071 1065 Spes
1115 977 1360 1044 donare
1405 998 1606 1043 novas
1653 977 1867 1065 largus
1922 999 2273 1067 amaraque

1080 1098 1396 1165 Curarum
1439 1097 1661 1164 eluere
1706 1097 1951 1165 efficax.

2741 1102 2824 1167 20

904 1254 1003 1321 Ad
1045 1275 1214 1342 quae
1259 1255 1314 1356 si
1359 1274 1676 1355 properas
1718 1255 1985 1342 gaudia,
2036 1278 2185 1324 cum
2229 1266 2336 1323 tua

728 1482 735 1485 ”
785 1472 865 1522 46.
900 1470 1147 1521 merebere
1177 1468 1294 1519 Bbd
1328 1472 1382 1519 et
1415 1484 1495 1534 pr.
1534 1471 1766 1531 S,LCtF:
1803 1470 2069 1520 mereberis
2091 1472 2163 1529 Τ,
2203 1484 2341 1521 corr.
2370 1473 2421 1533 S,
2447 1469 2560 1532 βνχ
2585 1511 2596 1533 ,
2635 1476 2757 1525 octo

720 1547 891 1607 Pott.,
928 1546 1059 1595 item
1090 1542 1259 1594 Bentl.
1299 1546 1353 1593 et
1386 1544 1453 1594 M.
1485 1565 1539 1579 -·
1578 1544 1658 1594 48.
1696 1544 1952 1607 suppliciis
1986 1545 2040 1595 Τ.

653 1742 858 1791 minem
919 1738 1099 1787 autem
1165 1735 1480 1801 compellat,
1551 1737 1702 1788 cuius
1777 1750 1841 1787 ac
1889 1738 2110 1791 Theocr.
2167 1740 2258 1800 ⁴5,
2325 1739 2448 1791 ⁴⁴4:
2527 1739 2714 1811 Συρίω
2761 1739 2826 1793 δὲ

654 1825 928 1865 summum
950 1811 1155 1861 decus
1141 1824 1194 1860 m
1218 1824 1282 1860 eo
1306 1811 1537 1874 positum
1566 1813 1698 1872 erat,

655 1886 800 1952 quod
840 1887 1063 1935 iuvenes
1097 1884 1463 1935 nobiles.eum
1497 1884 1701 1935 clientis

655 1961 772 2012 loco
807 1959 1103 2017 habebant;
1148 1970 1273 2008 nam
1306 1959 1522 2009 honoris
1554 1961 1700 2008 certe

654 2048 843 2094 causa,
896 2046 1003 2082 nou
1054 2032 1414 2092 iocabundus,
1469 2033 1538 2082 ita
1574 2046 1700 2083 eum

656 2108 909 2159 nominat.
958 2134 1012 2142 —
1060 2106 1329 2170 merebere]
1369 2106 1698 2167 «redime-sp

652 2183 756 2233 hoc
778 2182 962 2243 utique
985 2180 1180 2231 iocose.
1236 2180 1342 2230 Cir.
1371 2179 1556 2231 Catuli.
1586 2181 1698 2242 43.,

654 2255 749 2306 ubi
786 2252 1025 2314 Fabulle,
1079 2267 1307 2305 coenam
1341 2254 1412 2306 ad
1444 2255 1622 2319 ipsum
1656 2256 1702 2306 si

658 2328 924 2390 attulerit,
976 2330 1308 2391 unguentum
1349 2342 1408 2380 se
1451 2329 1703 2381 daturum

653 2403 950 2470 pollicetur.

720 2477 935 2529 47-20.
1003 2476 1196 2542 Nar-di]
1256 2478 1418 2530 Cuius
1467 2479 1700 2542 pretium

653 2565 915 2616 aequasse
966 2551 1081 2602 fere
1135 2552 1347 2602 videtur
1397 2553 1514 2603 cadi
1565 2552 1699 2603 illius

652 2628 914 2693 pretium,
970 2625 1111 2676 unde
1159 2628 1384 2689 augetur
1414 2626 1516 2677 loci
1550 2626 1701 2676 lesti-

652 2702 802 2751 vita8.
856 2702 1024 2751 Locos
1056 2698 1205 2750 Plinii
1240 2700 1308 2751 de
1343 2702 1491 2751 nardi
1515 2701 1699 2766 pretiis

656 2776 773 2839 (XL.
822 2774 922 2823 LX.
961 2774 1154 2824 LXXV.
1210 2774 1551 2825 denariorum
1600 2788 1699 2838 pro

652 2847 869 2912 singulis
892 2847 1054 2910 libris)
1092 2848 1205 2899 Lib.
1235 2850 1325 2909 42,
1354 2850 1434 2898 42.
1459 2851 1515 2899 L.
1539 2849 1619 2910 43,
1646 2848 1695 2898 3.

653 2921 862 2985 collegit
892 2920 1287 2985 Dillenburger,
1341 2922 1546 2973 addens
1581 2936 1701 2972 me-

652 2994 969 3047 morabilem
1023 2992 1201 3045 locum
1244 2996 1449 3045 loannis
1501 2996 1593 3056 42,
1631 2995 1696 3045 3;

646 3063 719 3119 Ἡ
763 3059 869 3119 οὖν
928 3068 1123 3139 Μαρία
1177 3065 1448 3129 λαβοῦσα
1503 3067 1700 3141 λίτραν

658 3144 861 3207 (uncias
909 3143 1036 3205 XII.)
1094 3139 1285 3212 μύρου
1335 3140 1549 3215 νάρδου
1606 3158 1700 3195 πι-

657 3214 861 3282 στικῆς
891 3214 1210 3280 πολυτίμου
1235 3245 1265 3256 -
1289 3248 1319 3258 -
1352 3220 1700 3288 τριακοσίων

646 3288 981 3378 δηναριων-
1006 3284 1207 3356 ἤλειφε
1227 3286 1366 3354 τοὺς
1389 3289 1572 3355 πόδας
1594 3291 1698 3344 τοῦ

646 3362 859 3432 Ἰησοῦ.
912 3392 967 3400 -
1021 3366 1183 3430 onyx]
1220 3368 1335 3416 Non
1370 3366 1438 3417 de
1476 3369 1697 3419 huiusce

651 3440 881 3491 nominis
904 3452 1116 3502 gemma
1152 3438 1296 3502 (Plin.
1319 3441 1382 3490 H.
1403 3443 1463 3491 N.
1484 3442 1565 3504 37,
1592 3440 1696 3504 24.)

650 3513 904 3578 loquitur,
942 3513 1040 3564 sed
1074 3514 1143 3564 de
1178 3515 1381 3565 concha
1417 3528 1483 3565 ex
1516 3514 1702 3565 alaba-

651 3589 828 3650 strite,
885 3587 952 3638 de
978 3601 1084 3651 quo
1117 3587 1245 3638 Plin.
1271 3590 1333 3639 H.
1369 3591 1430 3639 N.
1467 3589 1557 3650 36,
1603 3591 1695 3641 42;

648 3662 792 3713 Hunc
825 3662 987 3723 aliqui
1016 3663 1235 3723 lapidem
1256 3662 1586 3712 alabastriten
1605 3678 1700 3713 vo-

648 3741 797 3797 cant,
834 3748 980 3798 quem
1008 3741 1194 3785 cavant
1222 3737 1292 3785 ad
1320 3749 1450 3785 vasa
1468 3749 1700 3800 unquen-

649 3811 813 3872 taria‚
872 3810 1113 3872 quonlam
1151 3810 1330 3872 optime
1368 3823 1573 3860 servare
1615 3811 1700 3859 in-

648 3889 893 3946 corrupta
930 3885 1131 3934 dicitur.
1206 3886 1398 3935 Poetae
1449 3885 1594 3935 enim
1641 3898 1694 3933 v.

649 3972 789 4020 onyx
831 3972 928 4022 pro
970 3957 1209 4023 quolibet
1239 3971 1366 4010 vase
1400 3961 1700 4022 unguenta-

648 4033 728 4083 rio
762 4035 1111 4096 usurparunt,
1156 4034 1434 4084 materiam
1469 4048 1574 4084 non
1607 4048 1699 4084 re-

649 4105 965 4170 spicientes,
1001 4106 1146 4156 unde
1179 4109 1487 4171 Propertius
1516 4108 1577 4170 3,
1612 4108 1692 4170 40,

648 4176 731 4232 22.
770 4178 949 4231 dicere
983 4182 1185 4244 potuit:
1239 4182 1305 4233 Ει
1325 4183 1526 4233 crocino
1546 4196 1700 4233 nares

648 4254 978 4320 murrbeuss
1007 4260 1204 4320 unauat
1236 4270 1408 4320 onyx,
1456 4255 1696 4308 similiter

1773 1809 1940 1882 μύρω
1992 1809 2291 1884 χρύσει’
2342 1807 2699 1885 ἀλάβαστρα.
2764 1844 2821 1853 -

1775 1887 1947 1951 eliciet]
1986 1888 2238 1949 «efficiet,
2276 1890 2335 1937 ut
2368 1902 2434 1938 ex
2467 1889 2674 1941 horreis
2704 1889 2825 1940 Sul-

1774 1961 1924 2024 piciis
1962 1961 2069 2025 (ubi
2101 1963 2222 2012 vina
2256 1964 2596 2025 generosiora
2626 1962 2827 2014 vende-

1774 2033 1984 2098 bantur)
2030 2035 2226 2086 cadum
2260 2049 2439 2086 emam
2473 2037 2675 2101 tibique
2721 2051 2824 2102 op-

1773 2122 2023 2174 ponam.»
2080 2111 2290 2161 Etenim
2323 2111 2469 2161 domi
2503 2112 2599 2161 Od.
2641 2114 2660 2161 4
2687 2150 2698 2172 ,
2734 2113 2818 2173 20,

1776 2184 1822 2232 4.
1859 2184 1955 2233 vile
1978 2184 2253 2234 dumtaxat
2274 2185 2516 2234 Sabinum
2537 2199 2597 2236 se
2619 2185 2823 2237 habere

1775 2256 1918 2306 dicit.
1977 2285 2032 2293 —
2093 2258 2334 2322 «Sulpicii
2385 2259 2578 2310 Galbae
2629 2261 2823 2310 horrea

1775 2328 1934 2390 dicit;
1972 2330 2239 2394 hodieque
2276 2333 2438 2383 etiam
2473 2332 2666 2383 Galbae
2701 2334 2824 2383 hor-

1773 2417 1868 2454 rea
1901 2406 2022 2454 vino
2057 2408 2114 2455 et
2152 2404 2272 2456 oleo
2304 2405 2671 2471 similibusque
2707 2407 2819 2458 aliis

1774 2478 1967 2529 referta
2012 2481 2195 2530 sunt.»
2264 2483 2512 2532 Poarm.
2597 2482 2824 2545 Susptma

1773 2556 1953 2603 autem
1997 2554 2183 2604 horrea
2229 2555 2351 2619 (nou
2386 2556 2704 2621 Saedpiciana)
2756 2572 2820 2609 ex

1773 2628 2158 2678 consuetudine
2194 2630 2405 2692 Latina,
2465 2634 2528 2680 ut
2562 2633 2702 2682 acria
2733 2633 2822 2682 Li-

1770 2702 1908 2752 cinia
1958 2703 2313 2766 (auctionaria)
2367 2703 2509 2768 apud
2560 2706 2671 2755 Cic.
2717 2719 2817 2770 pro

1774 2776 2014 2835 Quinctio
2033 2776 2084 2838 3,
2113 2778 2192 2827 42.
2237 2780 2396 2840 atque
2420 2779 2472 2827 in
2494 2776 2672 2841 legum
2689 2780 2821 2829 indi-

1773 2849 1925 2899 cibus
1977 2849 2106 2914 leyes
2159 2850 2442 2913 Gemellae,
2517 2852 2689 2903 Iuliae.
2762 2856 2819 2904 In

1771 2924 2034 2987 Inscriptt.
2072 2925 2207 2974 meis
2241 2926 2351 2974 Lat.
2378 2927 2438 2975 N.
2465 2924 2613 2976 4092.
2650 2926 2820 2979 habes

1772 2996 1957 3046 horrea
1998 2997 2232 3047 Galbam
2281 2997 2489 3060 (eadem
2534 3011 2657 3049 cum
2701 3000 2819 3051 Sul-

1772 3070 1938 3135 piciis)
1958 3108 1970 3130 ,
2008 3072 2069 3120 N.
2096 3069 2243 3121 5004.
2278 3071 2464 3121 horrea
2488 3073 2820 3136 Agr-apperia-

1771 3158 1868 3206 na,
1906 3144 1983 3193 sic
2016 3145 2281 3194 nominata
2318 3143 2403 3194 vel
2427 3158 2457 3194 a
2480 3147 2664 3209 primis
2687 3161 2820 3200 cou-

1774 3217 2034 3268 ditoribus
2080 3217 2165 3268 vel
2200 3231 2230 3267 a
2263 3219 2649 3282 posterioribus
2689 3235 2819 3286 pos-

1773 3291 2102 3352 sessoribuS,
2156 3293 2246 3355 qui
2279 3292 2352 3342 ibi
2386 3306 2485 3357 per
2518 3307 2704 3346 servos
2737 3298 2820 3346 vi-

1760 3379 1901 3432 ·num
1945 3368 2000 3415 et
2042 3364 2220 3415 oleum
2253 3369 2355 3416 cet.
2410 3369 2463 3418 in
2499 3367 2673 3420 fundis
2708 3372 2817 3422 suis

1773 3441 1892 3488 nata
1928 3438 2011 3489 vel
2045 3438 2255 3489 aliunde
2290 3444 2537 3504 coempta
2570 3456 2694 3494 cum
2734 3444 2818 3495 lu·

1774 3526 1866 3563 cro
1882 3513 2203 3563 vendebant.
2233 3513 2338 3564 Cir.
2359 3515 2534 3565 Osann
2553 3518 2814 3582 Inscriptt.

1771 3601 1826 3652 p.
1852 3585 1967 3637 469.
1999 3614 2051 3622 -
2078 3588 2304 3651 accubat]
2345 3587 2692 3652 «acclinatus,
2729 3605 2815 3641 re-

1773 3661 1976 3724 positus
2026 3663 2179 3722 est»;
2248 3676 2314 3712 ex
2356 3675 2457 3712 usu
2514 3664 2657 3714 enim
2709 3666 2816 3715 iam

1772 3735 2057 3785 Homerico
2108 3735 2313 3799 (odyss.
2353 3733 2398 3796 β
2416 3772 2430 3796 ,
2482 3735 2604 3787 342ε
2654 3738 2818 3788 πίθοι

1771 3835 1803 3846 -
1825 3801 2089 3873 -Ἕξειης
2112 3809 2244 3860 ποτὶ
2267 3815 2472 3869 τοῖχον
2498 3804 2813 3882 ἀρηρότες.)

1772 3882 2156 3946 apothecarum
2219 3884 2515 3948 parielibus
2582 3884 2818 3937 acclina-

1770 3957 1904 4007 bant
1951 3957 2133 4007 cados,
2201 3958 2334 4009 Hinc
2368 3958 2465 4011 Od.
2507 3958 2567 4019 3,
2611 3960 2703 4022 28,
2746 3961 2813 4010 7.·

1771 4033 1994 4096 deripere
2041 4033 2219 4083 horreo
2255 4058 2285 4069 -
2314 4060 2344 4070 -
2382 4033 2697 4096 antiphoram.
2755 4063 2812 4071 —

1770 4120 1956 4157 amara
2004 4107 2281 4173 curav-mn]
2338 4103 2412 4158 τὰ
2466 4104 2643 4178 πικρὰ
2697 4105 2814 4159 τῶν

1768 4176 2076 4269 μεριμνῶν.
2103 4182 2186 4232 Sic
2199 4181 2444 4245 Sophocl.
2459 4183 2630 4247 Antig.
2656 4183 2808 4233 ⁴265:

1768 4250 1993 4317 ἄνολβα
2008 4253 2438 4321 βουλευμάτων.
2476 4259 2599 4309 Eur.
2612 4258 2810 4308 Phoen.
