<?xml version="1.0" encoding="UTF-8"?>
<!DOCTYPE html PUBLIC "-//W3C//DTD XHTML 1.0 Transitional//EN"
    "http://www.w3.org/TR/xhtml1/DTD/xhtml1-transitional.dtd">
<html xmlns="http://www.w3.org/1999/xhtml" xml:lang="en" lang="en">
 <head>
  <title>
</title>
<meta http-equiv="Content-Type" content="text/html;charset=utf-8" />
  <meta name='ocr-system' content='tesseract 3.04.00' />
  <meta name='ocr-capabilities' content='ocr_page ocr_carea ocr_par ocr_line ocrx_word'/>
</head>
<body>
  <div class='ocr_page' id='page_1' title='image "./qhoratiusflaccu05baitgoog_0689.png"; bbox 0 0 3234 4975; ppageno 0'>
   <div class='ocr_carea' id='block_1_1' title="bbox 1190 433 1760 483">
    <p class='ocr_par' dir='ltr' id='par_1_1' title="bbox 1190 433 1760 483">
     <span class='ocr_line' id='line_1_1' title="bbox 1190 433 1760 483; baseline 0 0"><span class='ocrx_word' id='word_1_1' title='bbox 1190 433 1393 483; x_wconf 76' lang='lat' dir='ltr'><strong>LIBER.</strong></span> <span class='ocrx_word' id='word_1_2' title='bbox 1465 433 1662 483; x_wconf 77' lang='lat' dir='ltr'><strong>CARM.</strong></span> <span class='ocrx_word' id='word_1_3' title='bbox 1701 434 1760 483; x_wconf 89' lang='lat'>11.</span> 
     </span>
    </p>
   </div>
   <div class='ocr_carea' id='block_1_2' title="bbox 2458 431 2580 495">
    <p class='ocr_par' dir='ltr' id='par_1_2' title="bbox 2458 431 2580 495">
     <span class='ocr_line' id='line_1_2' title="bbox 2458 431 2580 495; baseline -0.016 0"><span class='ocrx_word' id='word_1_4' title='bbox 2458 431 2580 495; x_wconf 79' lang='lat'>657</span> 
     </span>
    </p>
   </div>
   <div class='ocr_carea' id='block_1_3' title="bbox 746 585 2054 930">
    <p class='ocr_par' dir='ltr' id='par_1_3' title="bbox 746 585 2054 930">
     <span class='ocr_line' id='line_1_3' title="bbox 752 585 2045 675; baseline -0.002 -20"><span class='ocrx_word' id='word_1_5' title='bbox 752 589 828 655; x_wconf 90' lang='lat' dir='ltr'>Et</span> <span class='ocrx_word' id='word_1_6' title='bbox 871 588 1074 654; x_wconf 90' lang='lat' dir='ltr'>horna</span> <span class='ocrx_word' id='word_1_7' title='bbox 1116 586 1286 655; x_wconf 88' lang='lat' dir='ltr'>dulci</span> <span class='ocrx_word' id='word_1_8' title='bbox 1333 588 1480 654; x_wconf 88' lang='lat' dir='ltr'>vina</span> <span class='ocrx_word' id='word_1_9' title='bbox 1523 607 1829 675; x_wconf 89' lang='lat' dir='ltr'>promens</span> <span class='ocrx_word' id='word_1_10' title='bbox 1873 585 2045 653; x_wconf 86' lang='lat' dir='ltr'>dolio</span> 
     </span>
     <span class='ocr_line' id='line_1_4' title="bbox 830 710 1756 797; baseline -0.003 -21"><span class='ocrx_word' id='word_1_11' title='bbox 830 712 1047 797; x_wconf 86' lang='lat' dir='ltr'>Dapes</span> <span class='ocrx_word' id='word_1_12' title='bbox 1091 710 1405 796; x_wconf 86' lang='lat' dir='ltr'>inemptas</span> <span class='ocrx_word' id='word_1_13' title='bbox 1449 719 1756 797; x_wconf 89' lang='lat' dir='ltr'>apparet:</span> 
     </span>
     <span class='ocr_line' id='line_1_5' title="bbox 746 828 2054 930; baseline -0.002 -33"><span class='ocrx_word' id='word_1_14' title='bbox 746 833 886 897; x_wconf 91' lang='lat' dir='ltr'>Non</span> <span class='ocrx_word' id='word_1_15' title='bbox 927 852 1033 897; x_wconf 89' lang='lat' dir='ltr'>me</span> <span class='ocrx_word' id='word_1_16' title='bbox 1078 830 1352 930; x_wconf 85' lang='lat' dir='ltr'>Lucrina</span> <span class='ocrx_word' id='word_1_17' title='bbox 1394 829 1675 897; x_wconf 84' lang='lat' dir='ltr'>iuverint</span> <span class='ocrx_word' id='word_1_18' title='bbox 1715 828 2054 917; x_wconf 83' lang='lat' dir='ltr'>conchylia</span> 
     </span>
    </p>
   </div>
   <div class='ocr_carea' id='block_1_4' title="bbox 834 950 1861 1037">
    <p class='ocr_par' dir='ltr' id='par_1_4' title="bbox 834 950 1861 1037">
     <span class='ocr_line' id='line_1_6' title="bbox 834 950 1861 1037; baseline 0 -22"><span class='ocrx_word' id='word_1_19' title='bbox 834 950 1118 1037; x_wconf 78' lang='lat' dir='ltr'>Magisve</span> <span class='ocrx_word' id='word_1_20' title='bbox 1158 950 1469 1017; x_wconf 86' lang='lat' dir='ltr'>rhombus</span> <span class='ocrx_word' id='word_1_21' title='bbox 1513 961 1624 1017; x_wconf 92' lang='lat' dir='ltr'>aut</span> <span class='ocrx_word' id='word_1_22' title='bbox 1666 950 1861 1026; x_wconf 89' lang='lat' dir='ltr'>scari,</span> 
     </span>
    </p>
   </div>
   <div class='ocr_carea' id='block_1_5' title="bbox 2496 951 2579 1014">
    <p class='ocr_par' dir='ltr' id='par_1_5' title="bbox 2496 951 2579 1014">
     <span class='ocr_line' id='line_1_7' title="bbox 2496 951 2579 1014; baseline 0 0"><span class='ocrx_word' id='word_1_23' title='bbox 2496 951 2579 1014; x_wconf 83' lang='lat'>50</span> 
     </span>
    </p>
   </div>
   <div class='ocr_carea' id='block_1_6' title="bbox 747 1069 2305 1522">
    <p class='ocr_par' dir='ltr' id='par_1_6' title="bbox 747 1069 1897 1271">
     <span class='ocr_line' id='line_1_8' title="bbox 747 1069 1897 1159; baseline -0.001 -21"><span class='ocrx_word' id='word_1_24' title='bbox 747 1070 814 1138; x_wconf 90' lang='lat' dir='ltr'>Si</span> <span class='ocrx_word' id='word_1_25' title='bbox 860 1087 1029 1159; x_wconf 88' lang='lat' dir='ltr'>quos</span> <span class='ocrx_word' id='word_1_26' title='bbox 1077 1070 1227 1137; x_wconf 89' lang='lat' dir='ltr'>Eois</span> <span class='ocrx_word' id='word_1_27' title='bbox 1269 1071 1553 1138; x_wconf 89' lang='lat' dir='ltr'>intonata</span> <span class='ocrx_word' id='word_1_28' title='bbox 1595 1069 1897 1138; x_wconf 86' lang='lat' dir='ltr'>fluctibus</span> 
     </span>
     <span class='ocr_line' id='line_1_9' title="bbox 836 1190 1859 1271; baseline 0.001 -14"><span class='ocrx_word' id='word_1_29' title='bbox 836 1191 1059 1258; x_wconf 80' lang='lat' dir='ltr'><strong>Hiems</strong></span> <span class='ocrx_word' id='word_1_30' title='bbox 1102 1191 1186 1258; x_wconf 90' lang='lat' dir='ltr'>ad</span> <span class='ocrx_word' id='word_1_31' title='bbox 1231 1190 1356 1258; x_wconf 90' lang='lat' dir='ltr'>hoc</span> <span class='ocrx_word' id='word_1_32' title='bbox 1396 1201 1604 1259; x_wconf 85' lang='lat' dir='ltr'>vertat</span> <span class='ocrx_word' id='word_1_33' title='bbox 1646 1212 1859 1271; x_wconf 83' lang='lat' dir='ltr'>mare3</span> 
     </span>
    </p>

    <p class='ocr_par' dir='ltr' id='par_1_7' title="bbox 750 1312 2305 1522">
     <span class='ocr_line' id='line_1_10' title="bbox 750 1312 2305 1390; baseline 0.001 -11"><span class='ocrx_word' id='word_1_34' title='bbox 750 1315 890 1379; x_wconf 91' lang='lat' dir='ltr'>Non</span> <span class='ocrx_word' id='word_1_35' title='bbox 919 1312 1068 1378; x_wconf 83' lang='lat' dir='ltr'>Afra</span> <span class='ocrx_word' id='word_1_36' title='bbox 1094 1314 1233 1380; x_wconf 88' lang='lat' dir='ltr'>avis</span> <span class='ocrx_word' id='word_1_37' title='bbox 1264 1312 1620 1380; x_wconf 81' lang='lat' dir='ltr'>descendat</span> <span class='ocrx_word' id='word_1_38' title='bbox 1647 1313 1712 1377; x_wconf 93' lang='lat' dir='ltr'>in</span> <span class='ocrx_word' id='word_1_39' title='bbox 1738 1321 2029 1379; x_wconf 87' lang='lat' dir='ltr'>ventrem</span> <span class='ocrx_word' id='word_1_40' title='bbox 2059 1333 2305 1390; x_wconf 89' lang='lat' dir='ltr'>meum,</span> 
     </span>
     <span class='ocr_line' id='line_1_11' title="bbox 836 1434 1576 1522; baseline 0.001 -23"><span class='ocrx_word' id='word_1_41' title='bbox 836 1436 975 1500; x_wconf 92' lang='lat' dir='ltr'>Non</span> <span class='ocrx_word' id='word_1_42' title='bbox 1021 1445 1275 1522; x_wconf 79' lang='lat' dir='ltr'><strong>attagen</strong></span> <span class='ocrx_word' id='word_1_43' title='bbox 1320 1434 1576 1501; x_wconf 88' lang='lat' dir='ltr'>lonicus</span> 
     </span>
    </p>
   </div>
   <div class='ocr_carea' id='block_1_7' title="bbox 751 1554 2194 1643">
    <p class='ocr_par' dir='ltr' id='par_1_8' title="bbox 751 1554 2194 1643">
     <span class='ocr_line' id='line_1_12' title="bbox 751 1554 2194 1643; baseline 0.001 -24"><span class='ocrx_word' id='word_1_44' title='bbox 751 1555 1130 1634; x_wconf 87' lang='lat' dir='ltr'>Iucundior,</span> <span class='ocrx_word' id='word_1_45' title='bbox 1177 1576 1373 1643; x_wconf 86' lang='lat' dir='ltr'>quam</span> <span class='ocrx_word' id='word_1_46' title='bbox 1417 1556 1582 1623; x_wconf 88' lang='lat' dir='ltr'>lecta</span> <span class='ocrx_word' id='word_1_47' title='bbox 1627 1554 1711 1623; x_wconf 89' lang='lat' dir='ltr'>de</span> <span class='ocrx_word' id='word_1_48' title='bbox 1754 1554 2194 1642; x_wconf 78' lang='lat' dir='ltr'>pinguissimis</span> 
     </span>
    </p>
   </div>
   <div class='ocr_carea' id='block_1_8' title="bbox 2499 1556 2581 1618">
    <p class='ocr_par' dir='ltr' id='par_1_9' title="bbox 2499 1556 2581 1618">
     <span class='ocr_line' id='line_1_13' title="bbox 2499 1556 2581 1618; baseline 0.012 -1"><span class='ocrx_word' id='word_1_49' title='bbox 2499 1556 2581 1618; x_wconf 74' lang='lat'>55</span> 
     </span>
    </p>
   </div>
   <div class='ocr_carea' id='block_1_9' title="bbox 838 1676 1617 1744">
    <p class='ocr_par' dir='ltr' id='par_1_10' title="bbox 838 1676 1617 1744">
     <span class='ocr_line' id='line_1_14' title="bbox 838 1676 1617 1744; baseline -0.001 -1"><span class='ocrx_word' id='word_1_50' title='bbox 838 1676 1027 1744; x_wconf 85' lang='lat' dir='ltr'>Oliva</span> <span class='ocrx_word' id='word_1_51' title='bbox 1069 1678 1266 1743; x_wconf 87' lang='lat' dir='ltr'>ramis</span> <span class='ocrx_word' id='word_1_52' title='bbox 1310 1676 1617 1743; x_wconf 88' lang='lat' dir='ltr'>arborum</span> 
     </span>
    </p>
   </div>
   <div class='ocr_carea' id='block_1_10' title="bbox 545 1847 1742 1899">
    <p class='ocr_par' dir='ltr' id='par_1_11' title="bbox 545 1847 1742 1899">
     <span class='ocr_line' id='line_1_15' title="bbox 545 1847 1742 1899; baseline -0.002 -1"><span class='ocrx_word' id='word_1_53' title='bbox 545 1849 626 1898; x_wconf 84' lang='grc'><strong>52.</strong></span> <span class='ocrx_word' id='word_1_54' title='bbox 662 1852 836 1899; x_wconf 71' lang='lat' dir='ltr'>verrat</span> <span class='ocrx_word' id='word_1_55' title='bbox 868 1851 928 1899; x_wconf 87' lang='lat' dir='ltr'>N.</span> <span class='ocrx_word' id='word_1_56' title='bbox 967 1849 1229 1899; x_wconf 84' lang='lat' dir='ltr'>Heinsius.</span> <span class='ocrx_word' id='word_1_57' title='bbox 1272 1875 1324 1886; x_wconf 93' lang='lat'>-</span> <span class='ocrx_word' id='word_1_58' title='bbox 1367 1847 1449 1898; x_wconf 77' lang='grc'>54.</span> <span class='ocrx_word' id='word_1_59' title='bbox 1485 1848 1657 1897; x_wconf 70' lang='lat' dir='ltr'>Ionius</span> <span class='ocrx_word' id='word_1_60' title='bbox 1688 1848 1742 1899; x_wconf 79' lang='lat' dir='ltr'>F.</span> 
     </span>
    </p>
   </div>
   <div class='ocr_carea' id='block_1_11' title="bbox 413 1987 2578 2050">
    <p class='ocr_par' dir='ltr' id='par_1_12' title="bbox 413 1987 2578 2050">
     <span class='ocr_line' id='line_1_16' title="bbox 413 1987 2578 2050; baseline 0.001 -14"><span class='ocrx_word' id='word_1_61' title='bbox 413 1988 513 2037; x_wconf 75' lang='lat' dir='ltr'>tias</span> <span class='ocrx_word' id='word_1_62' title='bbox 545 1987 725 2038; x_wconf 68' lang='lat' dir='ltr'>bellnam</span> <span class='ocrx_word' id='word_1_63' title='bbox 757 1988 1042 2038; x_wconf 75' lang='lat' dir='ltr'>intestinam</span> <span class='ocrx_word' id='word_1_64' title='bbox 1063 1987 1127 2036; x_wconf 87' lang='lat' dir='ltr'>ab</span> <span class='ocrx_word' id='word_1_65' title='bbox 1157 2000 1323 2038; x_wconf 67' lang='lat' dir='ltr'>wore</span> <span class='ocrx_word' id='word_1_66' title='bbox 1342 2001 1458 2038; x_wconf 76' lang='lat' dir='ltr'>con-</span> <span class='ocrx_word' id='word_1_67' title='bbox 1525 1999 1687 2050; x_wconf 78' lang='lat' dir='ltr'>prope</span> <span class='ocrx_word' id='word_1_68' title='bbox 1741 1987 1861 2037; x_wconf 76' lang='lat' dir='ltr'>Iovi’</span> <span class='ocrx_word' id='word_1_69' title='bbox 1910 1988 2146 2050; x_wconf 63' lang='lat' dir='ltr'>napi-erni.</span> <span class='ocrx_word' id='word_1_70' title='bbox 2216 1989 2427 2038; x_wconf 85' lang='lat' dir='ltr'>Petron.</span> <span class='ocrx_word' id='word_1_71' title='bbox 2482 1989 2578 2039; x_wconf 85' lang='lat'>93:</span> 
     </span>
    </p>
   </div>
   <div class='ocr_carea' id='block_1_12' title="bbox 395 2068 1460 4196">
    <p class='ocr_par' dir='ltr' id='par_1_13' title="bbox 411 2068 1001 2124">
     <span class='ocr_line' id='line_1_17' title="bbox 411 2068 1001 2124; baseline 0.002 -13"><span class='ocrx_word' id='word_1_72' title='bbox 411 2068 496 2111; x_wconf 85' lang='lat' dir='ltr'>tra</span> <span class='ocrx_word' id='word_1_73' title='bbox 525 2074 605 2110; x_wconf 85' lang='lat' dir='ltr'>mc</span> <span class='ocrx_word' id='word_1_74' title='bbox 635 2068 1001 2124; x_wconf 63' lang='lat' dir='ltr'>comparationi.</span> 
     </span>
    </p>

    <p class='ocr_par' dir='ltr' id='par_1_14' title="bbox 395 2134 1460 3605">
     <span class='ocr_line' id='line_1_18' title="bbox 475 2134 1456 2201; baseline -0.001 -15"><span class='ocrx_word' id='word_1_75' title='bbox 475 2134 675 2186; x_wconf 80' lang='grc'><strong>45-48.</strong></span> <span class='ocrx_word' id='word_1_76' title='bbox 724 2135 971 2200; x_wconf 71' lang='lat' dir='ltr'>cratibus]</span> <span class='ocrx_word' id='word_1_77' title='bbox 1017 2139 1254 2201; x_wconf 79' lang='grc' dir='ltr'><em>σηκοῖς,</em></span> <span class='ocrx_word' id='word_1_78' title='bbox 1309 2148 1338 2185; x_wconf 89' lang='lat' dir='ltr'>e</span> <span class='ocrx_word' id='word_1_79' title='bbox 1373 2137 1456 2185; x_wconf 81' lang='lat' dir='ltr'>vi-</span> 
     </span>
     <span class='ocr_line' id='line_1_19' title="bbox 409 2208 1460 2272; baseline -0.002 -12"><span class='ocrx_word' id='word_1_80' title='bbox 409 2208 644 2260; x_wconf 86' lang='lat' dir='ltr'>minibus</span> <span class='ocrx_word' id='word_1_81' title='bbox 692 2210 875 2268; x_wconf 82' lang='lat' dir='ltr'>nexis;</span> <span class='ocrx_word' id='word_1_82' title='bbox 925 2208 1101 2258; x_wconf 79' lang='lat' dir='ltr'>caulas</span> <span class='ocrx_word' id='word_1_83' title='bbox 1151 2222 1368 2272; x_wconf 88' lang='lat' dir='ltr'>quoque</span> <span class='ocrx_word' id='word_1_84' title='bbox 1403 2210 1460 2259; x_wconf 86' lang='lat' dir='ltr'>et</span> 
     </span>
     <span class='ocr_line' id='line_1_20' title="bbox 408 2280 1453 2346; baseline -0.003 -14"><span class='ocrx_word' id='word_1_85' title='bbox 408 2287 585 2345; x_wconf 79' lang='lat' dir='ltr'>saepta</span> <span class='ocrx_word' id='word_1_86' title='bbox 624 2282 906 2332; x_wconf 85' lang='lat' dir='ltr'>vocabant.</span> <span class='ocrx_word' id='word_1_87' title='bbox 958 2280 1111 2346; x_wconf 77' lang='lat' dir='ltr'>Apul.</span> <span class='ocrx_word' id='word_1_88' title='bbox 1148 2283 1270 2333; x_wconf 75' lang='lat' dir='ltr'>Met.</span> <span class='ocrx_word' id='word_1_89' title='bbox 1297 2280 1358 2343; x_wconf 88' lang='grc'>4,</span> <span class='ocrx_word' id='word_1_90' title='bbox 1396 2282 1453 2331; x_wconf 89' lang='lat'>6:</span> 
     </span>
     <span class='ocr_line' id='line_1_21' title="bbox 410 2355 1459 2420; baseline -0.001 -14"><span class='ocrx_word' id='word_1_91' title='bbox 410 2357 632 2420; x_wconf 62' lang='lat' dir='ltr'>Insurgit</span> <span class='ocrx_word' id='word_1_92' title='bbox 680 2382 709 2392; x_wconf 94' lang='lat'>-</span> <span class='ocrx_word' id='word_1_93' title='bbox 756 2382 787 2393; x_wconf 91' lang='lat'>-</span> <span class='ocrx_word' id='word_1_94' title='bbox 836 2356 994 2405; x_wconf 76' lang='lat' dir='ltr'>turn&#39;s</span> <span class='ocrx_word' id='word_1_95' title='bbox 1042 2357 1210 2405; x_wconf 76' lang='lat' dir='ltr'>ardua</span> <span class='ocrx_word' id='word_1_96' title='bbox 1225 2394 1244 2418; x_wconf 91' lang='lat'><em>,</em></span> <span class='ocrx_word' id='word_1_97' title='bbox 1279 2355 1459 2405; x_wconf 62' lang='lat' dir='ltr'>candae</span> 
     </span>
     <span class='ocr_line' id='line_1_22' title="bbox 404 2429 1459 2497; baseline -0.003 -15"><span class='ocrx_word' id='word_1_98' title='bbox 404 2433 561 2497; x_wconf 71' lang='lat' dir='ltr'>firma</span> <span class='ocrx_word' id='word_1_99' title='bbox 605 2431 774 2481; x_wconf 75' lang='lat' dir='ltr'>solidis</span> <span class='ocrx_word' id='word_1_100' title='bbox 820 2430 1065 2493; x_wconf 73' lang='lat' dir='ltr'>cratibus,</span> <span class='ocrx_word' id='word_1_101' title='bbox 1119 2431 1237 2480; x_wconf 77' lang='lat' dir='ltr'>ovili</span> <span class='ocrx_word' id='word_1_102' title='bbox 1286 2429 1459 2480; x_wconf 77' lang='lat' dir='ltr'>stabu-</span> 
     </span>
     <span class='ocr_line' id='line_1_23' title="bbox 410 2505 1459 2569; baseline -0.001 -14"><span class='ocrx_word' id='word_1_103' title='bbox 410 2507 598 2557; x_wconf 75' lang='lat' dir='ltr'>latione</span> <span class='ocrx_word' id='word_1_104' title='bbox 617 2506 894 2557; x_wconf 78' lang='lat' dir='ltr'>commoda.</span> <span class='ocrx_word' id='word_1_105' title='bbox 927 2532 983 2542; x_wconf 93' lang='lat'><em>-</em></span> <span class='ocrx_word' id='word_1_106' title='bbox 1019 2505 1265 2569; x_wconf 76' lang='lat' dir='ltr'>Distento]</span> <span class='ocrx_word' id='word_1_107' title='bbox 1302 2506 1459 2555; x_wconf 70' lang='lat' dir='ltr'>«Una</span> 
     </span>
     <span class='ocr_line' id='line_1_24' title="bbox 408 2580 1458 2643; baseline -0.002 -12"><span class='ocrx_word' id='word_1_108' title='bbox 408 2581 622 2631; x_wconf 80' lang='lat' dir='ltr'>molkt</span> <span class='ocrx_word' id='word_1_109' title='bbox 685 2581 796 2631; x_wconf 77' lang='lat' dir='ltr'>die</span> <span class='ocrx_word' id='word_1_110' title='bbox 854 2580 1175 2643; x_wconf 74' lang='lat' dir='ltr'>strasfcn</span> <span class='ocrx_word' id='word_1_111' title='bbox 1238 2581 1458 2630; x_wconf 78' lang='lat' dir='ltr'>Eutor</span> 
     </span>
     <span class='ocr_line' id='line_1_25' title="bbox 407 2653 1454 2717; baseline -0.001 -13"><span class='ocrx_word' id='word_1_112' title='bbox 407 2655 607 2705; x_wconf 72' lang='lat' dir='ltr'>laer.»</span> <span class='ocrx_word' id='word_1_113' title='bbox 664 2656 801 2706; x_wconf 82' lang='lat' dir='ltr'>Voss</span> <span class='ocrx_word' id='word_1_114' title='bbox 846 2656 901 2705; x_wconf 88' lang='lat' dir='ltr'>et</span> <span class='ocrx_word' id='word_1_115' title='bbox 945 2656 1133 2704; x_wconf 86' lang='lat' dir='ltr'>Garve.</span> <span class='ocrx_word' id='word_1_116' title='bbox 1185 2681 1240 2690; x_wconf 90' lang='lat'><em>-</em></span> <span class='ocrx_word' id='word_1_117' title='bbox 1275 2653 1454 2717; x_wconf 77' lang='lat' dir='ltr'>homa]</span> 
     </span>
     <span class='ocr_line' id='line_1_26' title="bbox 409 2726 1456 2792; baseline 0.002 -17"><span class='ocrx_word' id='word_1_118' title='bbox 409 2747 435 2774; x_wconf 73' lang='grc' dir='ltr'>ιι</span> <span class='ocrx_word' id='word_1_119' title='bbox 455 2728 535 2779; x_wconf 78' lang='lat' dir='ltr'>Ad</span> <span class='ocrx_word' id='word_1_120' title='bbox 585 2730 725 2780; x_wconf 85' lang='lat' dir='ltr'>vitae</span> <span class='ocrx_word' id='word_1_121' title='bbox 775 2730 1008 2781; x_wconf 82' lang='lat' dir='ltr'>rusticae</span> <span class='ocrx_word' id='word_1_122' title='bbox 1064 2726 1456 2792; x_wconf 87' lang='lat' dir='ltr'>simplicitatem</span> 
     </span>
     <span class='ocr_line' id='line_1_27' title="bbox 407 2800 1458 2867; baseline -0.003 -14"><span class='ocrx_word' id='word_1_123' title='bbox 407 2804 640 2867; x_wconf 82' lang='lat' dir='ltr'>pertinet</span> <span class='ocrx_word' id='word_1_124' title='bbox 681 2804 1024 2854; x_wconf 86' lang='lat' dir='ltr'>hornotinum</span> <span class='ocrx_word' id='word_1_125' title='bbox 1069 2803 1255 2852; x_wconf 83' lang='lat' dir='ltr'>vinum</span> <span class='ocrx_word' id='word_1_126' title='bbox 1300 2800 1458 2851; x_wconf 87' lang='lat' dir='ltr'>bibe-</span> 
     </span>
     <span class='ocr_line' id='line_1_28' title="bbox 408 2874 1458 2939; baseline -0.001 -13"><span class='ocrx_word' id='word_1_127' title='bbox 408 2890 520 2927; x_wconf 78' lang='lat' dir='ltr'>re.»</span> <span class='ocrx_word' id='word_1_128' title='bbox 576 2878 759 2927; x_wconf 79' lang='lat' dir='ltr'>Scuoi..</span> <span class='ocrx_word' id='word_1_129' title='bbox 811 2903 867 2914; x_wconf 95' lang='lat'><strong>—</strong></span> <span class='ocrx_word' id='word_1_130' title='bbox 908 2876 1066 2939; x_wconf 76' lang='lat' dir='ltr'>dolio]</span> <span class='ocrx_word' id='word_1_131' title='bbox 1119 2877 1303 2926; x_wconf 79' lang='lat' dir='ltr'>vinum</span> <span class='ocrx_word' id='word_1_132' title='bbox 1356 2874 1458 2925; x_wconf 89' lang='lat' dir='ltr'>do-</span> 
     </span>
     <span class='ocr_line' id='line_1_29' title="bbox 408 2948 1452 3002; baseline 0 -1"><span class='ocrx_word' id='word_1_133' title='bbox 408 2949 539 3002; x_wconf 85' lang='lat' dir='ltr'>liare</span> <span class='ocrx_word' id='word_1_134' title='bbox 590 2951 828 3002; x_wconf 90' lang='lat' dir='ltr'>nondum</span> <span class='ocrx_word' id='word_1_135' title='bbox 876 2951 930 3000; x_wconf 90' lang='lat' dir='ltr'>in</span> <span class='ocrx_word' id='word_1_136' title='bbox 981 2948 1143 3000; x_wconf 86' lang='lat' dir='ltr'>cados</span> <span class='ocrx_word' id='word_1_137' title='bbox 1181 2949 1452 3001; x_wconf 81' lang='lat' dir='ltr'>diffusum.</span> 
     </span>
     <span class='ocr_line' id='line_1_30' title="bbox 409 3024 1452 3086; baseline -0.003 -10"><span class='ocrx_word' id='word_1_138' title='bbox 409 3024 663 3077; x_wconf 86' lang='lat' dir='ltr'>Proculus</span> <span class='ocrx_word' id='word_1_139' title='bbox 709 3028 861 3077; x_wconf 86' lang='lat' dir='ltr'>lCtus</span> <span class='ocrx_word' id='word_1_140' title='bbox 909 3025 968 3086; x_wconf 87' lang='grc'>4,</span> <span class='ocrx_word' id='word_1_141' title='bbox 1017 3026 1099 3075; x_wconf 78' lang='grc'>45.</span> <span class='ocrx_word' id='word_1_142' title='bbox 1137 3024 1205 3074; x_wconf 89' lang='lat' dir='ltr'>de</span> <span class='ocrx_word' id='word_1_143' title='bbox 1255 3025 1452 3085; x_wconf 79' lang='lat' dir='ltr'>trition,</span> 
     </span>
     <span class='ocr_line' id='line_1_31' title="bbox 409 3098 1458 3163; baseline -0.003 -13"><span class='ocrx_word' id='word_1_144' title='bbox 409 3101 533 3151; x_wconf 82' lang='lat' dir='ltr'>vino</span> <span class='ocrx_word' id='word_1_145' title='bbox 570 3103 623 3149; x_wconf 90' lang='lat' dir='ltr'>et</span> <span class='ocrx_word' id='word_1_146' title='bbox 656 3098 775 3150; x_wconf 84' lang='lat' dir='ltr'>oleo</span> <span class='ocrx_word' id='word_1_147' title='bbox 809 3098 943 3163; x_wconf 82' lang='lat' dir='ltr'>leg.:</span> <span class='ocrx_word' id='word_1_148' title='bbox 978 3099 1038 3148; x_wconf 81' lang='lat' dir='ltr'>In</span> <span class='ocrx_word' id='word_1_149' title='bbox 1069 3099 1207 3148; x_wconf 79' lang='lat' dir='ltr'>dolia</span> <span class='ocrx_word' id='word_1_150' title='bbox 1238 3099 1364 3148; x_wconf 76' lang='lat' dir='ltr'>vina</span> <span class='ocrx_word' id='word_1_151' title='bbox 1395 3111 1458 3148; x_wconf 80' lang='lat' dir='ltr'>ea</span> 
     </span>
     <span class='ocr_line' id='line_1_32' title="bbox 404 3174 1458 3235; baseline -0.002 -11"><span class='ocrx_word' id='word_1_152' title='bbox 404 3178 567 3224; x_wconf 79' lang='lat' dir='ltr'>mento</span> <span class='ocrx_word' id='word_1_153' title='bbox 597 3174 911 3234; x_wconf 57' lang='lat' dir='ltr'>conficimus,</span> <span class='ocrx_word' id='word_1_154' title='bbox 964 3177 1021 3222; x_wconf 78' lang='lat' dir='ltr'>ut</span> <span class='ocrx_word' id='word_1_155' title='bbox 1060 3186 1128 3223; x_wconf 75' lang='lat' dir='ltr'>ex</span> <span class='ocrx_word' id='word_1_156' title='bbox 1165 3174 1241 3222; x_wconf 76' lang='lat' dir='ltr'>his</span> <span class='ocrx_word' id='word_1_157' title='bbox 1281 3177 1458 3235; x_wconf 74' lang='lat' dir='ltr'>postea</span> 
     </span>
     <span class='ocr_line' id='line_1_33' title="bbox 415 3247 1459 3311; baseline 0.001 -15"><span class='ocrx_word' id='word_1_158' title='bbox 415 3247 556 3309; x_wconf 88' lang='lat' dir='ltr'>(cum</span> <span class='ocrx_word' id='word_1_159' title='bbox 587 3247 862 3298; x_wconf 79' lang='lat' dir='ltr'>defaecata</span> <span class='ocrx_word' id='word_1_160' title='bbox 884 3247 1003 3311; x_wconf 82' lang='lat' dir='ltr'>sint)</span> <span class='ocrx_word' id='word_1_161' title='bbox 1036 3250 1092 3297; x_wconf 75' lang='lat' dir='ltr'>in</span> <span class='ocrx_word' id='word_1_162' title='bbox 1113 3248 1384 3310; x_wconf 75' lang='lat' dir='ltr'>amphoras</span> <span class='ocrx_word' id='word_1_163' title='bbox 1411 3251 1459 3297; x_wconf 77' lang='lat' dir='ltr'>ct</span> 
     </span>
     <span class='ocr_line' id='line_1_34' title="bbox 407 3322 1457 3388; baseline 0.002 -18"><span class='ocrx_word' id='word_1_164' title='bbox 407 3322 560 3370; x_wconf 78' lang='lat' dir='ltr'>cados</span> <span class='ocrx_word' id='word_1_165' title='bbox 604 3322 948 3384; x_wconf 72' lang='lat' dir='ltr'>defundamus.</span> <span class='ocrx_word' id='word_1_166' title='bbox 991 3348 1045 3358; x_wconf 94' lang='lat'>—</span> <span class='ocrx_word' id='word_1_167' title='bbox 1087 3322 1345 3388; x_wconf 75' lang='lat' dir='ltr'>inemptas]</span> <span class='ocrx_word' id='word_1_168' title='bbox 1397 3323 1457 3372; x_wconf 88' lang='lat' dir='ltr'>ut</span> 
     </span>
     <span class='ocr_line' id='line_1_35' title="bbox 406 3393 1450 3457; baseline 0 -13"><span class='ocrx_word' id='word_1_169' title='bbox 406 3407 573 3444; x_wconf 85' lang='lat' dir='ltr'>senex</span> <span class='ocrx_word' id='word_1_170' title='bbox 623 3393 708 3444; x_wconf 91' lang='lat' dir='ltr'>ille</span> <span class='ocrx_word' id='word_1_171' title='bbox 742 3393 1055 3457; x_wconf 78' lang='lat' dir='ltr'>virgilianus</span> <span class='ocrx_word' id='word_1_172' title='bbox 1086 3397 1177 3446; x_wconf 91' lang='lat' dir='ltr'>Ge.</span> <span class='ocrx_word' id='word_1_173' title='bbox 1228 3394 1284 3457; x_wconf 87' lang='grc'>4,</span> <span class='ocrx_word' id='word_1_174' title='bbox 1324 3395 1450 3446; x_wconf 72' lang='grc' dir='ltr'><strong>432ι</strong></span> 
     </span>
     <span class='ocr_line' id='line_1_36' title="bbox 406 3469 1456 3529; baseline 0.003 -12"><span class='ocrx_word' id='word_1_175' title='bbox 406 3480 619 3529; x_wconf 75' lang='lat' dir='ltr'>seraque</span> <span class='ocrx_word' id='word_1_176' title='bbox 657 3473 908 3518; x_wconf 77' lang='lat' dir='ltr'>revertens</span> <span class='ocrx_word' id='word_1_177' title='bbox 938 3469 1092 3518; x_wconf 75' lang='lat' dir='ltr'>Nocte</span> <span class='ocrx_word' id='word_1_178' title='bbox 1124 3471 1325 3519; x_wconf 74' lang='lat' dir='ltr'>domum</span> <span class='ocrx_word' id='word_1_179' title='bbox 1358 3472 1456 3520; x_wconf 79' lang='lat' dir='ltr'>da-</span> 
     </span>
     <span class='ocr_line' id='line_1_37' title="bbox 395 3541 1321 3605; baseline 0.001 -13"><span class='ocrx_word' id='word_1_180' title='bbox 395 3542 548 3605; x_wconf 70' lang='lat' dir='ltr'>ptbus</span> <span class='ocrx_word' id='word_1_181' title='bbox 578 3555 774 3592; x_wconf 66' lang='lat' dir='ltr'>mensas</span> <span class='ocrx_word' id='word_1_182' title='bbox 805 3541 1047 3592; x_wconf 79' lang='lat' dir='ltr'>onerabat</span> <span class='ocrx_word' id='word_1_183' title='bbox 1078 3544 1321 3605; x_wconf 74' lang='lat' dir='ltr'>inemptis.</span> 
     </span>
    </p>

    <p class='ocr_par' dir='ltr' id='par_1_15' title="bbox 399 3614 1458 4196">
     <span class='ocr_line' id='line_1_38' title="bbox 469 3614 1456 3680; baseline 0 -14"><span class='ocrx_word' id='word_1_184' title='bbox 469 3614 533 3666; x_wconf 88' lang='grc'><strong>49</strong></span> <span class='ocrx_word' id='word_1_185' title='bbox 558 3641 590 3652; x_wconf 92' lang='grc'><strong>-</strong></span> <span class='ocrx_word' id='word_1_186' title='bbox 618 3616 701 3666; x_wconf 82' lang='grc'><strong>52.</strong></span> <span class='ocrx_word' id='word_1_187' title='bbox 754 3615 1004 3679; x_wconf 73' lang='lat' dir='ltr'>Lucrina]</span> <span class='ocrx_word' id='word_1_188' title='bbox 1059 3617 1243 3680; x_wconf 90' lang='lat' dir='ltr'>optimi</span> <span class='ocrx_word' id='word_1_189' title='bbox 1294 3629 1456 3680; x_wconf 90' lang='lat' dir='ltr'>sapo-</span> 
     </span>
     <span class='ocr_line' id='line_1_39' title="bbox 404 3688 1454 3752; baseline 0 -13"><span class='ocrx_word' id='word_1_190' title='bbox 404 3690 479 3740; x_wconf 87' lang='lat' dir='ltr'>ris</span> <span class='ocrx_word' id='word_1_191' title='bbox 506 3688 651 3752; x_wconf 90' lang='lat' dir='ltr'>(Plin.</span> <span class='ocrx_word' id='word_1_192' title='bbox 680 3689 742 3740; x_wconf 85' lang='lat' dir='ltr'>H.</span> <span class='ocrx_word' id='word_1_193' title='bbox 767 3691 828 3740; x_wconf 84' lang='lat' dir='ltr'>N.</span> <span class='ocrx_word' id='word_1_194' title='bbox 855 3689 912 3749; x_wconf 84' lang='lat'>9,</span> <span class='ocrx_word' id='word_1_195' title='bbox 938 3688 1040 3751; x_wconf 76' lang='lat'><strong>54.)</strong></span> <span class='ocrx_word' id='word_1_196' title='bbox 1082 3691 1259 3738; x_wconf 88' lang='lat' dir='ltr'>ostrea</span> <span class='ocrx_word' id='word_1_197' title='bbox 1283 3702 1313 3738; x_wconf 89' lang='lat' dir='ltr'>e</span> <span class='ocrx_word' id='word_1_198' title='bbox 1337 3688 1454 3740; x_wconf 88' lang='lat' dir='ltr'>lacu</span> 
     </span>
     <span class='ocr_line' id='line_1_40' title="bbox 403 3763 1458 3827; baseline -0.002 -13"><span class='ocrx_word' id='word_1_199' title='bbox 403 3764 631 3814; x_wconf 88' lang='lat' dir='ltr'>Lucrino</span> <span class='ocrx_word' id='word_1_200' title='bbox 654 3776 823 3827; x_wconf 85' lang='lat' dir='ltr'>prope</span> <span class='ocrx_word' id='word_1_201' title='bbox 846 3763 1000 3813; x_wconf 87' lang='lat' dir='ltr'>Baias</span> <span class='ocrx_word' id='word_1_202' title='bbox 1023 3763 1246 3813; x_wconf 83' lang='lat' dir='ltr'>Romam</span> <span class='ocrx_word' id='word_1_203' title='bbox 1264 3775 1458 3827; x_wconf 89' lang='lat' dir='ltr'>appor-</span> 
     </span>
     <span class='ocr_line' id='line_1_41' title="bbox 403 3835 1456 3899; baseline -0.002 -10"><span class='ocrx_word' id='word_1_204' title='bbox 403 3840 529 3889; x_wconf 85' lang='lat' dir='ltr'>tata.</span> <span class='ocrx_word' id='word_1_205' title='bbox 555 3835 775 3889; x_wconf 75' lang='lat' dir='ltr'>Martial.</span> <span class='ocrx_word' id='word_1_206' title='bbox 798 3837 880 3899; x_wconf 95' lang='grc'>43,</span> <span class='ocrx_word' id='word_1_207' title='bbox 900 3837 994 3888; x_wconf 79' lang='lat'>82:</span> <span class='ocrx_word' id='word_1_208' title='bbox 1032 3835 1271 3886; x_wconf 78' lang='lat' dir='ltr'>Ostrea.</span> <span class='ocrx_word' id='word_1_209' title='bbox 1296 3837 1456 3887; x_wconf 75' lang='lat' dir='ltr'>Ebria</span> 
     </span>
     <span class='ocr_line' id='line_1_42' title="bbox 399 3911 1449 3962; baseline -0.003 0"><span class='ocrx_word' id='word_1_210' title='bbox 399 3912 598 3962; x_wconf 72' lang='lat' dir='ltr'>Baiano</span> <span class='ocrx_word' id='word_1_211' title='bbox 617 3911 734 3961; x_wconf 75' lang='lat' dir='ltr'>veni</span> <span class='ocrx_word' id='word_1_212' title='bbox 753 3912 904 3961; x_wconf 84' lang='lat' dir='ltr'>modo</span> <span class='ocrx_word' id='word_1_213' title='bbox 924 3911 1114 3960; x_wconf 76' lang='lat' dir='ltr'>concha</span> <span class='ocrx_word' id='word_1_214' title='bbox 1132 3911 1367 3960; x_wconf 56' lang='lat' dir='ltr'>Luc—rino.</span> <span class='ocrx_word' id='word_1_215' title='bbox 1395 3939 1449 3947; x_wconf 95' lang='lat'><strong>—</strong></span> 
     </span>
     <span class='ocr_line' id='line_1_43' title="bbox 400 3985 1449 4049; baseline -0.002 -13"><span class='ocrx_word' id='word_1_216' title='bbox 400 3985 664 4049; x_wconf 74' lang='lat' dir='ltr'>rhombus]</span> <span class='ocrx_word' id='word_1_217' title='bbox 701 3985 892 4046; x_wconf 70' lang='lat' dir='ltr'>turbat,</span> <span class='ocrx_word' id='word_1_218' title='bbox 932 3985 1126 4035; x_wconf 70' lang='lat' dir='ltr'>Buteo.</span> <span class='ocrx_word' id='word_1_219' title='bbox 1182 3985 1289 4034; x_wconf 87' lang='lat' dir='ltr'>Sat.</span> <span class='ocrx_word' id='word_1_220' title='bbox 1317 3986 1374 4045; x_wconf 93' lang='grc'>4,</span> <span class='ocrx_word' id='word_1_221' title='bbox 1399 3985 1449 4047; x_wconf 92' lang='grc'><strong>2,</strong></span> 
     </span>
     <span class='ocr_line' id='line_1_44' title="bbox 400 4058 1450 4123; baseline -0.004 -12"><span class='ocrx_word' id='word_1_222' title='bbox 400 4061 515 4112; x_wconf 85' lang='grc'><strong>446.</strong></span> <span class='ocrx_word' id='word_1_223' title='bbox 563 4061 622 4121; x_wconf 92' lang='grc'><strong>2,</strong></span> <span class='ocrx_word' id='word_1_224' title='bbox 664 4060 724 4120; x_wconf 87' lang='grc'><strong>8,</strong></span> <span class='ocrx_word' id='word_1_225' title='bbox 766 4059 848 4110; x_wconf 88' lang='grc'>30.</span> <span class='ocrx_word' id='word_1_226' title='bbox 890 4086 944 4097; x_wconf 93' lang='lat'>-</span> <span class='ocrx_word' id='word_1_227' title='bbox 989 4058 1181 4123; x_wconf 72' lang='lat' dir='ltr'>scarus]</span> <span class='ocrx_word' id='word_1_228' title='bbox 1219 4063 1450 4121; x_wconf 66' lang='lat' dir='ltr'>«sarach,</span> 
     </span>
     <span class='ocr_line' id='line_1_45' title="bbox 402 4130 1452 4196; baseline -0.004 -10"><span class='ocrx_word' id='word_1_229' title='bbox 402 4135 668 4185; x_wconf 75' lang='lat' dir='ltr'>Brassc.»</span> <span class='ocrx_word' id='word_1_230' title='bbox 705 4135 811 4184; x_wconf 88' lang='lat' dir='ltr'>Sat.</span> <span class='ocrx_word' id='word_1_231' title='bbox 833 4135 864 4184; x_wconf 93' lang='grc'><strong>2</strong></span> <span class='ocrx_word' id='word_1_232' title='bbox 880 4171 893 4195; x_wconf 94' lang='grc'><strong>,</strong></span> <span class='ocrx_word' id='word_1_233' title='bbox 912 4134 971 4196; x_wconf 96' lang='grc'><strong>2,</strong></span> <span class='ocrx_word' id='word_1_234' title='bbox 998 4134 1080 4183; x_wconf 89' lang='grc'><strong>22.</strong></span> <span class='ocrx_word' id='word_1_235' title='bbox 1107 4159 1160 4168; x_wconf 91' lang='grc'>-</span> <span class='ocrx_word' id='word_1_236' title='bbox 1181 4130 1383 4182; x_wconf 85' lang='lat' dir='ltr'>Ennius</span> <span class='ocrx_word' id='word_1_237' title='bbox 1399 4132 1452 4182; x_wconf 88' lang='lat' dir='ltr'>in</span> 
     </span>
    </p>
   </div>
   <div class='ocr_carea' id='block_1_13' title="bbox 1526 2062 2588 4201">
    <p class='ocr_par' dir='ltr' id='par_1_16' title="bbox 1530 2062 2588 3015">
     <span class='ocr_line' id='line_1_46' title="bbox 1535 2062 2574 2113; baseline 0.001 -1"><span class='ocrx_word' id='word_1_238' title='bbox 1535 2063 1728 2112; x_wconf 76' lang='lat' dir='ltr'>Ultimis</span> <span class='ocrx_word' id='word_1_239' title='bbox 1759 2062 1824 2112; x_wconf 87' lang='lat' dir='ltr'>ab</span> <span class='ocrx_word' id='word_1_240' title='bbox 1861 2063 1964 2111; x_wconf 81' lang='lat' dir='ltr'>oris</span> <span class='ocrx_word' id='word_1_241' title='bbox 1994 2062 2251 2112; x_wconf 71' lang='lat' dir='ltr'>Aur-actus</span> <span class='ocrx_word' id='word_1_242' title='bbox 2281 2075 2473 2113; x_wconf 68' lang='lat' dir='ltr'>scarus.</span> <span class='ocrx_word' id='word_1_243' title='bbox 2518 2090 2574 2100; x_wconf 94' lang='lat'>—</span> 
     </span>
     <span class='ocr_line' id='line_1_47' title="bbox 1530 2136 2585 2201; baseline -0.003 -15"><span class='ocrx_word' id='word_1_244' title='bbox 1530 2136 1777 2200; x_wconf 74' lang='lat' dir='ltr'>intonata]</span> <span class='ocrx_word' id='word_1_245' title='bbox 1802 2136 2015 2187; x_wconf 83' lang='lat' dir='ltr'>Sciebat</span> <span class='ocrx_word' id='word_1_246' title='bbox 2037 2139 2158 2200; x_wconf 86' lang='lat' dir='ltr'>post</span> <span class='ocrx_word' id='word_1_247' title='bbox 2179 2136 2442 2200; x_wconf 87' lang='lat' dir='ltr'>procellas</span> <span class='ocrx_word' id='word_1_248' title='bbox 2463 2136 2585 2201; x_wconf 89' lang='lat' dir='ltr'>plu..</span> 
     </span>
     <span class='ocr_line' id='line_1_48' title="bbox 1532 2211 2581 2277; baseline 0 -16"><span class='ocrx_word' id='word_1_249' title='bbox 1532 2225 1623 2262; x_wconf 88' lang='lat' dir='ltr'>res</span> <span class='ocrx_word' id='word_1_250' title='bbox 1685 2213 1803 2277; x_wconf 89' lang='lat' dir='ltr'>capi</span> <span class='ocrx_word' id='word_1_251' title='bbox 1867 2211 2039 2262; x_wconf 74' lang='lat' dir='ltr'>solet-e</span> <span class='ocrx_word' id='word_1_252' title='bbox 2105 2225 2290 2262; x_wconf 87' lang='lat' dir='ltr'>scaros</span> <span class='ocrx_word' id='word_1_253' title='bbox 2357 2211 2581 2277; x_wconf 83' lang='lat' dir='ltr'>(salust.</span> 
     </span>
     <span class='ocr_line' id='line_1_49' title="bbox 1532 2284 2580 2349; baseline -0.001 -14"><span class='ocrx_word' id='word_1_254' title='bbox 1532 2287 1741 2348; x_wconf 80' lang='lat' dir='ltr'>Fragm.</span> <span class='ocrx_word' id='word_1_255' title='bbox 1788 2284 1932 2349; x_wconf 88' lang='lat' dir='ltr'>apud</span> <span class='ocrx_word' id='word_1_256' title='bbox 1982 2284 2154 2335; x_wconf 87' lang='lat' dir='ltr'>Schol.</span> <span class='ocrx_word' id='word_1_257' title='bbox 2202 2287 2384 2335; x_wconf 80' lang='lat' dir='ltr'>iuven.</span> <span class='ocrx_word' id='word_1_258' title='bbox 2423 2285 2484 2345; x_wconf 85' lang='grc'>4,</span> <span class='ocrx_word' id='word_1_259' title='bbox 2522 2285 2580 2336; x_wconf 83' lang='grc'><strong>4;</strong></span> 
     </span>
     <span class='ocr_line' id='line_1_50' title="bbox 1531 2360 2585 2421; baseline 0.001 -12"><span class='ocrx_word' id='word_1_260' title='bbox 1531 2361 1705 2420; x_wconf 76' lang='lat' dir='ltr'>itaquo</span> <span class='ocrx_word' id='word_1_261' title='bbox 1748 2364 2032 2421; x_wconf 62' lang='lat' dir='ltr'>canpe-stato</span> <span class='ocrx_word' id='word_1_262' title='bbox 2061 2360 2138 2408; x_wconf 77' lang='lat' dir='ltr'>vis</span> <span class='ocrx_word' id='word_1_263' title='bbox 2180 2360 2395 2421; x_wconf 74' lang='lat' dir='ltr'>piscium</span> <span class='ocrx_word' id='word_1_264' title='bbox 2430 2361 2585 2410; x_wconf 77' lang='lat' dir='ltr'>Ponto</span> 
     </span>
     <span class='ocr_line' id='line_1_51' title="bbox 1532 2432 2586 2497; baseline -0.001 -14"><span class='ocrx_word' id='word_1_265' title='bbox 1532 2432 1782 2497; x_wconf 72' lang='lat' dir='ltr'>empit.);</span> <span class='ocrx_word' id='word_1_266' title='bbox 1818 2434 1926 2482; x_wconf 88' lang='lat' dir='ltr'>iam</span> <span class='ocrx_word' id='word_1_267' title='bbox 1971 2433 2076 2482; x_wconf 88' lang='lat' dir='ltr'>hoc</span> <span class='ocrx_word' id='word_1_268' title='bbox 2121 2433 2327 2497; x_wconf 74' lang='lat' dir='ltr'>poetice</span> <span class='ocrx_word' id='word_1_269' title='bbox 2372 2433 2442 2482; x_wconf 88' lang='lat' dir='ltr'>ita</span> <span class='ocrx_word' id='word_1_270' title='bbox 2489 2446 2586 2482; x_wconf 78' lang='lat' dir='ltr'>ex-</span> 
     </span>
     <span class='ocr_line' id='line_1_52' title="bbox 1533 2505 2584 2572; baseline -0.002 -14"><span class='ocrx_word' id='word_1_271' title='bbox 1533 2508 1757 2572; x_wconf 86' lang='lat' dir='ltr'>pressit:</span> <span class='ocrx_word' id='word_1_272' title='bbox 1813 2508 1889 2558; x_wconf 74' lang='lat' dir='ltr'>«si</span> <span class='ocrx_word' id='word_1_273' title='bbox 1941 2508 2234 2571; x_wconf 85' lang='lat' dir='ltr'>tempestas</span> <span class='ocrx_word' id='word_1_274' title='bbox 2285 2505 2584 2571; x_wconf 86' lang='lat' dir='ltr'>procellosa</span> 
     </span>
     <span class='ocr_line' id='line_1_53' title="bbox 1533 2581 2588 2633; baseline -0.002 0"><span class='ocrx_word' id='word_1_275' title='bbox 1533 2595 1658 2633; x_wconf 90' lang='lat' dir='ltr'>cum</span> <span class='ocrx_word' id='word_1_276' title='bbox 1709 2582 1907 2632; x_wconf 85' lang='lat' dir='ltr'>tonitru</span> <span class='ocrx_word' id='word_1_277' title='bbox 1959 2581 2011 2631; x_wconf 93' lang='lat' dir='ltr'>in</span> <span class='ocrx_word' id='word_1_278' title='bbox 2054 2594 2205 2631; x_wconf 85' lang='lat' dir='ltr'>mare</span> <span class='ocrx_word' id='word_1_279' title='bbox 2257 2582 2499 2632; x_wconf 89' lang='lat' dir='ltr'>Ionicum</span> <span class='ocrx_word' id='word_1_280' title='bbox 2531 2584 2588 2631; x_wconf 84' lang='lat' dir='ltr'>et</span> 
     </span>
     <span class='ocr_line' id='line_1_54' title="bbox 1533 2654 2586 2720; baseline -0.003 -13"><span class='ocrx_word' id='word_1_281' title='bbox 1533 2656 1797 2707; x_wconf 86' lang='lat' dir='ltr'>Orientale</span> <span class='ocrx_word' id='word_1_282' title='bbox 1817 2654 2211 2720; x_wconf 65' lang='grc' dir='ltr'><strong>(Εοᾶεβυοεόὺαε,</strong></span> <span class='ocrx_word' id='word_1_283' title='bbox 2232 2656 2417 2718; x_wconf 79' lang='lat' dir='ltr'>Syriae</span> <span class='ocrx_word' id='word_1_284' title='bbox 2431 2668 2586 2719; x_wconf 89' lang='lat' dir='ltr'>prae-</span> 
     </span>
     <span class='ocr_line' id='line_1_55' title="bbox 1532 2729 2584 2793; baseline -0.003 -12"><span class='ocrx_word' id='word_1_285' title='bbox 1532 2731 1734 2793; x_wconf 85' lang='lat' dir='ltr'>sertim)</span> <span class='ocrx_word' id='word_1_286' title='bbox 1760 2729 2001 2780; x_wconf 89' lang='lat' dir='ltr'>immissa</span> <span class='ocrx_word' id='word_1_287' title='bbox 2020 2741 2205 2780; x_wconf 88' lang='lat' dir='ltr'>scaros</span> <span class='ocrx_word' id='word_1_288' title='bbox 2224 2729 2294 2779; x_wconf 91' lang='lat' dir='ltr'>ad</span> <span class='ocrx_word' id='word_1_289' title='bbox 2311 2729 2416 2779; x_wconf 85' lang='lat' dir='ltr'>hoc</span> <span class='ocrx_word' id='word_1_290' title='bbox 2432 2741 2584 2779; x_wconf 86' lang='lat' dir='ltr'>mare</span> 
     </span>
     <span class='ocr_line' id='line_1_56' title="bbox 1532 2800 2585 2867; baseline -0.001 -13"><span class='ocrx_word' id='word_1_291' title='bbox 1532 2805 1870 2867; x_wconf 79' lang='lat' dir='ltr'>Tyrrhenum</span> <span class='ocrx_word' id='word_1_292' title='bbox 1925 2800 2268 2867; x_wconf 76' lang='lat' dir='ltr'>compellat.»</span> <span class='ocrx_word' id='word_1_293' title='bbox 2338 2804 2585 2853; x_wconf 81' lang='lat' dir='ltr'>Formam</span> 
     </span>
     <span class='ocr_line' id='line_1_57' title="bbox 1531 2874 2588 2939; baseline -0.001 -12"><span class='ocrx_word' id='word_1_294' title='bbox 1531 2879 1765 2927; x_wconf 78' lang='lat' dir='ltr'>intonata</span> <span class='ocrx_word' id='word_1_295' title='bbox 1820 2879 1879 2926; x_wconf 93' lang='lat' dir='ltr'>ut</span> <span class='ocrx_word' id='word_1_296' title='bbox 1926 2874 2250 2939; x_wconf 84' lang='lat' dir='ltr'>singularem</span> <span class='ocrx_word' id='word_1_297' title='bbox 2318 2878 2588 2927; x_wconf 87' lang='lat' dir='ltr'>memorat</span> 
     </span>
     <span class='ocr_line' id='line_1_58' title="bbox 1533 2949 2580 3015; baseline -0.002 -13"><span class='ocrx_word' id='word_1_298' title='bbox 1533 2953 1831 3003; x_wconf 83' lang='lat' dir='ltr'>Priscianus</span> <span class='ocrx_word' id='word_1_299' title='bbox 1866 2952 1925 3013; x_wconf 85' lang='lat'>9,</span> <span class='ocrx_word' id='word_1_300' title='bbox 1963 2952 2010 3002; x_wconf 82' lang='lat'>7.</span> <span class='ocrx_word' id='word_1_301' title='bbox 2050 2951 2106 3001; x_wconf 84' lang='lat' dir='ltr'>T.</span> <span class='ocrx_word' id='word_1_302' title='bbox 2152 2952 2191 3001; x_wconf 90' lang='lat'>1.</span> <span class='ocrx_word' id='word_1_303' title='bbox 2245 2964 2299 3015; x_wconf 93' lang='lat' dir='ltr'>p.</span> <span class='ocrx_word' id='word_1_304' title='bbox 2337 2949 2451 3001; x_wconf 77' lang='grc'><strong>455.</strong></span> <span class='ocrx_word' id='word_1_305' title='bbox 2492 2951 2580 3000; x_wconf 89' lang='lat' dir='ltr'>Kr.</span> 
     </span>
    </p>

    <p class='ocr_par' dir='ltr' id='par_1_17' title="bbox 1526 3024 2584 4201">
     <span class='ocr_line' id='line_1_59' title="bbox 1597 3024 2584 3090; baseline 0.001 -14"><span class='ocrx_word' id='word_1_306' title='bbox 1597 3026 1774 3076; x_wconf 78' lang='lat'><strong>53-56.</strong></span> <span class='ocrx_word' id='word_1_307' title='bbox 1827 3026 1955 3089; x_wconf 77' lang='lat' dir='ltr'>Afra</span> <span class='ocrx_word' id='word_1_308' title='bbox 1993 3025 2131 3090; x_wconf 79' lang='lat' dir='ltr'>avis]</span> <span class='ocrx_word' id='word_1_309' title='bbox 2173 3024 2361 3089; x_wconf 84' lang='lat' dir='ltr'>gallina</span> <span class='ocrx_word' id='word_1_310' title='bbox 2396 3027 2584 3077; x_wconf 86' lang='lat' dir='ltr'>Numi-</span> 
     </span>
     <span class='ocr_line' id='line_1_60' title="bbox 1532 3098 2578 3161; baseline 0.001 -11"><span class='ocrx_word' id='word_1_311' title='bbox 1532 3100 1682 3161; x_wconf 86' lang='lat' dir='ltr'>dica,</span> <span class='ocrx_word' id='word_1_312' title='bbox 1718 3100 2034 3150; x_wconf 74' lang='lat' dir='ltr'>Perlhuhn.</span> <span class='ocrx_word' id='word_1_313' title='bbox 2118 3098 2412 3152; x_wconf 89' lang='lat' dir='ltr'>Columella</span> <span class='ocrx_word' id='word_1_314' title='bbox 2435 3102 2492 3152; x_wconf 86' lang='lat' dir='ltr'>R.</span> <span class='ocrx_word' id='word_1_315' title='bbox 2520 3102 2578 3151; x_wconf 86' lang='lat' dir='ltr'>R.</span> 
     </span>
     <span class='ocr_line' id='line_1_61' title="bbox 1531 3173 2581 3239; baseline 0 -14"><span class='ocrx_word' id='word_1_316' title='bbox 1531 3176 1588 3236; x_wconf 89' lang='lat'>8,</span> <span class='ocrx_word' id='word_1_317' title='bbox 1642 3175 1701 3235; x_wconf 89' lang='grc'>2,</span> <span class='ocrx_word' id='word_1_318' title='bbox 1755 3174 1813 3223; x_wconf 78' lang='lat'>2:</span> <span class='ocrx_word' id='word_1_319' title='bbox 1887 3174 2132 3237; x_wconf 74' lang='lat' dir='ltr'>Africana</span> <span class='ocrx_word' id='word_1_320' title='bbox 2182 3173 2426 3239; x_wconf 83' lang='lat' dir='ltr'>(gallina)</span> <span class='ocrx_word' id='word_1_321' title='bbox 2484 3180 2581 3236; x_wconf 71' lang='lat' dir='ltr'>cst,</span> 
     </span>
     <span class='ocr_line' id='line_1_62' title="bbox 1531 3248 2582 3311; baseline 0 -13"><span class='ocrx_word' id='word_1_322' title='bbox 1531 3252 1687 3311; x_wconf 65' lang='lat' dir='ltr'>&lt;tuam</span> <span class='ocrx_word' id='word_1_323' title='bbox 1740 3248 1965 3310; x_wconf 73' lang='lat' dir='ltr'>plerique</span> <span class='ocrx_word' id='word_1_324' title='bbox 2011 3249 2333 3299; x_wconf 73' lang='lat' dir='ltr'>Numidicam</span> <span class='ocrx_word' id='word_1_325' title='bbox 2385 3250 2582 3309; x_wconf 79' lang='lat' dir='ltr'>dicant,</span> 
     </span>
     <span class='ocr_line' id='line_1_63' title="bbox 1528 3322 2579 3387; baseline -0.003 -14"><span class='ocrx_word' id='word_1_326' title='bbox 1528 3322 1822 3387; x_wconf 64' lang='lat' dir='ltr'>meleagridi</span> <span class='ocrx_word' id='word_1_327' title='bbox 1844 3322 2033 3373; x_wconf 74' lang='lat' dir='ltr'>similis.</span> <span class='ocrx_word' id='word_1_328' title='bbox 2079 3323 2248 3372; x_wconf 87' lang='lat' dir='ltr'>Varro</span> <span class='ocrx_word' id='word_1_329' title='bbox 2270 3324 2328 3373; x_wconf 86' lang='lat' dir='ltr'>R.</span> <span class='ocrx_word' id='word_1_330' title='bbox 2355 3323 2413 3371; x_wconf 84' lang='lat' dir='ltr'>R.</span> <span class='ocrx_word' id='word_1_331' title='bbox 2441 3322 2499 3382; x_wconf 84' lang='lat'>3,</span> <span class='ocrx_word' id='word_1_332' title='bbox 2524 3322 2579 3383; x_wconf 89' lang='grc'><strong>9,</strong></span> 
     </span>
     <span class='ocr_line' id='line_1_64' title="bbox 1533 3396 2582 3459; baseline -0.003 -13"><span class='ocrx_word' id='word_1_333' title='bbox 1533 3397 1624 3446; x_wconf 77' lang='grc' dir='ltr'><strong>48ε</strong></span> <span class='ocrx_word' id='word_1_334' title='bbox 1680 3396 1910 3447; x_wconf 74' lang='lat' dir='ltr'>Gallinae</span> <span class='ocrx_word' id='word_1_335' title='bbox 1956 3397 2229 3459; x_wconf 76' lang='lat' dir='ltr'>Africanae</span> <span class='ocrx_word' id='word_1_336' title='bbox 2272 3399 2387 3444; x_wconf 78' lang='lat' dir='ltr'>sunt</span> <span class='ocrx_word' id='word_1_337' title='bbox 2417 3407 2582 3458; x_wconf 66' lang='lat' dir='ltr'>aran-</span> 
     </span>
     <span class='ocr_line' id='line_1_65' title="bbox 1530 3464 2582 3533; baseline -0.004 -13"><span class='ocrx_word' id='word_1_338' title='bbox 1530 3471 1637 3532; x_wconf 76' lang='lat' dir='ltr'>dos,</span> <span class='ocrx_word' id='word_1_339' title='bbox 1674 3470 1878 3532; x_wconf 78' lang='lat' dir='ltr'>variae,</span> <span class='ocrx_word' id='word_1_340' title='bbox 1915 3470 2176 3533; x_wconf 70' lang='lat' dir='ltr'>qibberae,</span> <span class='ocrx_word' id='word_1_341' title='bbox 2214 3482 2341 3531; x_wconf 79' lang='lat' dir='ltr'>quas</span> <span class='ocrx_word' id='word_1_342' title='bbox 2373 3464 2582 3532; x_wconf 76' lang='grc' dir='ltr'><em>μελεα-</em></span> 
     </span>
     <span class='ocr_line' id='line_1_66' title="bbox 1529 3542 2581 3615; baseline -0.001 -23"><span class='ocrx_word' id='word_1_343' title='bbox 1529 3542 1726 3615; x_wconf 75' lang='grc' dir='ltr'><em>γρίδας</em></span> <span class='ocrx_word' id='word_1_344' title='bbox 1746 3545 2002 3606; x_wconf 75' lang='lat' dir='ltr'>appellant</span> <span class='ocrx_word' id='word_1_345' title='bbox 2024 3544 2222 3594; x_wconf 76' lang='lat' dir='ltr'>Graeci.</span> <span class='ocrx_word' id='word_1_346' title='bbox 2256 3569 2286 3579; x_wconf 93' lang='lat'><em>-</em></span> <span class='ocrx_word' id='word_1_347' title='bbox 2308 3568 2337 3579; x_wconf 93' lang='lat'>-</span> <span class='ocrx_word' id='word_1_348' title='bbox 2367 3542 2581 3592; x_wconf 71' lang='lat' dir='ltr'>Venotmt</span> 
     </span>
     <span class='ocr_line' id='line_1_67' title="bbox 1526 3614 2577 3681; baseline -0.004 -13"><span class='ocrx_word' id='word_1_349' title='bbox 1526 3618 2013 3681; x_wconf 63' lang='lat' dir='ltr'>propter-penuriam</span> <span class='ocrx_word' id='word_1_350' title='bbox 2028 3629 2232 3679; x_wconf 67' lang='lat' dir='ltr'>mayno.</span> <span class='ocrx_word' id='word_1_351' title='bbox 2258 3643 2312 3651; x_wconf 91' lang='lat'>—</span> <span class='ocrx_word' id='word_1_352' title='bbox 2355 3614 2577 3678; x_wconf 69' lang='lat' dir='ltr'>attaqen]</span> 
     </span>
     <span class='ocr_line' id='line_1_68' title="bbox 1526 3686 2582 3755; baseline -0.004 -14"><span class='ocrx_word' id='word_1_353' title='bbox 1526 3692 1913 3755; x_wconf 76' lang='lat' dir='ltr'>francolino,</span> <span class='ocrx_word' id='word_1_354' title='bbox 1946 3689 2266 3740; x_wconf 75' lang='lat' dir='ltr'>Birkhuhn</span> <span class='ocrx_word' id='word_1_355' title='bbox 2286 3686 2371 3738; x_wconf 83' lang='lat' dir='ltr'>vel</span> <span class='ocrx_word' id='word_1_356' title='bbox 2390 3687 2582 3738; x_wconf 74' lang='lat' dir='ltr'>Auer-</span> 
     </span>
     <span class='ocr_line' id='line_1_69' title="bbox 1528 3761 2575 3828; baseline 0 -14"><span class='ocrx_word' id='word_1_357' title='bbox 1528 3766 1686 3816; x_wconf 76' lang='lat' dir='ltr'>hahn</span> <span class='ocrx_word' id='word_1_358' title='bbox 1743 3764 1967 3828; x_wconf 68' lang='lat' dir='ltr'>(Voss),</span> <span class='ocrx_word' id='word_1_359' title='bbox 2014 3767 2073 3814; x_wconf 89' lang='lat' dir='ltr'>ut</span> <span class='ocrx_word' id='word_1_360' title='bbox 2115 3761 2201 3813; x_wconf 88' lang='lat' dir='ltr'>alii</span> <span class='ocrx_word' id='word_1_361' title='bbox 2245 3763 2575 3826; x_wconf 68' lang='lat' dir='ltr'>accuratim,</span> 
     </span>
     <span class='ocr_line' id='line_1_70' title="bbox 1530 3837 2580 3903; baseline 0 -15"><span class='ocrx_word' id='word_1_362' title='bbox 1530 3840 1621 3888; x_wconf 69' lang='lat' dir='ltr'>das</span> <span class='ocrx_word' id='word_1_363' title='bbox 1637 3840 1775 3889; x_wconf 77' lang='lat' dir='ltr'>rothe</span> <span class='ocrx_word' id='word_1_364' title='bbox 1790 3838 2030 3903; x_wconf 74' lang='lat' dir='ltr'>qehaubte</span> <span class='ocrx_word' id='word_1_365' title='bbox 2043 3837 2341 3898; x_wconf 70' lang='grc' dir='ltr'><strong>Ηαεουιαὴπ,</strong></span> <span class='ocrx_word' id='word_1_366' title='bbox 2363 3838 2580 3889; x_wconf 83' lang='lat' dir='ltr'>Graecis</span> 
     </span>
     <span class='ocr_line' id='line_1_71' title="bbox 1528 3906 2581 3980; baseline 0 -18"><span class='ocrx_word' id='word_1_367' title='bbox 1528 3914 1742 3962; x_wconf 87' lang='lat' dir='ltr'>nostrae</span> <span class='ocrx_word' id='word_1_368' title='bbox 1789 3913 1978 3962; x_wconf 85' lang='lat' dir='ltr'>aetatis</span> <span class='ocrx_word' id='word_1_369' title='bbox 2008 3906 2293 3980; x_wconf 74' lang='grc' dir='ltr'><strong>ταγενάρι.</strong></span> <span class='ocrx_word' id='word_1_370' title='bbox 2348 3906 2581 3962; x_wconf 79' lang='lat' dir='ltr'>Noverat</span> 
     </span>
     <span class='ocr_line' id='line_1_72' title="bbox 1528 3983 2575 4049; baseline -0.002 -14"><span class='ocrx_word' id='word_1_371' title='bbox 1528 3986 1636 4035; x_wconf 89' lang='lat' dir='ltr'>iam</span> <span class='ocrx_word' id='word_1_372' title='bbox 1664 3987 1941 4049; x_wconf 79' lang='lat' dir='ltr'>Hipponax</span> <span class='ocrx_word' id='word_1_373' title='bbox 1978 3986 2057 4035; x_wconf 85' lang='lat' dir='ltr'>Fr.</span> <span class='ocrx_word' id='word_1_374' title='bbox 2086 3985 2166 4034; x_wconf 83' lang='grc'>47.</span> <span class='ocrx_word' id='word_1_375' title='bbox 2210 3983 2575 4037; x_wconf 81' lang='lat' dir='ltr'>Schneidew.:</span> 
     </span>
     <span class='ocr_line' id='line_1_73' title="bbox 1529 4052 2580 4125; baseline 0.002 -17"><span class='ocrx_word' id='word_1_376' title='bbox 1529 4052 1649 4108; x_wconf 76' lang='grc' dir='ltr'>Οὔκ</span> <span class='ocrx_word' id='word_1_377' title='bbox 1688 4053 1940 4125; x_wconf 81' lang='grc' dir='ltr'><em>ἀτταγᾶς</em></span> <span class='ocrx_word' id='word_1_378' title='bbox 1973 4071 2035 4108; x_wconf 78' lang='grc' dir='ltr'>τε</span> <span class='ocrx_word' id='word_1_379' title='bbox 2056 4058 2156 4109; x_wconf 72' lang='grc' dir='ltr'>καὶ</span> <span class='ocrx_word' id='word_1_380' title='bbox 2180 4053 2368 4125; x_wconf 74' lang='grc' dir='ltr'><strong><em>λαγώς</em></strong></span> <span class='ocrx_word' id='word_1_381' title='bbox 2400 4073 2580 4110; x_wconf 76' lang='grc' dir='ltr'><strong><em>κατα-</em></strong></span> 
     </span>
     <span class='ocr_line' id='line_1_74' title="bbox 1526 4128 2579 4201; baseline 0.003 -20"><span class='ocrx_word' id='word_1_382' title='bbox 1526 4128 1776 4201; x_wconf 78' lang='grc' dir='ltr'><strong>βρύκων.</strong></span> <span class='ocrx_word' id='word_1_383' title='bbox 1813 4131 2032 4183; x_wconf 75' lang='lat' dir='ltr'>Martial.</span> <span class='ocrx_word' id='word_1_384' title='bbox 2061 4132 2153 4194; x_wconf 86' lang='grc'>43,</span> <span class='ocrx_word' id='word_1_385' title='bbox 2180 4132 2273 4182; x_wconf 74' lang='grc' dir='ltr'><strong>6-4ε</strong></span> <span class='ocrx_word' id='word_1_386' title='bbox 2315 4134 2454 4184; x_wconf 73' lang='lat' dir='ltr'>Inter</span> <span class='ocrx_word' id='word_1_387' title='bbox 2488 4146 2579 4183; x_wconf 76' lang='lat' dir='ltr'>sa-</span> 
     </span>
    </p>
   </div>
   <div class='ocr_carea' id='block_1_14' title="bbox 397 4204 2580 4348">
    <p class='ocr_par' dir='ltr' id='par_1_18' title="bbox 397 4204 2580 4348">
     <span class='ocr_line' id='line_1_75' title="bbox 397 4204 2580 4274; baseline -0.001 -14"><span class='ocrx_word' id='word_1_388' title='bbox 397 4209 693 4273; x_wconf 79' lang='lat' dir='ltr'>Phageticis</span> <span class='ocrx_word' id='word_1_389' title='bbox 715 4207 858 4274; x_wconf 86' lang='lat' dir='ltr'>apud</span> <span class='ocrx_word' id='word_1_390' title='bbox 884 4207 1040 4273; x_wconf 84' lang='lat' dir='ltr'>Apul.</span> <span class='ocrx_word' id='word_1_391' title='bbox 1068 4205 1217 4271; x_wconf 77' lang='lat' dir='ltr'>Apol.</span> <span class='ocrx_word' id='word_1_392' title='bbox 1253 4218 1306 4271; x_wconf 90' lang='lat' dir='ltr'>p.</span> <span class='ocrx_word' id='word_1_393' title='bbox 1335 4204 1447 4257; x_wconf 84' lang='grc'><strong>489.</strong></span> <span class='ocrx_word' id='word_1_394' title='bbox 1521 4219 1673 4268; x_wconf 75' lang='lat' dir='ltr'>poros</span> <span class='ocrx_word' id='word_1_395' title='bbox 1688 4206 1854 4269; x_wconf 73' lang='lat' dir='ltr'>fertur</span> <span class='ocrx_word' id='word_1_396' title='bbox 1875 4207 2054 4257; x_wconf 63' lang='lat' dir='ltr'>alituum</span> <span class='ocrx_word' id='word_1_397' title='bbox 2065 4206 2266 4269; x_wconf 69' lang='lat' dir='ltr'>prium</span> <span class='ocrx_word' id='word_1_398' title='bbox 2291 4207 2580 4258; x_wconf 66' lang='lat' dir='ltr'>Ionicarum</span> 
     </span>
     <span class='ocr_line' id='line_1_76' title="bbox 399 4280 2579 4348; baseline -0.001 -15"><span class='ocrx_word' id='word_1_399' title='bbox 399 4283 559 4333; x_wconf 88' lang='lat' dir='ltr'>Oud.:</span> <span class='ocrx_word' id='word_1_400' title='bbox 613 4284 834 4334; x_wconf 74' lang='lat' dir='ltr'>scarum</span> <span class='ocrx_word' id='word_1_401' title='bbox 875 4282 1151 4345; x_wconf 74' lang='lat' dir='ltr'>praetor-ii,</span> <span class='ocrx_word' id='word_1_402' title='bbox 1195 4280 1452 4332; x_wconf 72' lang='lat' dir='ltr'>cerebrum</span> <span class='ocrx_word' id='word_1_403' title='bbox 1524 4286 1700 4346; x_wconf 58' lang='lat' dir='ltr'>austu-s</span> <span class='ocrx_word' id='word_1_404' title='bbox 1721 4285 2093 4348; x_wconf 61' lang='lat' dir='ltr'>mecaenat-um.</span> <span class='ocrx_word' id='word_1_405' title='bbox 2128 4310 2183 4318; x_wconf 94' lang='lat'><strong>—</strong></span> <span class='ocrx_word' id='word_1_406' title='bbox 2214 4282 2579 4348; x_wconf 68' lang='lat' dir='ltr'>pinqutssimis]</span> 
     </span>
    </p>
   </div>
   <div class='ocr_carea' id='block_1_15' title="bbox 567 4372 1399 4421">
    <p class='ocr_par' dir='ltr' id='par_1_19' title="bbox 567 4372 1399 4421">
     <span class='ocr_line' id='line_1_77' title="bbox 567 4372 1399 4421; baseline -0.001 -1"><span class='ocrx_word' id='word_1_407' title='bbox 567 4374 753 4421; x_wconf 69' lang='lat' dir='ltr'>Honu.</span> <span class='ocrx_word' id='word_1_408' title='bbox 790 4386 899 4420; x_wconf 74' lang='lat' dir='ltr'>vot..</span> <span class='ocrx_word' id='word_1_409' title='bbox 935 4374 967 4419; x_wconf 88' lang='lat'>1.</span> <span class='ocrx_word' id='word_1_410' title='bbox 1029 4385 1107 4420; x_wconf 71' lang='lat' dir='ltr'>nn.</span> <span class='ocrx_word' id='word_1_411' title='bbox 1141 4384 1296 4420; x_wconf 73' lang='lat' dir='ltr'>nnon</span> <span class='ocrx_word' id='word_1_412' title='bbox 1329 4372 1399 4419; x_wconf 91' lang='grc'><strong>111.</strong></span> 
     </span>
    </p>
   </div>
   <div class='ocr_carea' id='block_1_16' title="bbox 2105 4372 2159 4418">
    <p class='ocr_par' dir='ltr' id='par_1_20' title="bbox 2105 4372 2159 4418">
     <span class='ocr_line' id='line_1_78' title="bbox 2105 4372 2159 4418; baseline 0 0"><span class='ocrx_word' id='word_1_413' title='bbox 2105 4372 2159 4418; x_wconf 77' lang='grc'><strong>42</strong></span> 
     </span>
    </p>
   </div>
  </div>
 </body>
</html>
