3234 4975
657 392 779 458 ⁴02

1421 393 1673 444 flonATu
1710 393 2043 443 CARMINUM
2115 421 2119 423 ‡

1346 754 2098 816 cmxvi-

991 925 1049 989 Ο
1093 932 1295 988 matre
1338 920 1607 1010 pulchra
1648 920 1777 988 filia
1819 920 2177 1010 pulchrior,

992 1045 1202 1124 Quem
1244 1043 1602 1111 criminosis
1647 1064 1903 1130 cunque
1946 1041 2125 1109 voles
2169 1042 2431 1108 modum

731 1246 738 1255 '
782 1242 909 1292 XVI.
979 1244 1144 1292 lnscr.
1180 1240 1318 1305 volg.
1383 1241 1663 1292 Palinodia.
1700 1268 1754 1277 —
1789 1241 1865 1292 Aa
1900 1242 2228 1303 Tyndaridem
2259 1242 2309 1291 S.
2368 1268 2423 1277 -
2453 1241 2531 1291 Ad
2569 1240 2747 1291 Tinda-

714 1318 858 1366 riden
896 1317 1087 1379 faciens
1134 1317 1414 1366 iamborum
1449 1320 1625 1378 potest.
1674 1316 1730 1365 Τ.
1782 1344 1836 1353 -
1881 1316 2143 1367 Palinodia
2188 1316 2449 1366 Gratidiae
2497 1316 2566 1365 ad
2620 1315 2748 1376 Tyn-

715 1392 941 1441 daridem
973 1392 1192 1441 amicam
1220 1391 1388 1443 Codd.
1427 1390 1535 1441 duo
1569 1391 1843 1441 Tor-rentii.

715 1569 843 1619 XVI.
905 1570 1143 1620 Amicam
1174 1567 1524 1621 Archilochiis
1557 1569 1694 1618 iam-

1764 1566 1911 1630 βους
1936 1566 2236 1618 Archilochi
2259 1568 2414 1617 vocat
2431 1565 2692 1630 Meleager
2713 1568 2806 1631 Ep.
2894 1538 2899 1547 ’

651 1627 808 1694 bn
832 1656 891 1694 se
915 1644 1191 1704 offensam,
1224 1646 1459 1694 erratum
1489 1643 1697 1694 confes-
1770 1642 1864 1691 449
1887 1680 1899 1703 ,
1954 1641 2002 1690 7.
2055 1643 2165 1691 Art.
2227 1645 2370 1706 poet.
2433 1642 2529 1691 79:
2594 1642 2812 1691 Archilo-

651 1731 762 1778 sus,
797 1716 1143 1768 reconciliare
1168 1717 1267 1769 sibi
1292 1717 1486 1768 studet.
1541 1716 1693 1778 Quod

650 1790 972 1843 Scholiastae
989 1791 1348 1854 Tyndaridem
1370 1790 1512 1842 illam
1534 1790 1694 1841 inisse

652 1865 837 1916 dieunt
882 1864 1186 1930 habentque
1233 1866 1402 1917 Codd.
1460 1864 1696 1915 nonnulli

650 1942 721 1990 ad
757 1941 1108 2002 Tyndariden»,
1161 1940 1216 1990 id
1258 1954 1389 1991 vero
1435 1941 1534 1991 etsi
1568 1953 1698 2004 pro-

650 2014 747 2065 bat
766 2013 1134 2076 Walckenaer,
1163 2016 1405 2079 precario
1422 2016 1696 2078 sumptum

652 2092 735 2141 est
790 2103 820 2139 e
870 2090 1106 2140 carmine
1171 2092 1459 2153 sequente;
1516 2090 1698 2140 minus

654 2166 815 2215 etiam
847 2162 1124 2228 probabile
1149 2163 1325 2214 Schol.
1353 2165 1514 2228 Cruq.
1552 2177 1701 2215 com-

653 2241 929 2298 mentum,
995 2237 1279 2289 Gratidiam
1324 2251 1370 2289 s.
1423 2237 1697 2289 Canidiam

651 2325 836 2377 sagam
889 2311 1187 2375 significari.
1277 2312 1470 2373 «Quod
1514 2315 1695 2362 autem

649 2390 824 2438 Acron
857 2385 1009 2437 dicit:
1063 2388 1206 2437 Hanc
1240 2387 1363 2437 oden
1407 2388 1461 2437 in
1492 2388 1697 2451 satisfa-

649 2464 861 2513 ctionem
896 2463 1019 2527 facit
1056 2463 1251 2513 amicae
1296 2475 1418 2513 suae
1433 2490 1462 2499 -
1477 2489 1532 2525 -,
1585 2462 1700 2512 imi-

649 2543 784 2588 talus
838 2537 1171 2588 Stesichorum
1225 2539 1359 2588 cet.:
1423 2538 1697 2589 Horatium

649 2612 797 2663 idem
847 2613 1061 2674 iecisse,
1114 2612 1260 2676 quod
1301 2614 1457 2668 antea
1498 2613 1700 2664 fecerat

650 2687 983 2738 Stesichorus
1005 2725 1017 2749 ,
1066 2690 1270 2748 narrat;
1317 2688 1535 2738 minime
1571 2686 1701 2736 dicit

646 2760 794 2812 illum
854 2763 1179 2814 Himerensis
1238 2766 1427 2826 poetae
1491 2760 1699 2826 palino-

648 2837 790 2887 diam
808 2838 1096 2889 imitatione
1116 2839 1415 2903 exprimere
1431 2836 1693 2887 voluisse»

652 2911 729 2972 (ut
773 2916 1100 2975 acceperunt
1149 2910 1383 2962 nonnulli
1429 2912 1699 2974 Interpre-

650 2983 769 3046 tes).
819 2985 980 3035 Esrrul:
1015 2987 1141 3037 Hor.
1180 2989 1263 3036 Pr.
1299 2999 1354 3049 p.
1392 2984 1473 3035 33.
1532 2985 1696 3033 Recte

648 3058 750 3107 hac
786 3056 854 3107 de
889 3071 947 3108 re
976 3059 1259 3124 disputavit
1275 3058 1498 3110 Hoiman
1517 3054 1698 3109 Peerl-

649 3133 809 3195 kamp
842 3131 912 3180 ad
939 3146 991 3181 v.
1030 3134 1109 3183 43.
1156 3135 1233 3183 Ita
1264 3145 1390 3195 ergo
1423 3131 1699 3182 dumtaxat

649 3204 1047 3269 intelligendum
1081 3207 1563 3258 celebratissimum
1598 3219 1699 3269 pa-

647 3280 876 3332 linodiae
895 3279 1199 3346 exemplum
1221 3281 1381 3333 fuisse
1406 3279 1551 3342 illud,
1589 3289 1696 3344 quo

649 3355 984 3407 Stesichorus
1008 3355 1238 3407 Helenae
1264 3356 1551 3407 criminoso
1575 3368 1697 3405 car-

648 3432 793 3482 mine
836 3428 1014 3481 laesae
1044 3431 1363 3495 deprecatus
1393 3433 1491 3481 est.
1527 3431 1590 3480 V.
1627 3428 1697 3480 ad

648 3505 816 3570 Epod.
849 3505 898 3566 7,
935 3504 1016 3556 42.
1073 3507 1221 3566 ,Nam
1266 3506 1545 3569 utriusque
1585 3519 1698 3554 πα-

647 3578 911 3648 λινῳδίας
961 3582 1072 3631 toto
1101 3593 1298 3643 genere
1345 3581 1505 3643 atque
1537 3593 1698 3643 argu-

649 3659 831 3706 mento
894 3656 1137 3719 spectato
1158 3693 1170 3716 ,
1232 3654 1419 3719 quovis
1476 3654 1696 3718 pignore

649 3730 974 3779 contendere
1007 3728 1160 3790 licet,
1200 3742 1264 3778 ex
1298 3729 1600 3778 stesichoro
1624 3730 1701 3779 ni-

650 3802 723 3853 hil
751 3816 972 3866 prorsus
1003 3803 1231 3853 mutuari
1261 3803 1500 3866 potuisse
1535 3804 1701 3853 Hora-

649 3878 799 3927 tium.
854 3875 947 3938 (De
996 3878 1154 3929 inser.
1200 3878 1367 3928 Codd.
1411 3878 1557 3928 Torr.
1600 3878 1694 3929 cir.

650 3951 853 4003 Weber
881 3951 1053 4001 Horas
1088 3965 1144 4016 p.
1181 3952 1314 4016 459.)
1354 3953 1585 4018 Tempus
1625 3955 1702 4004 in-

651 4027 861 4077 certum
896 4029 1163 4087 remanet3
1215 4027 1415 4078 Franke
1465 4041 1514 4077 a.
1552 4042 1604 4078 u.
1646 4043 1694 4080 c.

649 4102 764 4163 725,
790 4099 1046 4151 Kirchner
1068 4100 1182 4163 726,
1209 4100 1556 4154 Walckenaer
1578 4103 1694 4153 727.

718 4253 766 4302 2.
806 4251 852 4301 3.
891 4250 1184 4315 criminosis]
1202 4244 1551 4324 ὑβριστῆρας
1570 4248 1700 4319 ἱάμν

1765 1716 1911 1766 chum
1935 1717 2146 1779 proprio
2177 1717 2343 1766 rabies
2371 1718 2593 1767 amavit
2626 1717 2807 1767 iambo,

1769 1789 1952 1840 Catuli.
1991 1790 2072 1851 36,
2115 1792 2165 1840 5.
2236 1791 2701 1841 criminosissimum
2746 1791 2813 1840 li-

1767 1864 1913 1914 brum
1956 1865 2084 1914 dixit
2123 1865 2282 1915 etiam
2327 1867 2470 1915 Suet.
2522 1867 2673 1917 Caes.
2727 1867 2808 1916 75.

1769 1940 2021 1989 Ceterum
2050 1952 2176 1990 eum
2224 1941 2396 1990 totum
2440 1942 2814 2002 argumentum

1768 2013 1954 2064 fletum
1988 2027 2107 2065 esse
2141 2013 2386 2065 videatur
2405 2052 2418 2076 ,
2454 2014 2554 2064 hos
2599 2027 2813 2078 quoque

1767 2087 1978 2138 iambos
2014 2088 2426 2141 contumeliosos
2448 2102 2721 2152 nunquam
2743 2087 2812 2139 ab

1770 2162 1983 2213 Horatio
2006 2164 2234 2227 scriptos
2252 2177 2372 2215 esse
2397 2166 2815 2214 consentaneum

1771 2240 1869 2287 est.
1940 2237 2153 2288 Frustra
2186 2240 2332 2288 certe
2368 2252 2460 2289 eos
2490 2251 2719 2301 quaeres
2760 2238 2815 2288 in

1768 2310 1992 2375 Epodis;
2045 2325 2369 2376 quamquam
2405 2312 2691 2363 Grotefend
2722 2325 2815 2361 re-

1769 2384 1872 2435 fert
1893 2385 1962 2435 ad
1984 2385 2150 2449 Epod.
2180 2387 2257 2437 45.
2280 2425 2291 2446 ,
2324 2388 2526 2437 Franke
2550 2387 2619 2436 ad
2642 2387 2808 2450 Epod.

1772 2460 1850 2510 47.
1881 2461 1947 2524 (v.
1969 2459 2069 2524 42.)
2105 2462 2197 2513 Est
2216 2462 2355 2512 inter
2376 2460 2568 2513 multas
2591 2474 2682 2512 eas
2704 2474 2810 2522 ree,

1770 2548 1904 2598 quas
1978 2548 2120 2586 nunc
2182 2549 2402 2601 prorsus
2477 2536 2809 2598 ignoramus,

1771 2622 2018 2674 quaeque
2048 2611 2119 2662 ad
2150 2611 2315 2674 ipsius
2340 2611 2591 2662 carminis
2623 2608 2814 2660 intelli-

1771 2685 2002 2748 gentiam
2034 2684 2160 2736 nihil
2194 2687 2432 2736 attinent.
2481 2685 2586 2736 Cir.
2621 2682 2814 2736 Dillen·

1769 2758 2061 2822 burgerum
2108 2774 2163 2824 p.
2200 2760 2283 2812 40.
2335 2785 2392 2795 -
2426 2759 2645 2822 modian]
2692 2759 2812 2809 Sive

1771 2834 1954 2884 fictum
1979 2837 2061 2885 est
2082 2836 2454 2897 argumentum
2483 2848 2580 2884 seu
2602 2845 2810 2894 verum,

1770 2908 1874 2959 hoe
1909 2907 2062 2958 dicit:
2104 2910 2323 2970 modim,
2371 2908 2573 2958 «finem
2595 2909 2810 2972 impone

1770 2984 1905 3033 meis
1971 2984 2027 3033 in
2088 2984 2143 3032 te
2213 2982 2595 3034 carminibus.»
2681 2985 2813 3033 Nam

1771 3056 1966 3119 quibus
2010 3056 2175 3108 rebus
2222 3057 2416 3108 modus
2459 3058 2699 3121 ponitur,
2756 3061 2815 3108 ut

1770 3131 1899 3192 irae,
1931 3129 2111 3193 luctui,
2148 3133 2334 3191 amori,
2377 3131 2644 3182 desiderio
2696 3131 2808 3194 (Od.

1772 3207 1820 3266 4,
1872 3205 1954 3267 24,
2009 3207 2104 3270 4.),
2176 3220 2271 3256 eae
2327 3205 2483 3256 simul
2542 3206 2809 3256 finiuntur.

1772 3282 1917 3332 lianc
1976 3281 2241 3331 rationem
2297 3280 2569 3343 volgarem
2636 3278 2813 3331 «felici

1767 3355 2016 3405 audacia»
2065 3354 2329 3406 transtulit
2374 3356 2535 3406 etiam
2579 3354 2648 3405 ad
2693 3368 2814 3405 car-

1770 3430 1930 3481 mina.
1988 3432 2097 3481 Cic.
2127 3431 2277 3481 Verr.
2311 3431 2359 3491 2,
2397 3430 2446 3490 2,
2484 3429 2575 3480 48:
2610 3431 2814 3480 modum

1769 3510 1815 3556 et
1842 3507 1993 3570 finem
2020 3506 2202 3569 facore.
2272 3505 2366 3556 Est
2392 3504 2574 3567 igitur:
2616 3501 2812 3554 «Abole

1769 3579 1902 3641 illoS,
1939 3583 1998 3630 ut
2028 3579 2195 3641 voles,
2230 3580 2343 3630 sive
2379 3578 2669 3630 cremando
2697 3578 2811 3629 sive

1769 3654 1823 3704 in
1857 3667 2004 3705 mare
2039 3653 2386 3705 deficiendo.»
2439 3655 2589 3703 Iuvat
2610 3666 2814 3704 memo—

1769 3743 1890 3779 rare
1931 3730 2207 3780 mirificam
2249 3729 2420 3780 norm.
2468 3727 2811 3792 Peerlkampii

1771 3804 1937 3854 coni:
1988 3806 2124 3867 Quas
2153 3804 2431 3854 criminosis
2459 3817 2654 3866 cunque
2681 3803 2814 3853 voles

1769 3879 1929 3929 modis
1978 3880 2167 3930 Poenas
2212 3877 2425 3941 parabis
2475 3881 2577 3928 cet.
2670 3876 2811 3927 Talia

1773 3954 1914 4004 enim
1950 3954 2117 4017 magis
2148 3953 2305 4003 etiam
2329 3952 2620 4003 exhilarent
2651 3950 2815 4003 lecto-

1770 4042 1887 4078 rem
1920 4041 2142 4079 necesse
2174 4031 2257 4078 est
2278 4027 2458 4079 iocoso
2480 4029 2534 4078 in
2556 4029 2809 4089 carmine,

1773 4104 2068 4154 cuiusmodi
2105 4105 2208 4154 hoc
2243 4105 2351 4161 est;
2386 4102 2440 4152 in
2462 4103 2602 4153 serio
2635 4103 2814 4153 huius-

1773 4177 1916 4228 modi
1959 4178 2328 4229 hariolationes
2385 4177 2583 4228 referre
2634 4177 2814 4241 piacu-

1773 4252 1883 4303 lum
1911 4252 2060 4302 l'oret.
2104 4279 2157 4288 --
2213 4252 2406 4317 iambis]
2441 4253 2526 4303 Sic
2558 4265 2657 4316 pro
2686 4256 2814 4316 poe-
