3234 4975
1202 403 1320 452 LlB.
1357 403 1395 451 1.
1468 402 1524 450 C.
1565 401 1691 451 xlv,

2491 395 2593 459 91·

759 558 853 622 Nil
898 557 1084 645 pictis
1128 557 1388 623 timidus
1433 556 1647 622 navita
1689 555 2013 643 puppibus

843 679 1024 745 Fidit.
1097 680 1221 755 Tu,
1267 678 1390 744 nisi
1434 678 1641 745 ventis

921 799 1138 867 Debes
1182 798 1529 865 ludibrium
1545 851 1558 875 ,
1607 819 1784 865 cave.

757 979 975 1064 Nuper
1017 975 1356 1043 sollicitum
1405 998 1575 1064 quae
1620 975 1771 1042 mihi
1817 975 2129 1050 taedium,

757 1099 938 1165 Nunc
984 1096 1384 1165 desiderium
1426 1118 1714 1186 curaque
1758 1118 1887 1164 non
1932 1097 2116 1173 leviS,

548 1400 627 1452 ⁴4.
665 1400 884 1450 timemus
913 1394 965 1463 ξ,
1002 1401 1062 1450 ut
1091 1398 1331 1450 voluerat
1364 1396 1522 1449 lulius
1557 1398 1755 1448 Caesar
1788 1395 2033 1461 Scaliger.

413 1670 514 1734 tile]
568 1670 735 1719 Etiam
784 1670 839 1719 in
878 1668 961 1719 his
1005 1667 1188 1719 turbas
1226 1665 1463 1718 nonnulli

416 1745 765 1804 concitarunt,
797 1755 1122 1807 quamquam
1139 1743 1462 1793 constructio

417 1822 501 1870 est
535 1816 804 1869 facillima:
845 1836 870 1862 α
890 1818 1127 1879 ουαηηίἐ
1156 1819 1239 1877 tu,
1277 1818 1461 1880 utpote

416 1906 556 1955 quae
591 1893 664 1942 sis
679 1894 833 1953 pinus
851 1894 1056 1943 Pontica
1085 1892 1328 1954 adeoque
1355 1891 1466 1954 fllia

415 1969 571 2017 εϋυαο
607 1967 805 2029 nobilis,
849 1969 1002 2018 iactes
1037 1981 1192 2031 yantas
1237 1969 1416 2016 tuum:
1437 1985 1462 2012 n

421 2035 768 2096 (monendum
801 2042 906 2094 hoc
936 2045 1051 2092 erat
1080 2044 1302 2106 propter
1336 2038 1463 2102 ΗΡ.,

418 2118 510 2180 qui
567 2117 829 2166 distinxit:
903 2116 1210 2179 «Quamvis,
1263 2116 1468 2165 Pontica

414 2193 590 2253 pinus,
638 2191 805 2240 Silvae
831 2191 941 2255 filia
973 2190 1150 2239 nobilis
1179 2191 1360 2251 lactes,
1411 2189 1467 2239 id

419 2268 530 2315 est:
571 2268 653 2314 «te
682 2266 847 2315 iactes
875 2264 1036 2317 filiam
1060 2265 1246 2328 cet.»):
1286 2266 1469 2315 «iactes

421 2346 468 2390 et
497 2352 690 2400 nomen,
723 2350 862 2401 quae
896 2338 1021 2389 nihil
1051 2340 1268 2390 omnino
1300 2342 1354 2390 te
1381 2341 1467 2390 iu-

418 2416 594 2464 vant.»
662 2415 721 2462 In
753 2427 804 2462 v.
838 2415 991 2464 iactes
1037 2427 1166 2464 sane
1211 2413 1345 2465 lenis
1385 2417 1468 2466 est

419 2489 795 2554 reprehensi0‚
868 2502 1208 2552 nequaquam
1285 2493 1465 2542 tamen

419 2565 570 2627 quasi
619 2563 813 2622 delicti,
863 2566 1084 2628 propter
1131 2564 1274 2628 quod
1315 2579 1469 2615 com-

417 2638 642 2689 missum
676 2638 901 2688 deorum
927 2651 1062 2701 pace
1093 2640 1145 2688 et
1168 2639 1358 2690 auxilio
1392 2642 1469 2690 in-

421 2713 578 2776 digna
617 2711 749 2761 iacta
786 2713 868 2762 sit.
951 2712 1264 2763 Incredibile
1297 2727 1465 2778 prope

419 2790 532 2846 est,
578 2788 799 2851 propter
842 2787 976 2846 hoc,
1024 2788 1180 2850 pute,
1216 2787 1463 2848 verbum,

418 2861 681 2924 scaligero
709 2860 972 2924 placuisse
997 2862 1242 2920 harnidum
1281 2874 1469 2925 quam-

419 2949 582 3000 quam
631 2935 777 2985 idem
823 2937 1098 3000 repertum
1147 2937 1230 2987 est
1267 2938 1321 2987 in
1359 2950 1466 2986 uno

419 3009 552 3060 Cod.
596 3009 741 3060 Leid.

487 3158 566 3208 43.
589 3158 669 3209 44.
696 3157 890 3223 nomen]
915 3160 1142 3229 κυρίως,
1165 3161 1468 3223 «antiquam

422 3233 499 3283 rei
554 3231 798 3297 publicae
854 3232 1090 3296 gloriam.
1115 3253 1140 3279 »
1196 3262 1250 3270 —-
1306 3236 1467 3300 pictis]

419 3310 633 3371 Puppes
681 3308 997 3359 intrinsecus
1043 3312 1096 3358 et
1141 3311 1469 3361 extrinsecus

422 3383 580 3431 variis
620 3382 887 3435 coloribus
919 3383 1288 3448 pingebantur.
1359 3386 1468 3435 lam

420 3457 566 3519 apud
611 3459 901 3508 Homerum
946 3458 1002 3509 ll.
1049 3457 1107 3520 β,
1161 3460 1283 3510 637;
1337 3456 1472 3525 νῆες

420 3528 827 3603 μιλτοπάρῃοι.
882 3535 945 3592 Et
962 3536 1126 3596 pictus
1153 3533 1366 3586 solitum
1391 3538 1474 3585 est

426 3607 640 3656 navium
691 3608 954 3658 ἐπίθετον
1003 3609 1146 3672 apud
1178 3608 1467 3671 Virgilium.

425 3679 571 3740 (Aen.
589 3682 638 3740 7,
653 3680 1467 3745 43⁴.8,93.)0vid.1-'ast.4‚275:

415 3755 559 3815 picta
595 3756 840 3805 coloribus
875 3758 1286 3819 ustis--puppis,
1324 3758 1471 3821 quod

424 3828 652 3892 explicat
671 3829 801 3881 Plin.
840 3833 901 3882 H.
929 3835 990 3883 N.
1018 3833 1097 3892 35,
1126 3832 1206 3882 44.
1266 3833 1469 3882 Seneca

424 3905 518 3966 Ep.
552 3904 644 3953 76:
680 3906 839 3955 Navis
864 3906 994 3956 bona
1016 3909 1200 3957 dicitur
1219 3922 1320 3956 non
1342 3920 1472 3968 quae

415 3979 646 4039 pretiosis
676 3981 922 4030 coloribus
935 3983 1078 4043 picta
1099 3989 1186 4042 est,
1220 3997 1309 4032 nec
1330 3984 1472 4032 cuius

419 4053 575 4102 lucela
603 4053 746 4104 ebore
775 4057 973 4106 caelata
1000 4063 1096 4118 est,
1145 4085 1197 4093 —
1242 4059 1326 4107 sed
1362 4062 1469 4106 sca-

420 4129 532 4177 bilts
582 4133 628 4178 σι
678 4132 844 4193 timna.
929 4133 1154 4196 Dempta
1208 4133 1464 4195 imagine:

422 4203 599 4252 «Vana
645 4205 833 4255 virium
885 4208 1063 4270 specie
1121 4221 1280 4259 nemo
1338 4222 1470 4258 con—

421 4277 552 4326 fidit.
575 4297 599 4322 n

1601 1667 1684 1717 46.
1752 1666 1924 1731 Debes]
1976 1668 2035 1717 ut
2079 1660 2453 1728 ὀφλισκάνειν
2484 1670 2577 1734 γε’-

1536 1738 1721 1801 λωτα,
1766 1737 1948 1806 δίκην.
2020 1741 2195 1804 Eurip.
2246 1740 2425 1793 Helen.
2476 1745 2572 1794 67:

1535 1813 1621 1881 μή
1665 1830 1771 1881 μοι
1815 1845 1844 1854 -
1876 1845 1908 1855 -
1949 1813 2233 1881 αἰσχύνην
2277 1810 2450 1889 ὄφλῃ.
2521 1820 2578 1869 ln

1537 1903 1697 1954 prosa
1748 1894 1879 1941 orat.
1932 1904 2126 1953 «cave,
2184 1905 2251 1942 ne
2301 1892 2575 1951 debeas»;

1538 1965 1626 2015 hic
1655 1967 1833 2015 autem
1862 1966 2053 2016 miscet
2083 1966 2216 2017 duas
2237 1968 2584 2017 constructio-

1539 2053 1664 2090 nes:
1717 2038 1890 2101 illam‚
1930 2044 1984 2090 et
2019 2041 2149 2091 «nisi
2182 2042 2349 2092 mavis
2382 2042 2577 2106 perire,

1539 2128 1721 2164 cave.»
1766 2113 1891 2166 Aliis
1919 2115 2140 2166 fortasse
2164 2116 2330 2177 magis
2352 2115 2583 2180 placebit

1539 2187 1923 2252 Dillenburgeri
1954 2191 2118 2251 rati0‚
2163 2193 2253 2254 qui
2288 2204 2411 2240 cum
2446 2189 2576 2240 Edd.

1537 2265 1698 2324 vett,
1752 2265 1909 2313 etiam
1938 2262 2164 2324 Aldinis‚
2217 2268 2440 2327 utraque
2475 2266 2582 2313 vir-

1540 2338 1659 2402 gula
1694 2337 1895 2388 deleta:
1937 2340 2070 2389 «Est
2099 2352 2325 2389 rursus»
2346 2378 2357 2399 ,
2394 2339 2579 2401 inquit,

1542 2412 1708 2463 «illud
1741 2415 1931 2476 poetae
1964 2412 2260 2473 artificium,
2300 2426 2406 2476 quo
2440 2412 2583 2461 idem

1541 2502 1739 2539 nomen
1770 2489 1907 2539 inter
1939 2488 2045 2538 duo
2077 2487 2242 2537 verba
2267 2484 2584 2537 collocatum

1540 2564 1816 2626 utriusque
1861 2562 2129 2612 obiectum
2176 2563 2258 2612 est
2305 2561 2451 2624 quod
2492 2574 2586 2610 vo-

1540 2639 1692 2687 cant:
1735 2637 1874 2686 Cave
1920 2635 2234 2696 ludibrium,
2279 2636 2375 2685 nisi
2415 2634 2584 2684 debes

1540 2710 1844 2761 ludibrium.
1930 2712 2163 2760 Dicimus
2217 2710 2358 2758 enim
2406 2709 2583 2758 Latine

1540 2799 1662 2835 cave
1704 2797 1906 2844 canem,
1958 2782 2160 2834 similia.
2232 2783 2335 2834 Cfr.
2385 2784 2489 2831 Sat.
2533 2783 2582 2841 4,

1540 2860 1591 2921 4,
1651 2859 1731 2908 85.
1758 2877 1783 2903 a>
1852 2857 2004 2907 Nolui
2057 2859 2238 2907 tamen
2280 2856 2583 2906 oblitterare

1540 2946 1719 2984 meam
1742 2972 1755 2992 ‚
1807 2935 2032 2996 utraque
2070 2934 2130 2982 ut
2160 2931 2337 2982 denuo
2369 2930 2437 2981 ab
2474 2930 2586 2982 aliis

1542 3007 1889 3073 expendatur.

1609 3085 1784 3134 47-20.
1859 3082 2092 3147 taedium]
2160 3083 2329 3132 «Post
2378 3080 2587 3130 cladem

1542 3158 1936 3223 Philippensem
1976 3156 2249 3220 aegritudo
2274 3169 2398 3206 cum
2433 3155 2588 3206 satie-

1542 3237 1648 3283 tate
1672 3232 1884 3282 militiae
1920 3245 1982 3281 ac
2016 3244 2198 3281 rerum
2231 3230 2463 3282 civilium
2496 3243 2584 3281 me

1543 3310 1800 3371 ceperat»
1850 3306 2027 3370 (multa
2069 3307 2212 3357 enim
2247 3319 2499 3370 perverse
2534 3309 2587 3356 et

1542 3382 1789 3445 imperite
1822 3383 1873 3432 in
1907 3382 2147 3446 partibus
2172 3381 2400 3431 Brutinis
2439 3382 2585 3442 gesta

1543 3457 1730 3519 erant),
1764 3471 1953 3517 «nunc,
1984 3470 2106 3506 cum
2132 3454 2274 3506 salus
2297 3455 2385 3503 tua
2409 3453 2586 3503 denuo

1542 3531 1745 3592 agitur,
1806 3524 2052 3594 {hagnam
2109 3529 2236 3580 mihi
2283 3540 2467 3577 curam
2512 3528 2588 3576 in-

1542 3606 1656 3656 iicis
1688 3618 1751 3655 ac
1784 3607 2128 3656 desider-item.»
2197 3605 2387 3662 Recte,
2436 3604 2584 3664 puto,

1541 3679 1781 3730 Liibker:
1828 3681 1999 3730 Horaz
2048 3680 2234 3742 spricht
2276 3678 2369 3727 den
2411 3677 2588 3726 Weck-

1540 3757 1609 3806 εει
1652 3756 1814 3806 soiner
1854 3757 2123 3806 besondem
2154 3753 2444 3816 politi-sehon
2491 3753 2588 3801 Ge-

1540 3832 1757 3894 sinmmq
1795 3844 1893 3879 von
1927 3832 2016 3880 der
2047 3830 2247 3892 eiqenen
2266 3827 2593 3890 vmmqlitck-

1540 3911 1623 3955 ten
1660 3905 1967 3955 Uieilnahme
2014 3903 2086 3952 bis
2117 3916 2186 3951 zu
2214 3903 2375 3951 seiner
2406 3914 2590 3966 qeqen-

1540 3981 1791 4043 wdrtiqen
1824 3980 2051 4041 inniyen,
2099 3976 2220 4027 aber
2251 3977 2409 4026 stium
2449 3974 2591 4025 Liebe

1539 4071 1661 4108 zum
1687 4057 1864 4106 Staate
1885 4068 1992 4104 aua.
2043 4052 2330 4105 Sollicitum
2354 4051 2586 4102 taedium

1543 4131 1720 4181 driickt
1753 4131 1916 4180 seinen
1949 4130 2122 4193 ἄρηαι
2168 4129 2359 4179 Anthea
2396 4140 2465 4175 an
2501 4126 2590 4174 der

1541 4205 1881 4270 Krioqsarbeit
1913 4206 1997 4254 des
2027 4205 2226 4254 senates
2257 4217 2363 4253 aus.
2397 4231 2450 4237 —
2488 4214 2587 4249 non

1540 4279 1676 4343 lovis]
1711 4293 1809 4345 per
1831 4279 2039 4331 solitam
2065 4275 2331 4342 λιτότητα
2366 4275 2591 4339 «gravis—
