3234 4975
1219 430 1418 481 ussER.

1523 432 1716 482 CARM.
1756 432 1838 481 lx.

2480 427 2603 490 693

1175 882 1852 944 cmxx.

679 1040 952 1121 Quando
996 1049 1327 1128 repostum
1372 1040 1744 1108 Caecubum
1788 1040 1870 1107 ad
1914 1042 2108 1107 festas
2152 1039 2356 1125 dapes

763 1162 1015 1228 Victore
1074 1159 1281 1227 laetus
1327 1161 1606 1228 Caesare

677 1284 916 1347 Tecum
961 1280 1084 1347 sub
1130 1280 1255 1347 alta
1307 1319 1392 1330 —-
1435 1282 1530 1348 sic
1573 1282 1706 1347 Iovi
1751 1291 2000 1369 gratum
2043 1320 2128 1331 —
2170 1281 2401 1358 domo,

763 1403 959 1468 Beate
1004 1403 1379 1480 MaecenaS,
1426 1401 1647 1468 bibam

682 1523 965 1588 Sonante
1006 1508 1273 1589 mixtum
1317 1522 1488 1589 tibiis
1531 1543 1791 1589 carmen
1837 1522 2008 1612 lyra,
2560 1525 2599 1586 5

764 1645 899 1710 Hac
941 1644 1240 1720 Dorium,
1290 1643 1414 1709 illis
1457 1642 1854 1709 barbarum?

553 1786 638 1835 1X.
679 1787 841 1836 inser.
879 1784 1015 1849 volg.
1051 1785 1128 1835 Aa
1158 1787 1525 1845 Maec-enatent,
1564 1786 1622 1834 et
1652 1784 1731 1835 sic
1764 1798 1812 1835 c.
1870 1811 1927 1822 -
1986 1785 2124 1836 Bello
2159 1787 2397 1836 adversus
2426 1785 2534 1835 An—

490 1860 681 1910 tonium
702 1866 747 1910 et
771 1861 1101 1922 Cleopatram.
1142 1860 1382 1923 Desiqnat
1400 1860 1530 1909 votis
1549 1859 1816 1909 vienn-iam
1833 1860 2063 1911 Caesaris
2077 1862 2135 1910 B.
2162 1886 2217 1896 -
2246 1862 2291 1913 4.
2323 1861 2535 1922 Quando

492 1950 521 1985 o
553 1941 806 1998 repostum
839 1938 1056 1985 auctore
1090 1936 1204 1985 Nic.
1244 1936 1459 1986 Heinsio
1492 1933 1663 1985 Bentl.
1704 1962 1757 1972 —
1797 1935 1844 1984 3.
1884 1937 2035 1985 domu
2066 1936 2119 1985 F.
2164 1962 2219 1972 —
2273 1937 2323 1984 5.
2358 1934 2535 1984 mixtis

493 2024 523 2060 e
550 2009 761 2061 duobus
784 2009 1023 2061 Lambini
1049 2009 1216 2061 Codd.
1255 2007 1421 2059 Bentl.

486 2131 572 2180 IX.
611 2130 859 2182 Ultimum
882 2131 986 2180 hoc
1008 2130 1230 2195 Epodon
1253 2141 1472 2180 carmen

425 2204 604 2254 statim
624 2208 746 2268 post
761 2208 1042 2268 acceptum
1060 2205 1294 2267 primum
1310 2203 1476 2252 vieto-

423 2278 533 2326 riae
567 2279 816 2327 Actiacae
862 2278 959 2339 (Ν.
998 2279 1131 2326 Non.
1168 2275 1469 2340 septembr.

424 2363 472 2399 a.
507 2363 560 2400 n.
598 2365 645 2401 c.
680 2351 814 2413 723.)
861 2351 1105 2400 nuntium
1153 2350 1299 2398 domi
1343 2361 1472 2399 suae

421 2425 698 2489 potantem
759 2437 820 2473 se
876 2435 1202 2486 componere
1269 2421 1474 2484 fingens

423 2500 594 2562 optat,
619 2500 680 2547 ut
701 2510 830 2547 mox
860 2496 959 2547 sibi
984 2497 1311 2546 concedatur
1331 2495 1474 2560 apud

422 2573 787 2623 Maecenatem
843 2571 1085 2621 Caesaris
1133 2570 1364 2620 reditum
1409 2583 1473 2619 ac

421 2646 751 2709 triumphum
800 2643 1075 2694 celebrare
1118 2641 1258 2692 laeto
1292 2644 1475 2692 convi-

423 2720 526 2770 vio.
599 2719 867 2769 Posterius
901 2719 1004 2767 hoe
1039 2730 1257 2767 carmen
1287 2715 1473 2780 Epodo

425 2795 471 2842 4.
508 2793 752 2858 proxime
787 2790 1062 2855 praecedit
1096 2790 1191 2840 Od.
1223 2791 1280 2850 4,
1317 2791 1397 2839 37.

490 2868 601 2919 4-4.
653 2867 919 2931 repostwn]
958 2867 1169 2916 avinum
1210 2865 1474 2915 interioris

423 2943 579 2992 notae
594 2943 1036 3004 reservatumque
1050 2940 1120 2990 ad
1131 2940 1247 2990 dies
1259 2938 1438 2989 festos.
1449 2958 1472 2984 u

430 3044 483 3052 —
527 3015 827 3079 Caecubum]
881 3014 1010 3065 Plin.
1059 3015 1122 3064 H.
1169 3016 1230 3064 N.
1278 3013 1365 3074 ⁴4,
1405 3013 1470 3063 6:

423 3090 646 3141 Caecubo
678 3095 791 3140 erat
820 3090 1125 3153 ymen-ostias
1156 3088 1474 3138 celeberrima

422 3166 476 3214 in
517 3164 829 3226 palustribus
868 3163 1120 3225 populetis
1173 3163 1289 3211 sinu
1318 3163 1474 3222 Amy-

422 3239 584 3288 clano.
608 3238 684 3288 Cf.
700 3236 872 3288 Strab.
894 3239 943 3287 5.
964 3251 1018 3302 p.
1038 3237 1127 3287 23⁴
1154 3236 1207 3286 d.
1227 3235 1324 3285 234
1341 3250 1391 3285 a.
1413 3262 1470 3272 -

422 3311 511 3360 sub
554 3312 678 3375 alta]
731 3312 785 3361 in
830 3312 961 3360 turri
1015 3310 1474 3375 (Thurmpalast

421 3384 616 3446 Voss),
662 3397 824 3447 quam
861 3384 1134 3447 dicebant,
1189 3385 1471 3435 Maecena-

422 3459 594 3519 tiana,
632 3459 733 3508 sita
767 3460 820 3507 in
842 3460 1008 3509 hortis
1030 3457 1328 3522 Esquilini&
1372 3457 1467 3507 Od.

423 3532 484 3593 3,
520 3532 614 3592 29,
652 3533 731 3582 40.
783 3533 1120 3595 (Maecenatis
1155 3532 1347 3582 domus
1382 3545 1472 3582 sa-

424 3604 777 3657 luberrimum
819 3605 1057 3655 hahebat
1098 3608 1282 3657 situm.
1323 3606 1467 3654 Suet.

424 3682 534 3730 Oct.
574 3680 665 3729 72:
709 3681 977 3742 Augustus
1011 3692 1209 3743 aeqer—
1230 3680 1286 3727 in
1328 3679 1473 3727 domo

422 3754 726 3805 Maecenatis
765 3753 995 3803 cubabat.
1057 3752 1162 3803 Cfr.
1201 3751 1470 3802 Frandsen

422 3830 753 3892 Maecenasp.
781 3829 878 3878 440
900 3829 1003 3891 sq.)
1028 3856 1081 3864 -—
1119 3828 1316 3877 siclovi
1344 3840 1474 3891 yra-

423 3904 545 3967 tum]
588 3903 801 3953 «Eidem
839 3902 971 3962 Iovi,
1012 3902 1100 3964 qui
1144 3902 1356 3951 Caesari
1390 3901 1473 3950 vi-

424 3978 645 4027 ctoriam
694 3976 987 4036 concessit,
1042 3976 1323 4039 acceptum
1358 3976 1468 4033 est,

422 4055 483 4102 ut
518 4064 639 4101 eam
675 4050 857 4100 debito
893 4048 1053 4099 modo
1078 4047 1470 4099 celebremus»

427 4156 480 4163 —
519 4126 685 4190 Beate]
724 4122 1036 4189 «opulente,
1074 4122 1268 4184 cuique
1293 4122 1472 4171 omnia

424 4215 488 4250 ex
522 4203 646 4250 voto
681 4199 929 4258 cedunt»,
965 4199 1026 4247 ut
1058 4196 1152 4246 od.
1194 4197 1249 4254 4,
1287 4195 1349 4251 4.
1389 4194 1466 4245 ⁴4.

423 4275 530 4325 Cic.
554 4275 621 4325 de
641 4275 794 4324 0122.
819 4274 864 4336 S.
891 4272 1008 4324 ⁴44:
1039 4271 1472 4332 islam--sapion-

1480 2008 1562 2070 (Ut
1594 2020 1722 2070 nos,
1760 2020 1949 2059 omnes
1983 2009 2150 2059 nostri
2184 2010 2237 2058 et
2259 2008 2531 2070 Pottierii.)

1547 2129 1676 2178 tiam
1707 2129 2067 2179 Scaevolarum
2098 2134 2148 2179 et
2178 2133 2457 2179 ceterorum
2489 2127 2602 2177 boa-

1546 2207 1715 2251 torwm
1747 2202 1848 2252 otio
1880 2203 2222 2252 concedamus.
2260 2229 2315 2238 —
2345 2200 2600 2260 «Quando

1547 2276 1616 2326 M.
1660 2276 1885 2325 Antonio
1940 2278 1996 2325 et
2043 2275 2348 2339 Cleopatra,
2404 2274 2600 2337 quibus

1549 2349 1656 2398 iam
1689 2360 1866 2412 pugna
1893 2350 2107 2398 Actiaca
2132 2350 2242 2398 tam
2266 2348 2598 2411 improspere

1549 2423 1738 2483 cessit,
1785 2435 2006 2487 prorsus
2041 2422 2314 2486 oppressis
2347 2434 2602 2471 reverso-

1549 2510 1656 2560 que
1692 2497 1922 2547 Caesare
1948 2497 2169 2547 Romam
2194 2497 2246 2545 in
2271 2496 2385 2545 eius
2408 2496 2599 2544 trium-

1550 2571 1642 2635 phi
1675 2570 1940 2619 honorem
1972 2571 2161 2633 potare
2195 2570 2335 2618 inter
2366 2581 2465 2618 nos
2498 2582 2599 2631 po-
2656 2616 2673 2629 ,

1550 2644 1853 2694 terimus?»
1910 2645 2021 2693 Nec
2062 2656 2193 2692 vero
2229 2656 2296 2692 ex
2338 2642 2443 2691 hoc
2478 2655 2599 2691 car-

1550 2719 1694 2767 mine
1763 2715 1931 2778 colligi
1996 2717 2174 2779 potest
2233 2717 2597 2766 Maecenatem

1550 2803 1675 2841 cum
1709 2791 1942 2852 Augusto
1986 2791 2041 2839 et
2089 2790 2317 2852 Agrippa
2364 2788 2596 2838 adfuisse

1550 2866 1602 2913 in
1638 2864 1756 2914 acie
1786 2863 2020 2913 Actiaca.

1614 2940 1664 2988 ὅ.
1692 2938 1739 2987 6.
1776 2936 2014 3000 sonante]
2050 2936 2434 3000 symphoniam
2457 2935 2599 2999 (car-

1547 3011 1681 3076 men)
1725 3010 1852 3061 dicit
1893 3025 1958 3061 ex
2001 3010 2128 3060 artis
2161 3010 2398 3060 musicae
2438 3022 2599 3073 prae-

1550 3087 1720 3149 ceptis
1770 3083 2069 3135 alternatim
2126 3097 2247 3134 sese
2301 3084 2597 3148 excipiente

1547 3163 1709 3224 atque
1777 3160 1876 3209 rite
1950 3159 2246 3222 composita
2320 3158 2598 3208 harmonia

1548 3236 1775 3299 Phrygia
1827 3234 1980 3299 (tibiis
2031 3232 2256 3295 duabus)
2303 3235 2358 3282 et
2406 3234 2597 3283 Dorica

1547 3309 1723 3375 (lyra),
1762 3306 2060 3359 cuiusmodi
2096 3307 2415 3370 symphonia
2449 3307 2601 3358 femi-

1546 3397 1647 3434 nae
1704 3381 1879 3445 lyram
1936 3380 2120 3431 dextra
2170 3378 2375 3443 plectro
2433 3380 2595 3441 soriS,

1545 3458 1755 3508 sinistra
1809 3455 1981 3518 digitis
2032 3455 2173 3503 intus
2224 3454 2595 3515 percutientiS,

1548 3531 1773 3580 tibicinis
1807 3541 1933 3578 cum
1965 3526 2106 3578 tibiis
2146 3525 2365 3590 paribus
2399 3526 2599 3576 dextris

1547 3607 1602 3655 et
1633 3603 1886 3663 sinisti-13,
1930 3604 1985 3655 et
2018 3600 2265 3650 canti-icis
2300 3612 2424 3649 cum
2460 3601 2598 3649 notis

1547 3678 1766 3729 musicis
1802 3686 2052 3740 expressa
2078 3674 2161 3741 est
2184 3674 2236 3721 in
2260 3671 2437 3722 tabula
2462 3673 2598 3722 Her-

1547 3751 1820 3802 culanensi
1866 3748 2035 3798 Musei
2079 3745 2366 3796 Borbonici
2399 3746 2514 3796 Vol.
2554 3749 2592 3796 1.

1546 3825 1870 3876 Tab.XXX1.
1912 3821 2016 3872 Cfr.
2044 3820 2139 3870 Od.
2163 3819 2220 3880 4,
2243 3821 2330 3879 ⁴5,
2352 3820 2432 3870 30.
2459 3819 2522 3881 4,
2547 3822 2593 3881 4,

1546 3899 1609 3949 23
1635 3911 1719 3962 sq.
1760 3926 1814 3934 -
1852 3897 1960 3946 Hac
1982 3895 2215 3960 Dorium]
2252 3894 2401 3945 Pind.
2429 3893 2505 3944 Ol.
2535 3896 2555 3944 4
2583 3933 2593 3955 ,

1548 3972 1637 4021 ⁴7:
1692 3965 1837 4020 ἀλλὰ
1875 3968 2102 4057 Δωρίαν
2136 3962 2255 4018 ἀπὸ
2300 3964 2599 4037 φόρμιγγα

1546 4040 1852 4094 πασσάλου
1877 4040 2149 4108 λάμβαν’.
2189 4038 2329 4107 (Τὴν
2351 4042 2597 4113 Δωριστὶ

1547 4113 1856 4205 ἁρμονίαν)
1904 4119 2242 4186 πολεμικοῖς
2290 4114 2535 4189 ἀνδράσι
2569 4147 2597 4159 -

1546 4222 1575 4232 -
1607 4188 1983 4264 ἁρμόζουσαν
2024 4196 2179 4245 vocat
2221 4192 2480 4243 Plutarch.
2527 4193 2594 4241 de

1547 4271 1679 4322 Mus.
1703 4283 1750 4319 c.
1782 4269 1860 4319 ⁴7.
1889 4281 1943 4332 p.
1967 4269 2108 4320 ⁴⁴36.
2131 4284 2176 4319 c.
2213 4297 2265 4307 --
2305 4266 2593 4329 barbarum]
