3234 4975
671 383 793 447 200

1418 386 1672 435 HORATII
1707 385 2040 437 CARMINUM

1002 541 1403 627 Mutataeque
1448 539 1638 606 simul
1684 550 1888 628 togae.

1166 662 1398 728 Cressa
1444 682 1526 728 ne
1571 672 1790 728 careat
1833 660 2098 749 pulchra
2146 662 2286 728 dies
2332 672 2515 735 nota,

2733 662 2811 726 40

1000 786 1135 849 Neu
1180 794 1510 870 promptae
1556 782 1787 849 modus
1839 783 2217 872 amphorae,

1172 905 1309 970 Neu
1353 925 1599 971 morem
1645 905 1708 969 in
1752 905 1992 971 Salium
2036 905 2117 971 sit
2159 906 2418 992 requies
2462 904 2728 993 pedum,

1000 1066 1137 1130 Neu
1184 1062 1360 1129 multi
1406 1062 1688 1130 Damalis
1731 1063 1889 1129 meri

799 1254 874 1302 40.
934 1253 1135 1302 Thressa
1180 1252 1400 1303 lacobus
1443 1265 1473 1301 a
1520 1252 1707 1302 Cruce.

732 1339 903 1390 usque
933 1327 1003 1378 ad
1035 1328 1092 1386 2,
1132 1328 1185 1386 4,
1224 1328 1301 1378 47.

669 1496 727 1543 ut
754 1493 848 1543 Od.
875 1494 933 1553 2,
974 1494 1024 1555 2,
1049 1494 1104 1544 2:
1143 1495 1364 1556 lammae,
1402 1495 1497 1545 Od.
1523 1495 1580 1555 4,
1620 1495 1701 1553 43,

667 1568 755 1617 20:
807 1573 1089 1630 Μαι.
1130 1567 1525 1621 Barbarismum
1568 1570 1703 1620 mire

665 1643 820 1692 vocat
842 1643 1109 1694 Charisius
1142 1643 1199 1703 4,
1238 1645 1283 1693 4.
1321 1658 1373 1708 p.
1411 1644 1523 1694 238.
1562 1646 1617 1693 P.

731 1753 780 1803 9.
838 1753 997 1817 toque]
1056 1754 1274 1817 Cognati
1336 1756 1470 1805 inter
1528 1770 1587 1807 se
1652 1759 1707 1807 et

668 1828 822 1877 amici
857 1827 972 1878 filiis
1007 1828 1315 1892 aequalibus
1348 1844 1454 1880 uno
1490 1831 1707 1883 eodem-

669 1913 773 1963 que
797 1900 901 1961 die,
940 1914 1046 1964 quo
1069 1904 1235 1965 magis
1266 1902 1536 1955 sollemnis
1561 1909 1707 1956 esset

669 1974 1013 2036 caerimonia,
1052 1978 1228 2040 togam
1259 1992 1449 2042 puram
1481 1981 1592 2029 sive
1624 1980 1707 2028 vi-

666 2047 817 2098 rilem
855 2045 938 2111 (τό
975 2043 1316 2122 ἀπόρφυρον
1354 2054 1453 2103 καὶ
1489 2051 1707 2104 τέλειον

666 2118 897 2187 ἱμάτιον
928 2123 1060 2176 Plut
1096 2128 1214 2177 Ant.
1253 2128 1306 2177 74
1322 2128 1353 2191 .)
1390 2128 1615 2190 dabant,
1653 2131 1708 2180 et

668 2198 885 2261 quidem
919 2199 1244 2253 Liberalibus
1277 2216 1325 2252 a.
1352 2203 1404 2253 d
1431 2204 1558 2253 XVI.
1592 2203 1703 2254 Kal.

667 2271 828 2336 April.
867 2274 974 2324 Cic.
1013 2275 1083 2325 ad
1114 2278 1217 2327 Att.
1257 2278 1314 2339 6,
1353 2279 1408 2337 4,
1448 2279 1526 2327 42.

734 2386 813 2435 40.
863 2387 1277 2453 Cressa--nota]
1314 2388 1439 2438 Plin.
1470 2391 1530 2439 H.
1557 2392 1617 2440 N.
1645 2391 1702 2450 7,

667 2458 757 2512 40:
788 2461 930 2512 Vana
947 2463 1229 2513 mortalitas
1249 2468 1295 2513 et
1309 2465 1708 2515 ‹idcir-cimon·-

668 2536 877 2586 bendwm
908 2551 958 2587 se
989 2539 1150 2601 ipsam
1180 2541 1436 2602 ingeniosa
1456 2546 1710 2602 computat

664 2624 804 2660 more
840 2612 1076 2662 macine
1105 2614 1292 2676 gentis,
1330 2628 1459 2675 quae
1490 2615 1708 2665 calculos

665 2685 829 2735 colore
860 2684 999 2749 (albo
1034 2690 1087 2737 et
1124 2688 1288 2752 nigro)
1325 2690 1577 2740 distinctos
1606 2705 1708 2752 pro

664 2761 1000 2822 emper-intento
1032 2763 1268 2824 mirasque
1307 2764 1404 2813 diei
1437 2765 1490 2814 in
1520 2779 1707 2815 urnam

665 2836 831 2884 condit
852 2849 915 2884 ac
934 2849 1163 2897 supremo
1186 2839 1264 2886 die
1285 2844 1543 2899 separatos
1564 2841 1710 2889 dinu-

664 2914 829 2959 merat
860 2914 1009 2971 atque
1047 2912 1121 2960 ita
1158 2913 1218 2961 de
1256 2926 1449 2975 quoque
1472 2928 1707 2975 pronun-

666 2984 775 3033 tiat.
833 2984 1032 3035 Eadem
1056 2987 1384 3037 consuetudo
1406 2988 1490 3038 vel
1513 2991 1563 3038 in
1586 3003 1709 3052 pro-

666 3055 910 3107 verbium
960 3058 1115 3120 abiit,
1168 3060 1253 3110 vel
1304 3075 1421 3112 eam
1473 3061 1708 3113 nonnulli

668 3132 827 3182 etiam
870 3133 1011 3196 apud
1058 3136 1289 3186 Graecos
1335 3138 1705 3201 Romanosque

669 3205 1024 3257 imitabantur.
1114 3209 1298 3260 Catull.
1354 3212 1482 3270 407,
1537 3213 1600 3262 6:
1668 3213 1709 3261 0

669 3281 828 3329 lucem
847 3283 1135 3333 candidiore
1154 3288 1303 3334 nota!
1337 3287 1548 3336 Persius
1570 3287 1619 3346 2,
1649 3287 1704 3335 ⁴:

667 3355 827 3416 Huic,
855 3359 1106 3418 Macrine,
1132 3360 1261 3410 diem
1281 3375 1491 3411 nwnera
1510 3364 1712 3411 meliore

668 3430 855 3492 lapillo.
908 3430 1035 3482 Plin.
1090 3435 1218 3498 Epp.
1258 3435 1317 3495 6,
1359 3437 1446 3484 44;
1508 3436 1549 3484 0
1582 3437 1711 3485 diem

669 3504 856 3554 taem
892 3508 1167 3557 notandum
1205 3509 1326 3558 mihi
1363 3511 1711 3561 candidissimo

669 3580 889 3631 calculo!
944 3581 1188 3633 Martialis
1234 3584 1292 3644 8,
1341 3583 1432 3644 45,
1481 3587 1530 3634 2.
1588 3587 1712 3649 post

669 3654 901 3706 reditum
943 3658 1127 3708 amici:
1186 3657 1314 3706 hanc
1352 3658 1510 3708 lucem
1551 3660 1714 3709 lactea

669 3743 867 3794 amma
898 3737 1044 3783 notet
1113 3733 1362 3783 Ceterum
1386 3733 1491 3783 iam
1515 3734 1714 3797 Sopho-

672 3803 780 3855 cles
848 3806 899 3855 in
968 3807 1281 3858 Athamante
1346 3807 1546 3869 Fragm.
1629 3808 1707 3857 40.

672 3879 824 3930 Dind
874 3877 1082 3946 λευκὴν
1136 3875 1354 3951 ἡμέραν
1408 3877 1515 3947 τὴν
1568 3877 1712 3949 ἀγα-

670 3948 787 4019 θὴν
820 3955 1036 4005 dixerat.
1092 3985 1144 3993 —
1192 3958 1429 4007 &essai
1470 3971 1523 4021 q.
1563 3957 1708 4017 alba,

673 4028 932 4090 candida,
991 4032 1113 4094 quia
1168 4035 1313 4081 creta
1368 4045 1432 4082 ex
1480 4032 1708 4092 Cimolo‚

672 4117 834 4168 parva
878 4103 1044 4154 insula
1092 4120 1260 4171 prope
1312 4109 1525 4158 Cretam
1582 4109 1710 4170 sita,

672 4192 704 4227 a
750 4180 922 4229 nautis
958 4180 1300 4231 Cretensibus
1348 4183 1566 4232 Romam
1614 4182 1713 4232 ad-

673 4252 981 4303 vehebatur.

1743 1280 1814 1311 ,—-
1865 1254 1988 1303 Post
2030 1266 2081 1302 v.
2129 1254 2206 1303 40.
2261 1252 2440 1303 deficit
2488 1253 2665 1305 Codex
2707 1255 2742 1304 d

1845 1496 1921 1544 44.
1962 1497 2040 1545 ⁴2.
2088 1496 2193 1545 «Ne
2227 1495 2447 1547 modum
2481 1498 2659 1547 servet
2689 1509 2814 1560 par-

1777 1570 1994 1633 ciorque
2029 1569 2096 1621 sit
2128 1583 2347 1635 promus
2381 1571 2585 1621 condus
2617 1570 2700 1621 vel
2723 1584 2817 1635 po-

1778 1642 1980 1694 cillator
2027 1645 2080 1693 in
2129 1645 2399 1708 amphoris
2449 1658 2513 1695 ex
2555 1646 2813 1709 apotheca

1777 1718 2180 1783 depromendis,
2217 1732 2325 1768 neu
2347 1732 2620 1770 cessemus
2651 1718 2816 1768 Salio-

1776 1807 1924 1854 rum,
1975 1796 2153 1845 Martis
2192 1794 2557 1854 sacerdotum,
2610 1795 2662 1844 in
2696 1807 2817 1844 mo—

1779 1868 1907 1919 dum
1974 1866 2165 1919 saltare
2184 1884 2195 1927 ;
2215 1887 2239 1913 1·
2307 1882 2445 1932 quae
2509 1866 2817 1919 exsultantis

1777 1942 2005 1993 laetitiae
2057 1942 2437 1993 demonstratio
2478 1943 2615 1992 inter
2655 1941 2817 1993 soda-

1777 2016 1905 2067 lium
1940 2017 2214 2067 dumtaxat
2245 2018 2665 2080 compotationes
2694 2030 2820 2067 cou-

1779 2104 1930 2142 cessa
1983 2095 2113 2141 erat.
2201 2092 2305 2142 Cir.
2361 2090 2456 2141 Od.
2509 2090 2568 2148 4
2623 2092 2679 2153 4,
2730 2091 2812 2142 28.

1781 2167 2030 2215 Ceterum
2076 2166 2271 2215 Salium
2316 2166 2403 2215 hic
2442 2167 2498 2216 et
2529 2164 2623 2215 Od
2661 2164 2719 2226 4,
2757 2166 2814 2224 4,

1779 2240 1861 2290 28.
1898 2240 2322 2303 prosatorem,
2369 2242 2430 2289 ut
2472 2241 2603 2303 Epp.
2643 2240 2700 2300 2,
2755 2239 2814 2297 4,

1779 2313 1892 2365 244.
1941 2314 2176 2364 Boeotiam
2218 2326 2315 2378 pro
2355 2314 2664 2363 Boeotorum.
2723 2310 2818 2362 Alii

1778 2402 1875 2453 pro
1909 2389 2099 2438 adieci.
2138 2388 2355 2449 babent,
2404 2390 2464 2438 ut
2497 2388 2618 2439 siti.
2647 2401 2699 2451 q.
2727 2388 2819 2436 So-

1778 2462 1972 2524 liarem‚
2009 2462 2105 2514 sed
2132 2463 2246 2514 sine
2270 2461 2371 2513 alio
2395 2460 2638 2527 exemplo
2659 2474 2820 2525 prae-

1780 2541 1861 2589 ter
1894 2536 2192 2589 obsoletum
2240 2537 2364 2588 illud
2398 2537 2540 2602 apud
2575 2539 2814 2587 Festum:

1779 2614 1950 2664 Saliae
1979 2613 2212 2676 virgines.

1845 2762 1925 2812 43.
1975 2762 2118 2811 multi
2150 2789 2179 2799 -
2211 2762 2354 2826 meri]
2398 2761 2817 2813 «bibacissima.»

1780 2837 1887 2886 Cic.
1915 2837 1983 2886 ad
2007 2838 2147 2886 Fam.
2175 2837 2224 2896 9,
2251 2838 2340 2885 26:
2367 2837 2535 2898 hospes
2557 2852 2656 2886 non
2677 2838 2820 2886 multi

1778 2911 1903 2969 cibi,
1939 2913 2024 2960 sed
2053 2911 2198 2960 multi
2229 2912 2340 2959 ioci.
2414 2910 2699 2962 Callistium
2722 2905 2820 2960 ἄν·

1779 2982 1948 3056 δράσι
1981 2983 2355 3051 διαπινομένη
2390 2989 2719 3036 memoratur
2747 2986 2817 3035 ab

1781 3059 1985 3125 Hedylo
2019 3061 2162 3125 apud
2195 3062 2382 3113 Athen.
2424 3063 2510 3122 44,
2548 3063 2627 3111 74.
2675 3063 2820 3111 Lice-

1781 3139 1873 3189 bat
1907 3136 2049 3186 enim
2071 3136 2289 3186 Athenis
2319 3139 2372 3186 et
2392 3138 2588 3188 Romae
2612 3137 2820 3187 feminis

1781 3212 2085 3264 liberiorem
2101 3212 2265 3261 vitam
2287 3211 2542 3276 amplexis
2564 3212 2819 3261 interesse

1782 3287 2032 3338 conviviis
2066 3287 2374 3336 amantium.
2442 3284 2625 3336 Tibull.
2663 3286 2721 3344 4,
2758 3287 2815 3344 5,

1783 3362 1871 3411 65:
1919 3362 2119 3421 Pauper
2152 3361 2374 3424 (amator
2406 3361 2476 3423 te)
2513 3362 2581 3409 ad
2612 3360 2823 3409 occultos

1780 3437 1957 3500 fitrtim
1990 3437 2189 3485 deducet
2211 3437 2411 3485 amieos.
2450 3435 2596 3485 ovid.
2624 3437 2740 3484 Am.
2766 3434 2816 3494 2,

1782 3513 1840 3571 5,
1881 3509 1958 3560 44.
1997 3509 2227 3559 Damalis
2260 3509 2403 3558 haud
2437 3509 2740 3572 infrequens
2764 3505 2823 3556 li-

1784 3585 2056 3635 bertarum
2092 3597 2289 3634 nomen
2314 3584 2364 3633 in
2388 3584 2648 3646 Inscriptt.
2691 3582 2822 3632 Miro

1784 3673 1912 3710 casu
1948 3660 2022 3721 (ut
2057 3656 2242 3721 Lalage
2260 3697 2271 3718 ‚
2312 3659 2368 3706 ut
2395 3657 2573 3718 Chloe)
2599 3656 2651 3706 in
2673 3655 2826 3706 Blan-

1785 3734 1940 3784 chinii
1992 3731 2330 3783 Columbario
2380 3731 2688 3781 liberter-um
2737 3731 2825 3781 Li-

1783 3809 1901 3858 viae
1947 3820 2000 3871 p.
2044 3807 2123 3856 33.
2162 3809 2269 3857 est:
2317 3808 2558 3856 Danaus.
2630 3805 2822 3855 Ltms.

1785 3884 2128 3932 Saacmmm.
2163 3910 2215 3917 —
2254 3882 2348 3941 Qui
2386 3893 2511 3930 cum
2539 3879 2706 3931 Codd.
2728 3878 2825 3928 ali-

1784 3961 1915 4022 quot
1935 3955 2115 4020 leguut
2135 3958 2235 4006 Nec
2261 3957 2423 4016 medei,
2452 3957 2627 4006 iocum
2656 3968 2828 4004 venu-

1785 4033 2073 4083 stissimum
2103 4033 2503 4082 summoventes
2532 4027 2819 4093 explicant:

1787 4106 2081 4168 «DamaliS,
2140 4119 2278 4170 quae
2335 4104 2464 4156 alias
2521 4119 2624 4155 non
2675 4103 2823 4154 multi

1787 4182 1917 4232 meri
1962 4184 2069 4240 est,
2125 4195 2265 4231 nunc
2315 4183 2535 4244 propter
2575 4179 2822 4230 laetitiam

1785 4258 2007 4307 Bassum
2041 4257 2243 4318 vincat,
2265 4273 2287 4300 n
2335 4257 2446 4306 toto
2479 4253 2595 4305 loco
2629 4254 2823 4303 misere
