3234 4975
642 389 767 453 390

1407 388 1665 439 HORATII
1701 387 2037 439 CARMINUM

979 547 1119 610 Non
1161 543 1262 609 his
1306 543 1603 609 iuventus
1647 551 1787 608 orta
1831 541 2205 629 parentibus

980 664 1203 731 Infecit
1245 685 1496 752 aequor
1538 664 1851 751 sanguine
1896 663 2170 737 Punico,

1066 785 1517 875 Pyrrhumque
1563 794 1628 852 et
1671 785 1996 872 ingentem
2041 785 2275 852 cecidit

2725 787 2808 850 35

1146 907 1526 974 Antiochum
1574 905 2132 995 Hannibalemque
2180 906 2424 987 dirum3

978 1066 1106 1133 Sed
1153 1067 1540 1132 rusticorum
1584 1064 1871 1132 mascula
1914 1064 2185 1131 militum

976 1187 1232 1264 ProleS‚
1282 1186 1553 1253 Sabellis
1598 1185 1790 1253 docta
1835 1184 2156 1273 ligonibus

1062 1311 1336 1376 Versare
1381 1307 1605 1395 glebas
1651 1317 1716 1374 et
1759 1328 2030 1374 severae

1149 1429 1366 1497 Matris
1411 1428 1494 1496 ad
1538 1427 1873 1496 arbitrium
1923 1428 2170 1495 recisos

2725 1430 2809 1493 40

771 1659 852 1709 36.
889 1658 1059 1706 dirimi
1090 1654 1269 1718 bSTc‚
1315 1656 1422 1705 LCt
1454 1655 1510 1704 et
1540 1652 1842 1704 Bentleius:
1880 1655 2066 1704 dumam
2099 1655 2164 1717 d,
2201 1658 2410 1719 septem
2433 1657 2595 1719 Pota,
2634 1658 2736 1708 Fu.

641 1876 798 1922 sane;
835 1862 1182 1912 iustissimam
1206 1860 1382 1924 potius
1415 1860 1469 1909 in
1492 1871 1688 1924 pravos
1755 1859 1904 1922 facile
1933 1860 2193 1921 sustinuiss
2229 1860 2418 1925 durata
2440 1862 2588 1923 pacis
2616 1860 2809 1912 labori-

640 1950 823 1987 mores
856 1937 1024 2000 spirat
1055 1934 1487 1998 indignationem.

705 2046 901 2097 34-36.
937 2045 1180 2109 sanquine
1208 2045 1395 2095 Pumice
1419 2043 1549 2108 cet.]
1585 2045 1691 2094 Re-

641 2122 883 2172 feruntur
919 2120 1055 2170 haec
1094 2119 1165 2168 ad
1201 2116 1405 2169 bellum
1432 2120 1693 2169 Punicum

644 2195 879 2260 primum
916 2193 1025 2258 (cfr.
1062 2193 1252 2255 Od.·2‚
1291 2194 1382 2254 ⁴2,
1419 2193 1517 2257 3.),
1555 2195 1693 2255 Pyr-

644 2269 804 2319 rhum
826 2269 1029 2319 victum
1063 2282 1093 2318 a
1132 2267 1212 2319 Μ’.
1240 2268 1398 2318 Curio
1433 2267 1499 2330 (a.
1540 2281 1595 2317 u.
1639 2280 1687 2317 c.

643 2343 813 2407 479),
875 2340 1223 2393 Hannibalem
1263 2356 1294 2391 a
1337 2344 1395 2392 P.
1445 2342 1690 2406 Scipione

644 2417 788 2482 apud
827 2418 1046 2468 Zamam
1087 2418 1149 2481 (a.
1183 2418 1336 2480 552),
1372 2416 1691 2466 Antiochum

641 2505 897 2556 magnum
930 2507 961 2543 a
995 2491 1074 2543 Μ’.
1113 2492 1275 2543 Acilio
1298 2490 1581 2542 Glabrione
1622 2493 1686 2553 (a.

641 2568 776 2632 563.)
795 2569 852 2618 et
867 2569 921 2617 L.
941 2566 1185 2618 Cornelio
1198 2567 1442 2632 Scipione
1461 2568 1690 2618 Asiatico

643 2642 712 2692 ad
734 2643 1061 2705 Magnesiam
1081 2642 1145 2706 (a.
1172 2640 1307 2704 564.)
1336 2669 1391 2678 --
1427 2642 1690 2707 inqentem]

640 2717 850 2780 poetice
874 2730 973 2781 pro
995 2730 1261 2780 maynum,
1309 2728 1415 2779 quo
1447 2715 1691 2783 ἐπιθέτῳ

640 2791 709 2841 ab
756 2790 868 2841 aliis
927 2792 1199 2842 Antiochis
1249 2790 1689 2854 distinguebatur.

640 2866 901 2916 Maximus
928 2879 1103 2928 reyum
1135 2867 1359 2914 vocatur
1391 2878 1421 2913 a
1456 2864 1608 2915 Floro
1638 2867 1688 2927 2,

643 2940 701 2999 8,
744 2940 792 2989 8.
834 2966 889 2975 —-
943 2939 1138 3002 cecidit]
1191 2938 1323 2987 καθ’
1366 2934 1693 3009 ὑπερβολὴν

641 3026 771 3077 pro:
799 3013 1144 3076 «profligavit,
1164 3012 1409 3062 devicit.»
1429 3040 1483 3048 --
1506 3014 1689 3078 dirum]

642 3086 834 3137 stabile
878 3086 1021 3150 apud
1067 3087 1338 3137 Horatium
1389 3086 1692 3138 Hannibalis

644 3160 911 3213 ἐπίθετον
945 3162 1071 3211 satis
1105 3163 1212 3211 iam
1246 3162 1489 3212 firmatur
1522 3177 1551 3212 a
1592 3176 1693 3213 no-

644 3237 769 3288 stris
805 3235 972 3288 Codd.
1012 3237 1160 3288 Coni.
1189 3236 1284 3287 Od.
1311 3238 1372 3298 2,
1402 3238 1490 3297 ⁴2,
1516 3239 1566 3286 2.

708 3348 792 3400 38.
828 3349 1050 3413 Sabellis]
1087 3349 1140 3399 id
1164 3351 1274 3408 est,
1302 3349 1536 3412 Sabinis,
1572 3363 1692 3400 ma-

641 3427 785 3476 xime
820 3423 964 3489 apud
996 3426 1200 3487 poetas.
1258 3424 1379 3487 (Csr.
1414 3424 1605 3474 Strabo
1639 3427 1687 3475 5.

644 3514 698 3565 p.
735 3500 850 3550 250.
912 3498 1151 3550 Niebuhr
1183 3500 1241 3549 R.
1288 3501 1345 3549 G.
1382 3499 1478 3550 Ed.
1522 3501 1605 3550 lV.
1650 3501 1688 3549 1.

642 3589 695 3641 p.
734 3573 836 3638 96.)
903 3575 982 3624 De
1034 3574 1168 3623 dura
1216 3573 1533 3625 Sabinorum
1584 3577 1691 3625 vita

644 3648 760 3713 lege
794 3647 973 3710 virgil.
1012 3650 1102 3698 Ge.
1140 3650 1190 3708 2,
1217 3649 1304 3698 53⁴
1336 3661 1419 3712 sq.
1469 3652 1600 3699 Aen.
1629 3650 1689 3709 9,

642 3725 813 3776 603—
835 3722 948 3773 643.
1019 3723 1205 3773 Cicero
1238 3735 1338 3786 pro
1373 3724 1576 3786 Ligario
1606 3725 1687 3775 ⁴⁴.

643 3799 870 3851 Sabinos
928 3801 1086 3850 vocat
1133 3798 1457 3862 fortissimos,
1513 3801 1694 3863 florem

640 3875 818 3925 Italiae
850 3887 913 3922 ae
944 3874 1019 3922 rei
1044 3872 1275 3935 publicae
1304 3872 1480 3923 robur.
1531 3871 1693 3923 Colu-

642 3946 801 3999 mella
835 3947 1059 3997 Praefat.
1097 3947 1145 4010 ἓ.
1185 3948 1276 3996 Πε
1321 3949 1451 3997 Vera
1480 3948 1692 3997 illaRo-

644 4022 770 4072 muli
811 4022 979 4082 proles
1035 4022 1250 4072 assiduis
1294 4022 1555 4073 venatibus
1601 4034 1692 4072 nec

640 4095 807 4145 minus
837 4096 1113 4158 agrestibus
1144 4096 1373 4158 operibus
1412 4098 1694 4148 exercitata

637 4169 935 4232 simis-simis
970 4170 1260 4231 praevaluit
1306 4172 1598 4234 corporibus
1630 4185 1693 4221 ac

640 4244 875 4294 militiam
923 4242 1031 4295 belli
1049 4282 1061 4306 ,
1118 4257 1234 4295 cum
1281 4258 1362 4298 res
1385 4247 1692 4309 pastinavit,

1760 1933 1864 1983 bus.
1908 1959 1963 1969 —
2002 1933 2165 1998 docta]
2201 1947 2299 1998 pro
2337 1938 2632 1986 «assuetam

1826 2007 2038 2060 39-44.
2074 2010 2301 2073 severae]
2352 2011 2558 2075 Rigidas
2594 2011 2811 2062 Sabinas

1761 2083 1917 2131 vocat
1957 2082 2105 2132 Ovid.
2149 2085 2267 2135 Am.
2305 2086 2367 2145 2,
2410 2083 2465 2145 4,
2509 2087 2618 2147 45.,
2654 2086 2810 2137 duras

1761 2157 2067 2219 Propertius
2118 2157 2175 2219 3,
2230 2158 2293 2209 30
2335 2159 2409 2223 (2,
2456 2158 2571 2221 32),
2617 2159 2698 2212 47.
2749 2188 2805 2197 -

1760 2229 1819 2278 In
1852 2229 1956 2280 hoc
1990 2230 2075 2281 vel
2115 2232 2346 2283 maxime
2389 2234 2624 2283 cernitur
2656 2233 2810 2284 Sabi-
2889 2228 2894 2233 ’

1762 2316 1862 2353 nae
1929 2304 2237 2369 disciplinae
2294 2307 2552 2358 severitas
2576 2346 2588 2369 ,
2663 2309 2810 2372 quod

1762 2379 1923 2428 etiam
1957 2380 2177 2431 iuvenes
2211 2380 2372 2431 adulti
2397 2384 2628 2433 matrum
2654 2383 2808 2434 iussis

1761 2452 1982 2505 obedire
2001 2456 2073 2517 et,
2089 2469 2212 2507 cum
2224 2469 2324 2521 per
2340 2458 2512 2508 totum
2525 2456 2667 2508 diem
2680 2469 2807 2508 arva

1761 2528 2070 2591 coluerunt,
2125 2533 2338 2595 vesperi
2372 2530 2496 2583 lassi
2530 2532 2637 2583 iam
2669 2531 2807 2596 ligna

1762 2603 1991 2653 caedere
2049 2604 2378 2669 domumque
2443 2609 2656 2670 portare
2708 2606 2808 2658 de-

1760 2675 1908 2726 bent.
1935 2704 1988 2713 —
2025 2676 2211 2743 (fustesJ
2229 2680 2608 2731 Holzkolben.
2633 2681 2806 2746 Voss)

1826 2751 1907 2802 42.
1967 2751 2048 2802 43.
2107 2755 2354 2819 Mutaret]
2412 2757 2554 2819 Virg.
2592 2755 2698 2807 Ecl.
2743 2758 2805 2817 2,

1762 2827 1859 2876 66:
1919 2827 2147 2891 Adspice,
2201 2835 2388 2880 aratra
2427 2831 2544 2895 iuqo
2587 2831 2811 2894 refemmt

1761 2915 2000 2964 suspensa
2054 2903 2249 2952 itm-enci
2296 2905 2362 2954 Ec
2418 2904 2495 2953 sol
2545 2909 2811 2955 crescentes

1761 2977 1994 3025 decedens
2041 2978 2264 3039 duplicat
2312 2979 2535 3027 unsubras.
2577 3003 2630 3014 —
2684 2978 2811 3044 iuga

1762 3050 1991 3114 demeret]
2026 3048 2308 3114 βούλυσις
2327 3089 2341 3112 ,
2377 3048 2663 3115 βουλυτός
2696 3054 2808 3103 Ho-

1763 3126 1913 3175 meri.
1987 3125 2049 3176 Ut
2080 3139 2270 3177 aurora
2315 3126 2490 3178 bobus
2534 3129 2655 3190 iuga
2704 3129 2809 3177 im-

1760 3200 1910 3263 ponit
1933 3199 2163 3261 (Hesiod.
2190 3201 2247 3251 O.
2276 3202 2331 3251 et
2350 3203 2411 3252 D.
2434 3203 2522 3252 58⁴
2545 3216 2556 3251 ε
2577 3196 2723 3264 Ἧώς
2742 3228 2769 3239 -
2785 3229 2811 3239 -

1762 3274 1856 3325 ἐπὶ
1889 3269 2030 3340 ζυγὰ
2061 3272 2240 3334 βουσὶ
2272 3275 2545 3342 τίθησιν.)
2564 3312 2578 3335 ,
2616 3277 2694 3327 sic
2728 3275 2807 3327 sol

1763 3348 2014 3399 occidens
2039 3348 2223 3401 demit.
2264 3376 2319 3386 —
2346 3351 2582 3416 amicum]
2617 3353 2676 3401 ut
2708 3352 2810 3413 φί-

1761 3420 1897 3483 λον,
1956 3424 2165 3484 gratum
2204 3423 2401 3487 diuque
2441 3428 2808 3489 exspectatum

1761 3496 1828 3546 ad
1863 3498 2100 3560 quietem
2135 3498 2467 3562 capiendam.

1826 3570 1909 3621 45.
1947 3573 2236 3637 Damnosa]
2286 3574 2502 3634 «omnia
2537 3572 2808 3637 paullatim

1761 3646 2083 3696 detrimento
2107 3647 2345 3698 afficiens
2366 3661 2430 3698 ac
2460 3647 2808 3699 dissolvens.»

1761 3721 1908 3771 ovid.
1953 3722 2075 3772 Met.
2120 3720 2209 3782 ⁴5,
2251 3720 2375 3773 234:
2438 3723 2645 3785 Tempus
2674 3724 2811 3772 edam

1760 3809 1934 3846 rerum
1949 3802 2099 3858 ltaque
2114 3796 2363 3846 invidiosa
2371 3801 2609 3857 vetustas,
2631 3797 2813 3847 Omnia

1762 3871 2030 3921 destruitis.
2060 3896 2115 3906 —
2157 3870 2426 3936 iminuit]
2465 3871 2697 3922 «sensim
2719 3870 2812 3922 de-

1763 3944 1931 3996 bilitat
1975 3959 2040 3995 ac
2089 3945 2327 3996 deterius
2367 3945 2568 4007 reddit,
2614 3947 2675 3996 ut
2712 3957 2812 3996 nos

1762 4021 2116 4071 sehmdlern.
2187 4022 2289 4071 Pro
2322 4021 2678 4080 comminuere,
2714 4019 2812 4068 mi-

1763 4097 1985 4146 nutatim
2034 4095 2346 4159 infringere,
2405 4094 2715 4154 destruere,
2753 4096 2813 4142 ut

1763 4169 1997 4222 nonnulli
2029 4169 2237 4230 volunt,
2274 4169 2478 4220 dictum
2511 4183 2618 4219 non
2654 4169 2753 4217 est.

1825 4243 1907 4296 46.
1955 4245 2102 4307 peior
2142 4243 2275 4309 avis]
2336 4244 2603 4295 «vitiosior
2635 4242 2810 4292 aetate
