3234 4975
1142 423 1258 475 Lm.
1299 427 1335 473 l.
1407 426 1464 475 C.
1503 424 1742 476 xxxvn.

2463 422 2586 486 205

767 580 1202 647 Contaminato
1247 601 1393 647 cum
1436 601 1631 668 grege
1687 580 1968 668 turpium

760 701 980 767 Morbo
1025 702 1337 779 virorum,
1384 701 1697 790 quidlibet
1742 703 2057 789 impotens

2506 701 2586 767 lo

887 825 1163 911 Sperare
1208 824 1588 911 fortunaque
1634 823 1804 890 dulci

988 945 1195 1011 Ebria.
1284 946 1411 1011 Sed
1456 946 1682 1011 minuit
1723 946 2002 1011 furorem

760 1105 874 1169 Vix
916 1124 1042 1168 una
1087 1124 1317 1191 sospes
1364 1105 1543 1170 navis
1588 1103 1671 1169 ab
1715 1104 1986 1191 ignibus,

556 1293 634 1342 40.
672 1291 847 1342 Morbo
875 1293 1118 1357 vir-om]
1156 1293 1548 1354 Opprobriorum
1580 1291 1810 1344 malebat
1842 1292 2007 1344 Bentl.

428 1452 532 1501 Hos
580 1448 746 1500 multa
795 1463 919 1500 cum
968 1450 1259 1501 acerbitate
1308 1452 1466 1501 vocat
1540 1450 1652 1511 alii,
1689 1449 1956 1513 VirgiliuS,
2003 1452 2201 1513 LiviuS,

425 1538 623 1589 gregem
654 1527 1046 1574 contaminatum
1083 1525 1367 1589 (impurum
1401 1538 1465 1574 ac

426 1598 668 1661 foedum)
718 1601 944 1649 virorum
989 1600 1161 1649 morbo
1212 1600 1463 1662 turpium,

427 1673 479 1723 id
523 1674 630 1734 est,
686 1675 774 1737 qui
825 1675 963 1737 turpi
1015 1672 1204 1724 morbo
1256 1672 1463 1723 illicitae

426 1746 651 1798 libidinis
696 1747 1033 1809 laborabant,
1089 1748 1462 1800 morbosorum

425 1821 748 1885 spadonum;
788 1823 990 1873 morbus
1022 1823 1164 1873 enim
1195 1825 1256 1872 ut
1287 1817 1463 1883 νόσος

425 1898 479 1946 et
532 1892 720 1959 πάθος
776 1897 842 1946 de
911 1898 1118 1961 impura
1171 1895 1457 1960 voluptate.

424 1971 625 2021 Seneca
661 1972 754 2034 Ep.
792 1971 879 2021 83:
925 1973 1204 2033 impudicus
1233 1970 1462 2020 morbum

422 2047 681 2109 confitetur
697 2059 758 2095 ac
772 2046 1012 2108 publicat.
1051 2047 1250 2096 Locum
1273 2046 1466 2096 obscu-

423 2120 619 2170 riorem
675 2119 898 2171 illustrat
964 2122 1222 2171 Lucianus
1276 2123 1456 2171 Amor.

421 2195 533 2254 2⁴„
586 2193 678 2244 ubi
724 2194 792 2244 de
838 2196 1095 2246 eunuchis
1138 2194 1345 2244 locutus
1390 2195 1461 2243 ita

420 2270 614 2333 pergit.
662 2261 844 2331 οὕτως
888 2264 925 2335 ἦ
966 2263 1148 2340 μιαρὰ
1180 2271 1278 2319 καὶ
1316 2285 1459 2318 παν·-

419 2340 521 2406 τὸς
551 2340 736 2395 κακοῦ
770 2340 1113 2407 διδάσκαλος
1139 2340 1330 2430 τρυφὴ
1354 2337 1460 2393 αλ-

421 2417 527 2484 λην
560 2412 653 2468 ἀπ’
687 2411 867 2484 αλλης
900 2413 1113 2484 ἡδονὰς
1145 2413 1459 2478 ἀναισχύν-

423 2508 559 2556 τους
604 2492 921 2545 ἐπινοοῦσα
961 2496 1133 2583 μέχρι
1177 2492 1281 2560 τῆς
1325 2487 1458 2544 οὐδὲ

421 2562 671 2639 ῥηθῆναι
703 2566 1024 2636 δυναμένης
1056 2565 1236 2620 νόσου
1271 2565 1459 2619 κατώ-

421 2641 635 2694 λισθεν.
674 2645 939 2694 Eunuchis
975 2645 1129 2707 igitur
1161 2645 1270 2695 suis
1303 2642 1459 2694 Cleo-

421 2720 571 2782 patra
604 2717 750 2768 abuti
783 2717 990 2768 solebat
1012 2718 1081 2768 ad
1101 2717 1462 2768 libidinosissi-

421 2806 567 2844 mam
624 2793 918 2853 Venerem,
990 2806 1151 2856 quam
1203 2792 1461 2856 significat

423 2869 593 2931 Priap.
631 2868 721 2927 78,
758 2868 807 2917 2.
846 2870 901 2917 et
922 2867 1138 2918 Martial.
1173 2869 1252 2928 42,
1289 2868 1370 2917 59.
1401 2893 1455 2901 —

422 2941 484 2990 V.
520 2943 743 3003 turpium
774 2944 979 3000 autem,
1017 2944 1076 2991 ut
1103 2942 1457 3003 contaminato,

425 3016 681 3079 imprimis
723 3015 791 3065 ad
833 3017 1068 3066 animum
1110 3016 1337 3067 refertur
1379 3017 1461 3065 in-

423 3104 550 3143 sana
572 3090 786 3141 libidine
809 3092 1120 3154 flagrantem
1134 3130 1146 3153 ,
1182 3093 1281 3142 etsi
1303 3092 1461 3141 etiam

424 3168 639 3216 externa
687 3167 881 3216 horum
929 3165 1203 3217 hominum
1254 3168 1462 3231 species

422 3238 737 3304 plerumque
783 3240 935 3290 foeda
981 3244 1077 3292 est.
1137 3241 1242 3291 Cfr.
1290 3239 1456 3305 Epod.

424 3315 484 3376 9,
523 3315 610 3365 44;
648 3316 1463 3377 Rmnanus--spadonibussor-

421 3391 530 3439 viro
569 3391 767 3453 rugosis
801 3395 965 3452 potest
997 3390 1330 3455 (praesertim
1366 3391 1464 3439 Po-

425 3464 572 3513 thino
620 3465 677 3514 et
723 3464 1021 3528 Mardioni).
1104 3464 1462 3527 contemptim

422 3539 584 3589 etiam
628 3552 678 3588 v.
713 3553 880 3603 yreqe.
919 3541 1060 3590 Suet.
1098 3541 1193 3590 Tit.
1232 3540 1287 3589 7:
1341 3551 1463 3600 spa-

423 3615 608 3663 donum
636 3626 824 3677 aroges.
865 3615 1141 3678 (Ammian.
1177 3614 1338 3665 Marc.
1378 3612 1458 3674 ⁴4,

423 3689 481 3748 6,
537 3688 627 3737 47:
680 3690 920 3751 spadones
967 3689 1121 3738 luridi
1161 3689 1464 3750 distortaque

422 3762 833 3813 lineamentorum
883 3777 1122 3827 compage
1184 3761 1463 3826 deformes.)

422 3837 583 3885 Tacit
632 3838 765 3887 Ann.
805 3839 894 3899 45,
940 3837 1029 3887 37·
1086 3839 1221 3888 Nero
1263 3838 1352 3887 uni
1397 3850 1463 3886 em

421 3909 508 3959 illo
555 3912 1007 3961 contaminatorum
1054 3926 1205 3975 areae
1254 3913 1308 3962 in
1349 3925 1463 3961 mo-

422 3984 542 4033 dum
561 3984 868 4035 sollenmium
883 3988 1226 4049 coniugiorum
1242 3986 1467 4048 denupsit

423 4060 547 4120 cet„
584 4058 678 4109 ubi
713 4061 825 4110 eius
868 4063 1045 4112 animo
1078 4061 1275 4111 Horatii
1313 4059 1461 4110 locus

422 4131 737 4185 obversatus
768 4134 992 4185 videtur.
1035 4162 1090 4171 —
1128 4135 1188 4183 V.
1213 4136 1459 4196 virorum,

422 4208 473 4257 in
515 4222 623 4273 quo
668 4209 817 4260 multi
859 4211 1170 4271 haeserunt,
1223 4211 1307 4260 est
1336 4211 1460 4259 κατ’

423 4283 710 4353 εἰρωνείαν
760 4285 964 4336 dictum
1013 4298 1110 4349 pro
1166 4298 1258 4345 eo,
1318 4284 1462 4348 quod

2251 1453 2494 1505 Martialis
2531 1456 2578 1515 3,

1540 1526 1620 1574 94.
1671 1526 1728 1585 9,
1774 1526 1855 1575 24.
1894 1525 2162 1589 spadones
2194 1529 2448 1579 semiviros
2485 1544 2583 1580 vo-

1538 1601 1676 1648 cant.
1716 1600 1996 1661 Gregorius
2041 1602 2280 1651 Nazianz.
2319 1605 2371 1654 in
2407 1605 2583 1669 Epita-

1535 1674 1662 1737 phio
1704 1672 1878 1724 Basilii
1921 1674 2016 1725 Ed
2065 1677 2226 1726 Paris».
2279 1678 2421 1728 4778.
2457 1691 2577 1742 pag.

1536 1747 1649 1797 806.
1688 1748 1959 1799 eunuchos
2001 1753 2157 1799 vocat
2199 1745 2335 1813 τοὺς
2375 1750 2436 1802 ἐν
2474 1769 2579 1818 yv-

1535 1818 1719 1885 ναιξὶν
1752 1815 1991 1893 ανδρας,
2028 1822 2090 1873 ἐν
2123 1819 2366 1895 ἀνδράσι
2388 1833 2580 1891 γυναῖ-

1534 1912 1658 1958 κας.
1728 1896 1860 1947 Male
1907 1896 1992 1947 alii
2039 1898 2344 1961 (Scholiasta
2390 1901 2573 1965 Cruq„

1533 1971 1779 2033 Iohnson)
1805 1973 2143 2021 construunt:
2170 1986 2285 2022 cum
2305 1988 2457 2038 ,φερε
2473 1980 2579 2024 tur-

1524 2048 1671 2109 pium
1722 2049 1950 2096 virorum
1997 2050 2334 2099 contammato
2386 2051 2577 2111 morbo,

1534 2123 1654 2186 «qui
1678 2136 1804 2185 grex
1828 2122 2017 2173 morbo
2035 2124 2420 2175 contaminatus
2440 2128 2537 2175 est.
2550 2143 2575 2170 ιι

1599 2198 1678 2246 40.
1721 2198 1799 2247 44.
1869 2199 2112 2260 Impotens
2167 2198 2392 2261 dicitur,
2454 2201 2575 2263 qui,

1533 2284 1658 2321 cum
1681 2271 1760 2321 sui
1786 2285 2005 2336 compos
2030 2286 2134 2322 non
2164 2274 2259 2332 sit,
2295 2277 2578 2338 propterea

1533 2345 1789 2410 quidlibet
1823 2346 1983 2395 audet
2012 2349 2066 2395 et
2097 2348 2340 2410 quamvis
2372 2348 2578 2412 cupidi-

1532 2434 1658 2470 nem
1680 2418 1892 2484 explere
1916 2421 2087 2483 gestit.
2128 2422 2235 2471 Cic.
2257 2420 2325 2470 ad
2351 2423 2491 2471 Fam.
2520 2422 2568 2480 4.

1532 2497 1589 2556 9,
1634 2495 1692 2545 3:
1743 2497 1958 2545 victoria
1978 2523 2007 2532 -
2030 2496 2223 2545 etiarmi
2256 2497 2325 2545 ad
2354 2498 2580 2547 meliores

1528 2572 1679 2630 venit,
1705 2575 1870 2619 tamen
1887 2584 1966 2619 eos
1986 2571 2117 2632 ipsos
2135 2571 2400 2633 ferociores
2420 2572 2580 2632 impo-

1530 2646 1852 2706 tentioresque
1873 2645 2050 2693 reddit.
2084 2645 2160 2694 De
2185 2647 2575 2695 constructione

1532 2719 1669 2769 conf.
1695 2718 1763 2768 ad
1798 2718 1891 2768 Od.
1920 2719 1967 2776 4,
2005 2718 2086 2778 35,
2123 2720 2172 2767 2.
2214 2745 2269 2754 —
2303 2719 2461 2768 dulcis
2480 2733 2580 2768 vo-

1531 2795 1684 2842 catur
1712 2793 1920 2855 fortuna
1952 2792 2108 2842 nimis
2143 2790 2337 2841 blanda
2363 2795 2417 2841 et
2449 2804 2577 2856 pro-

1530 2871 1714 2932 pterea
1739 2866 1888 2916 fallax
1910 2869 2069 2930 atque
2094 2866 2310 2916 exitium
2334 2865 2569 2916 allatura.

1599 2943 1678 2992 42.
1715 2942 1888 3006 Ebria]
1928 2940 2123 2991 «rebus
2158 2941 2408 2992 secundis
2443 2940 2577 2992 elata

1535 3020 1589 3067 et
1643 3018 1814 3080 impos
1870 3017 2132 3075 mentis‚»
2203 3014 2355 3066 solito
2420 3018 2578 3067 etiam

1535 3092 1747 3141 Graecis
1797 3095 1967 3155 tropo.
2017 3094 2206 3140 Anacr.
2254 3092 2455 3154 Fragm.
2495 3092 2576 3142 47.

1533 3179 1586 3230 p.
1649 3165 1760 3215 405.
1818 3166 2036 3228 Bergk:
2102 3161 2337 3229 μεθύων
2388 3159 2574 3235 ἔρωτι.

1535 3241 1797 3304 Theophr.
1844 3241 1988 3304 apud
2033 3240 2176 3289 Stob.
2215 3240 2310 3289 Tit.
2349 3240 2437 3300 40,
2486 3241 2572 3290 42ε

1533 3311 1767 3379 μεθύων
1822 3319 1948 3376 ταῖς
2004 3312 2398 3376 φιλονεικίαις.
2469 3314 2578 3363 De-

1539 3390 1730 3439 mosth.
1770 3387 1898 3438 Phil.
1938 3390 1986 3438 4.
2024 3402 2076 3453 p.
2115 3388 2207 3439 54:
2245 3383 2411 3452 οἶμαι
2431 3386 2579 3438 ἐκεῖ·

1536 3477 1638 3513 νον
1681 3460 1920 3528 μεθύειν
1957 3459 2036 3528 ut,
2071 3462 2301 3528 μεγέθει
2332 3456 2445 3511 τῶν
2480 3476 2582 3511 πε-

1536 3552 1577 3588 x
1576 3540 1891 3608 ραγμένων.
1941 3539 2204 3587 Himerius
2239 3536 2348 3587 Eel.
2386 3538 2444 3596 2,
2486 3537 2574 3585 ⁴5:

1536 3614 1588 3662 εἰ
1619 3610 1868 3699 σφόδρα
1882 3627 1968 3674 τις
1982 3605 2355 3698 Ἀλέξανδρον
2391 3606 2574 3673 μεθύ-

1534 3703 1619 3738 ειν
1652 3681 1766 3738 ὑπὸ
1798 3682 1904 3752 τῆς
1938 3680 2206 3748 εὐτυχίας
2241 3683 2539 3749 υπείληφε.

1601 3762 1679 3812 43.
1723 3762 1818 3811 Via:
1848 3760 2033 3826 wnaJ«
2009 3760 2184 3824 «quod
2216 3760 2302 3808 vix
2336 3772 2441 3808 una
2478 3773 2579 3808 na-

1534 3838 1614 3887 vis
1648 3849 1837 3900 sospes
1872 3837 2037 3885 erat.»
2108 3836 2279 3885 Haase
2314 3832 2384 3882 ad
2406 3834 2582 3896 Reisig

1534 3914 1588 3962 L.
1625 3913 1714 3962 Gr.
1753 3923 1871 3973 pag.
1912 3909 2023 3960 634.
2062 3910 2121 3958 In
2152 3921 2327 3973 pugna
2360 3908 2575 3958 Actiaca

1535 3987 1823 4037 commissa
1866 3985 1949 4034 tv,
1994 3985 2127 4033 Non.
2165 3984 2308 4048 Sept.
2347 3996 2395 4032 a.
2435 3996 2485 4033 u.
2526 3997 2575 4033 c.

1534 4061 1647 4112 723.
1705 4060 1887 4122 regina
1954 4058 2172 4121 quidem
2233 4059 2401 4109 evasit
2455 4071 2578 4108 cum

1536 4134 1706 4185 classe
1743 4134 1944 4196 sospite
1963 4171 1975 4194 ‚
2021 4133 2120 4183 sed
2152 4134 2358 4183 Antonii
2392 4131 2577 4182 classis

1535 4208 1656 4274 plus
1691 4221 1854 4272 quam
1889 4207 2034 4259 CCC.
2073 4208 2296 4259 navibus
2330 4209 2577 4258 constans

1534 4295 1706 4347 paene
1741 4285 1853 4333 tota
1874 4283 1994 4346 igne
2018 4282 2193 4335 deleta
2217 4284 2317 4343 est,
2354 4281 2576 4342 excepta
