3234 4975
1212 349 1328 398 LIB.
1366 350 1451 399 111.
1523 349 1580 398 C.
1617 348 1747 399 XIV.

2497 343 2620 407 617

958 500 1278 567 Diluviem
1322 500 1670 568 meditatur
1713 502 1915 587 agris,

793 658 865 724 Ut
908 656 1333 724 barbarorum
1377 657 1685 725 Claudius
1730 657 1984 745 agmina

788 780 1049 843 Ferrata
1092 788 1274 844 vasto
1322 778 1517 846 diruit
1558 780 1799 865 impetu

2539 780 2622 843 30

873 897 1256 986 Primosque
1301 910 1365 966 et
1407 908 1733 966 extremos
1775 899 2079 967 metendo

956 1020 1197 1085 Stravit
1233 1019 1499 1086 humum
1543 1020 1685 1086 sine
1731 1019 1918 1086 clade
1959 1021 2198 1097 victor,

788 1178 875 1241 Te
921 1176 1174 1263 copias,
1223 1185 1286 1243 te
1329 1176 1670 1244 consilium
1716 1187 1782 1245 et
1822 1187 1968 1244 tuos

581 1372 663 1421 28.
698 1372 966 1421 minitatur
998 1372 1074 1421 ST
1095 1409 1107 1432 ,
1146 1384 1365 1423 «omnes
1398 1374 1615 1437 praeter
1649 1374 1759 1423 tres
1793 1386 1858 1423 ex
1881 1374 2291 1426 recentissimis»
2315 1373 2554 1433 Bentleii,

515 1447 606 1509 qui
621 1448 744 1509 post
759 1445 1057 1496 Locherum
1075 1447 1130 1496 et
1144 1445 1337 1497 Aldum
1353 1448 1572 1511 recepit.
1603 1448 1683 1509 (Ut
1697 1459 1816 1507 nos,
1842 1445 1950 1497 bed
1969 1449 2025 1496 et
2046 1449 2080 1497 S
2103 1448 2156 1497 in
2174 1461 2342 1510 marg.
2365 1449 2558 1499 eadem

516 1532 707 1577 manu;
734 1521 867 1570 Pott.
893 1519 1140 1584 septem.)
1169 1546 1223 1555 —-
1261 1520 1342 1570 34.
1368 1525 1415 1570 et
1437 1533 1545 1570 om.
1571 1522 1628 1570 T.
1662 1548 1717 1558 -
1743 1520 1823 1570 32.
1850 1520 1989 1570 humi
2009 1519 2173 1571 Aldus
2196 1560 2208 1582 ,
2247 1520 2552 1573 Glareanus.

455 1681 694 1754 ταῦρος,
747 1683 840 1734 uhi
891 1682 1064 1735 Schol.
1117 1685 1250 1735 Ven.
1300 1686 1503 1749 signifi-

453 1762 576 1809 cant
615 1757 991 1809 Archilochum
1033 1760 1268 1823 primum
1309 1759 1498 1823 fuisse,

453 1834 545 1896 qui
594 1832 956 1883 tauriformem
1008 1834 1273 1884 induxerit
1324 1835 1502 1885 Ache-

454 1906 599 1957 loum
635 1920 759 1957 cum
784 1906 1010 1957 Hercule
1031 1906 1340 1959 luctantem.
1393 1911 1503 1959 Eu-

451 1981 549 2044 rip.
604 1982 698 2030 Ion
750 1982 908 2031 4264.
961 1971 1030 2030 Ω
1084 1978 1501 2053 ταυρόμορφον

456 2047 624 2118 ὄμαα
655 2051 929 2119 Κηφισοῦ
964 2052 1197 2124 πατρός.
1235 2057 1377 2120 virg.
1405 2060 1498 2107 Ge.

452 2127 511 2190 4,
550 2128 676 2178 374·
730 2130 796 2179 Et
842 2131 1045 2193 gemina
1087 2135 1302 2180 auratus
1334 2133 1503 2180 tam-

451 2216 519 2251 no
551 2216 748 2252 cornua
778 2204 917 2252 voltu
946 2204 1219 2253 Eridanus.
1291 2207 1422 2254 Aen.
1448 2205 1499 2264 8,

452 2279 545 2327 77:
586 2279 828 2342 Corniger
858 2279 1183 2340 Hesperidum
1213 2280 1399 2343 fluvius
1418 2294 1504 2329 re-

451 2356 636 2416 ynator
691 2364 958 2413 aquarum.
1031 2353 1117 2402 Sic
1170 2353 1224 2402 in
1280 2366 1502 2403 nummo

451 2423 741 2476 Volturnus
782 2426 835 2475 in
876 2426 1174 2477 Heumanni
1219 2428 1371 2477 Num.
1405 2440 1502 2491 po-

448 2501 558 2562 pul.
616 2513 738 2564 pag.
798 2501 879 2550 ⁴2.
973 2501 1166 2551 Contra
1231 2501 1502 2553 Avellinus

452 2575 631 2636 opusc.
676 2574 715 2624 1.
765 2587 818 2637 p.
859 2575 970 2624 407.
1010 2574 1213 2626 collatis
1256 2588 1347 2639 pp.
1387 2576 1497 2627 440.

453 2646 542 2697 444
568 2661 578 2696 :
614 2647 754 2697 Nolle
782 2648 1030 2711 niedaylie
1059 2649 1078 2697 i
1107 2650 1251 2713 fiumi
1283 2662 1406 2699 sono
1428 2651 1504 2713 ef-

447 2721 612 2784 figiati
665 2735 803 2771 come
853 2722 1074 2784 nomini,
1133 2736 1160 2772 e
1207 2737 1310 2772 non
1365 2737 1504 2773 come

453 2796 569 2845 tori.
610 2795 850 2846 Taledla
881 2802 1006 2846 testa
1038 2798 1146 2847 dell’
1181 2798 1505 2862 Aufldosulle

449 2869 696 2933 medaqlie
727 2870 781 2918 di
811 2870 1049 2932 Salapia,
1085 2872 1125 2920 il
1156 2872 1305 2933 qualo
1327 2870 1504 2922 bench&

451 2944 582 2994 detto
638 2946 938 3008 taur-iromus
986 2947 1055 2995 da
1106 2947 1321 3008 Oresio,
1372 2960 1505 3009 pure

451 3018 590 3081 dagli
631 3019 798 3069 artisti
839 3033 940 3069 non
980 3020 1035 3069 in
1076 3021 1247 3083 foma
1279 3021 1331 3070 ai
1364 3025 1501 3082 toro,

449 3106 539 3141 ma
572 3092 625 3141 di
655 3106 805 3143 nomo
835 3094 997 3143 vadosi
1031 3095 1271 3159 effipiam.
1312 3121 1368 3131 —
1398 3096 1504 3146 Ce-

451 3167 629 3217 terum
670 3166 772 3217 hac
814 3170 1213 3231 comparatione
1249 3182 1377 3220 usus
1422 3169 1506 3219 est

453 3239 562 3288 iam
587 3240 851 3291 Homerus
874 3239 932 3291 Il.
961 3256 1018 3302 ε,
1057 3242 1149 3292 87:
1191 3240 1501 3308 (Τυδείδης)

453 3309 607 3363 Θῦνε
628 3310 739 3383 γὰρ
760 3308 849 3378 ἂμ
871 3279 1066 3366 πεδίον
1100 3314 1385 3383 ποταμῷ
1367 3313 1507 3382 πλή-

451 3385 620 3436 θοντι
640 3384 845 3449 ἐοικώς
866 3387 931 3438 X
927 3385 1197 3478 ειμαρρῳ
1233 3385 1354 3442 ὃστ
1376 3408 1503 3443 ωκα

453 3454 600 3530 ῥέων
644 3458 922 3512 ἐκέδασσε
964 3478 1239 3535 γεφυρας.
1299 3465 1395 3515 Od.
1442 3466 1499 3528 4,

453 3534 511 3593 9,
549 3534 597 3582 2.
643 3535 787 3598 longo
807 3542 1064 3586 sonantem
1084 3541 1243 3588 vocat
1270 3541 1502 3603 patrium

453 3607 692 3656 fluvium.
747 3635 801 3644 -
847 3610 1040 3673 Dauni]
1091 3614 1232 3675 regis
1281 3611 1502 3677 Apuliae

456 3681 693 3743 mythici.
764 3681 860 3731 Od.
898 3682 955 3743 3,
993 3682 1083 3743 30,
1137 3686 1216 3735 44.
1257 3713 1313 3722 -
1344 3700 1506 3748 prae-

454 3755 585 3818 fluit]
625 3757 684 3803 ut
698 3754 794 3804 Od.
818 3753 867 3816 4,
888 3755 938 3817 3,
962 3757 1040 3806 40.
1072 3759 1127 3807 et
1141 3757 1269 3808 Plln.
1292 3760 1354 3809 H.
1371 3760 1432 3810 N.
1451 3761 1501 3823 3,

457 3830 510 3878 44
536 3842 546 3875 :
583 3828 790 3892 Aufidus
810 3841 877 3877 ex
910 3829 1121 3891 hirpinis
1139 3832 1387 3883 montibus
1411 3834 1507 3884 Ca—

453 3902 655 3951 nusium
711 3904 1017 3966 praefluens.
1082 3931 1138 3940 —
1195 3907 1501 3970 meditatur]

457 3975 704 4024 «iamiam
729 3977 949 4039 paratus
972 3979 1055 4027 est
1077 3977 1145 4027 ad
1168 3978 1504 4030 inundandos

455 4062 664 4113 agrosm
716 4051 861 4120 uuest
893 4050 947 4100 in
980 4051 1033 4100 h.
1072 4065 1123 4100 v.
1160 4051 1415 4102 mirabilis
1450 4057 1506 4104 et

454 4123 612 4187 longe
661 4124 917 4174 audacior
964 4123 1171 4175 tralatio
1214 4139 1243 4175 a
1279 4139 1337 4175 re
1388 4127 1505 4176 ani-—

457 4200 599 4249 mata
629 4198 698 4251 ad
730 4199 1022 4251 inanimam
1057 4212 1218 4264 quam
1254 4202 1305 4252 in
1340 4198 1503 4251 altera

1571 1685 1799 1737 lectione
1846 1686 2142 1749 minitatur,
2198 1700 2360 1751 quam
2394 1702 2424 1738 e
2459 1687 2619 1751 gloss.

1575 1761 1748 1810 ortam
1799 1759 1967 1810 habet
2014 1761 2123 1811 iam
2171 1762 2371 1812 Nonius
2414 1775 2469 1825 p.
2505 1762 2620 1812 203.

1575 1835 1737 1884 Mero.
1777 1832 2035 1897 (Gerlach.
2075 1837 2254 1884 tamen
2277 1848 2306 1884 e
2331 1834 2498 1885 Codd.
2524 1838 2625 1885 πη·-

1572 1907 1771 1971 natur.)
1817 1909 1959 1971 Virg.
1998 1910 2089 1958 Ge.
2128 1910 2186 1969 4,
2225 1908 2350 1960 462ε
2387 1910 2509 1971 quid
2538 1923 2627 1959 co-

1572 1984 1695 2046 yitet
1716 1983 1946 2032 hwnidus
1965 1983 2160 2032 Auster.
2190 1983 2388 2046 (Nuper
2409 1982 2626 2046 quidam

1575 2070 1764 2107 rursus
1796 2055 2046 2121 praetulit
2077 2057 2366 2117 minitatum
2411 2057 2509 2107 sed
2548 2056 2628 2107 al-

1574 2133 1755 2180 terum
1789 2132 1902 2181 sine
1928 2130 2092 2180 dubio
2127 2128 2282 2194 longe
2318 2127 2628 2197 ποιητικώ-

1574 2218 1742 2273 τερον
1767 2207 1874 2264 est‚
1914 2205 2036 2267 quia
2070 2205 2349 2255 hominum
2383 2207 2542 2255 tacita
2565 2218 2629 2255 ac

1576 2275 1920 2328 formidolosa
1955 2276 2166 2326 diluviei
2201 2280 2529 2342 exspectatio
2559 2292 2625 2329 eo

1575 2349 1767 2401 melius
1802 2350 2153 2414 exprimitur.)

1644 2423 1852 2474 30-32.
1906 2424 2138 2489 Βαναία]
2189 2423 2396 2474 «loricis
2440 2424 2628 2477 ferreis

1576 2501 1777 2549 tecta.»
1817 2526 1874 2536 —
1910 2499 2082 2563 dinae]
2129 2513 2265 2549 nove
2313 2499 2516 2550 dictum
2558 2500 2627 2551 de

1577 2573 1889 2637 aquantibus,
1944 2572 2219 2624 ordinibus
2259 2574 2518 2635 hostium,
2570 2577 2632 2624 ut

1577 2645 1701 2696 alibi
1751 2646 1820 2696 de
1873 2646 2159 2708 aedificiis,
2218 2660 2317 2711 pro
2371 2647 2625 2709 «disiecit,

1578 2720 1880 2783 dispersit.»
1930 2721 1990 2770 In
2023 2732 2185 2785 prosa
2218 2721 2485 2771 oratione:
2539 2722 2629 2770 ob-

1576 2799 1762 2844 stantes
1781 2806 1961 2843 cuneos
1992 2794 2177 2857 aladii-5
2198 2795 2444 2844 diducere.
2485 2795 2623 2856 (Sen.

1579 2868 1762 2918 Contr.
1801 2868 1861 2929 4,
1898 2867 1968 2929 3.)
2008 2895 2063 2903 -
2098 2868 2340 2933 metendo]
2376 2870 2436 2917 ut
2466 2862 2628 2936 ἀμᾷν

1578 2939 1723 3005 apud
1758 2942 2005 2991 Graecos.
2049 2942 2190 3004 virg.
2217 2943 2348 2993 Aen.
2378 2943 2464 3003 40,
2501 2943 2623 2993 543;

1575 3016 1821 3066 Proxima
1871 3030 2096 3079 quaeque
2142 3019 2282 3067 metit
2328 3018 2516 3081 gladio.
2568 3047 2624 3055 —

1577 3091 1772 3140 Stravit
1801 3091 2022 3155 humum]
2062 3104 2281 3143 «eorum
2313 3092 2628 3156 corporibus

1577 3164 1803 3215 humum
1843 3167 2183 3217 constravit.»
2236 3167 2495 3217 Latinitati
2541 3181 2632 3218 re-

1576 3241 1780 3303 pugnat
1811 3237 2036 3289 aliorum
2078 3241 2468 3304 interpretatio:
2513 3242 2632 3302 pri-—

1575 3325 1777 3374 mosque
1826 3318 1873 3362 et
1921 3319 2171 3363 entremos
2223 3315 2336 3376 (eos
2385 3315 2630 3378 nascendo)

1577 3388 1759 3436 stravit
1790 3387 1996 3436 humum
2015 3400 2114 3451 pro
2135 3388 2190 3436 in
2210 3387 2434 3448 humum,
2470 3388 2628 3446 humi,

1576 3462 1638 3510 ut
1678 3473 1745 3511 ex
1788 3459 1947 3523 gloss.
1979 3459 2160 3511 Aldus.
2218 3488 2273 3497 -
2333 3461 2438 3509 sine
2470 3461 2628 3524 clade]

1578 3546 1802 3584 suorum
1836 3532 2075 3584 militum.
2124 3531 2253 3583 Vell.
2281 3533 2337 3594 2,
2377 3533 2465 3582 95:
2517 3535 2633 3595 (Ne-

1578 3608 1757 3672 rones)
1784 3608 1962 3658 Raetos
1979 3607 2344 3667 Vindelicosque
2365 3633 2394 3643 -
2417 3634 2446 3644 -
2466 3611 2634 3670 aeratos

1577 3709 1607 3720 -
1624 3709 1653 3719 -
1674 3695 1883 3732 „unvero
1902 3681 2209 3744 frequente&
2233 3680 2433 3742 feritate
2448 3685 2629 3742 truces,

1575 3758 1771 3807 maiore
1818 3769 1933 3806 oum
1972 3755 2200 3818 periculo
2248 3768 2404 3816 quam
2448 3756 2632 3806 damno

1576 3831 1791 3882 Romam·
1822 3831 2097 3889 exercitus,
2137 3830 2359 3891 plurimo
2392 3842 2508 3879 cum
2544 3844 2631 3880 eo·-

1576 3919 1697 3955 rum
1727 3906 1974 3967 sanquine
1999 3905 2344 3965 pon-domuere.

1644 3978 1821 4029 33-40.
1865 3978 1926 4027 To
1977 3978 2149 4039 copias
2188 3978 2313 4042 cet.]
2362 3980 2631 4041 Augustus

1579 4052 1804 4114 eiusque
1823 4063 2187 4113 successores,
2208 4053 2266 4101 ut
2281 4052 2535 4118 auspicia,
2554 4053 2633 4103 sic

1577 4138 1794 4176 omnem
1842 4138 2025 4177 rerum
2059 4138 2090 4175 a
2125 4126 2353 4178 ducibus
2397 4128 2508 4177 suis
2553 4125 2634 4175 le-

1577 4200 1783 4264 gatisve
1808 4202 2083 4264 gestarum
2104 4202 2369 4254 honorem
2392 4201 2495 4253 sibi
2520 4213 2634 4251 ser-
