3234 4975
1231 376 1348 423 mn.
1390 376 1425 422 ι.
1499 377 1557 423 c.
1599 375 1658 423 ιι.
2483 373 2563 436 23

386 533 443 586 Ξ,
484 530 602 581 tit:
640 532 811 593 Isarae
848 531 999 592 (Ater)
1038 556 1065 566 -
1087 556 1115 566 —
1148 530 1239 579 Hic
1266 531 1413 592 pedes
1444 531 1654 594 insignis
1685 530 1841 591 clipeo
1874 531 2075 592 telisque
2097 532 2320 581 resulcat.
2393 533 2562 595 Atque

386 616 533 664 hanc
574 616 835 664 rationem
878 613 1088 663 videtur
1128 614 1398 677 praeferre
1442 613 1629 676 Regel,
1675 614 1830 663 docte
1875 614 2149 678 disputans
2191 615 2259 664 de
2293 615 2561 676 Iugurtha,

386 697 464 747 de
496 697 627 747 Iuba
662 699 783 762 post
815 698 1133 746 acerrimam
1168 697 1563 746 contentionem
1596 697 1790 761 Thapsi
1824 697 2050 747 devicto.
2106 698 2305 747 Verum
2329 698 2405 746 sic
2429 710 2566 760 quo—

386 794 501 844 que
539 782 721 842 peditis
759 779 1025 831 ἐπιθετον
1066 778 1151 830 vel
1194 783 1399 830 temere
1445 778 1716 829 delectum
1760 782 1842 830 est
1883 779 1967 830 vel
2009 781 2184 845 potius
2228 781 2344 831 siue
2379 781 2567 830 callida

389 866 632 913 iuuene-a
663 876 883 927 prorsus
920 860 1270 934 παράδοξον,
1308 866 1594 926 utrumque
1620 877 1748 913 sane
1774 865 1957 913 contra
1982 864 2179 913 Horatii
2204 876 2431 913 morem.
2490 866 2562 914 Ex

390 950 579 997 nostra
611 950 792 996 contra
827 948 1085 997 sententia
1122 950 1205 997 est
1240 947 1404 998 Mauri
1440 947 1561 1010 post
1594 947 1719 1009 equi
1760 946 2002 1008 generosi
2039 945 2363 1009 dominoque
2399 949 2566 998 caris-

388 1031 517 1080 simi
552 1033 779 1080 mortem
815 1029 1165 1079 immoderato
1200 1029 1375 1080 surore
1412 1031 1626 1080 accensi
1660 1043 1786 1079 cum
1808 1031 2045 1079 Romano
2069 1027 2203 1079 illius
2228 1030 2565 1081 interfectore

389 1114 659 1162 acerrime
692 1112 1041 1176 depugnantis
1073 1127 1294 1177 prorsus
1329 1114 1541 1175 egregia
1584 1114 1809 1176 pictura.
1881 1115 2053 1176 Atque
2087 1115 2148 1161 ut
2181 1113 2422 1163 Ovidium
2457 1113 2491 1163 l.
2529 1113 2560 1163 l.

393 1196 579 1246 dicere
614 1196 815 1246 decuit:
853 1197 1063 1259 equique
1093 1197 1223 1246 celer
1251 1197 1505 1259 fmnantia
1525 1201 1671 1259 terqa
1701 1196 1938 1257 relinquit
1971 1196 2216 1257 Spemque
2246 1209 2451 1257 sequens
2471 1212 2568 1246 va-

390 1293 518 1328 nam
550 1280 678 1328 silva
703 1281 887 1341 pedes
918 1285 1059 1329 errat
1087 1281 1143 1328 in
1177 1280 1310 1340 alta,
1348 1281 1426 1329 sic
1462 1280 1596 1329 mira
1631 1279 1766 1328 haec
1800 1278 2036 1328 brevitas
2068 1279 2243 1328 Mam
2268 1281 2450 1341 peditis
2481 1278 2567 1342 ly-

392 1364 541 1412 ricae
575 1364 701 1412 artis
734 1363 1098 1425 magisterium
1137 1365 1275 1422 erat,
1315 1363 1455 1426 quod
1493 1360 1822 1427 postulabat,
1861 1364 1919 1411 ut
1952 1363 2074 1425 equi
2110 1363 2453 1413 amissionem
2489 1362 2569 1412 le-

392 1447 513 1495 ctor
547 1447 661 1510 ipse
695 1445 794 1496 sibi
830 1446 1143 1508 cogitatione
1178 1445 1464 1510 suppleret.
1897 1485 1906 1490 -

496 1530 649 1589 Quod
683 1533 863 1580 autem
898 1530 965 1579 ad
999 1531 1054 1579 T.
1082 1530 1236 1580 Fabri
1271 1532 1406 1579 coni.
1433 1531 1596 1580 Marsi
1630 1531 1840 1590 attinet,
1878 1542 2004 1579 cum
2027 1533 2213 1580 nactus
2237 1531 2439 1580 interea
2465 1531 2565 1580 sim

393 1613 685 1663 editionem
721 1613 950 1663 Eduardi
984 1614 1214 1673 Zurckii,
1255 1612 1485 1663 Harlemi
1520 1613 1699 1674 ⁴696„
1746 1615 2074 1663 accuratiora
2115 1615 2221 1663 iam
2256 1614 2324 1663 de
2360 1612 2445 1662 illa
2479 1626 2568 1662 re-

393 1698 539 1747 ferre
572 1709 812 1760 possum.
884 1697 1120 1747 Hominis
1155 1695 1453 1747 scholastici
1488 1695 1766 1746 consilium
1811 1696 1908 1746 fuit
1938 1697 2282 1746 Dacierianae
2318 1709 2479 1745 curae
2515 1697 2567 1745 in

392 1778 915 1831 adolescentulorum
950 1792 1107 1829 usum
1142 1781 1294 1843 quasi
1329 1780 1709 1844 compendium
1743 1779 1957 1843 aliquod
2000 1779 2305 1840 elaborare;
2353 1779 2566 1830 codices

392 1864 621 1926 inspexit
655 1861 844 1912 nullos.
913 1864 1025 1913 Iam
1060 1876 1184 1912 cum
1220 1863 1361 1926 apud
1396 1867 1670 1913 auctorem
1704 1877 1881 1922 suum.
1919 1865 2089 1914 soceri
2124 1864 2258 1914 mire
2283 1864 2566 1912 immemo-

390 1959 531 2006 rem,
568 1947 706 1995 haec
741 1947 1092 2010 repperisset:
1130 1947 1173 1995 ΙΙ
1191 1947 1303 2009 faut
1336 1949 1745 1996 necessairement
1776 1947 1870 1995 lire
1903 1948 2084 2006 Marsi,
2123 1961 2311 1996 coinme
2342 1949 2468 1996 dans
2500 1946 2589 1994 les.

386 2031 574 2080 viciuos
604 2030 820 2079 editions
860 2058 914 2065 —
951 2031 1003 2079 in
1039 2030 1233 2093 quibus
1268 2045 1373 2081 non
1409 2031 1534 2080 dicit
1570 2045 1744 2094 neque
1783 2034 1840 2080 ut
1873 2032 2060 2093 opinor
2093 2030 2272 2079 dicere
2307 2030 2567 2094 potuisset

394 2142 448 2150 —
487 2115 603 2177 ipse
648 2112 985 2164 confidenter
1027 2114 1260 2178 scripsit:
1325 2135 1347 2157 «a
1372 2114 1496 2164 Fide
1550 2116 1711 2177 antiq.
1769 2113 1936 2164 Codd.
1991 2115 2204 2178 reposui
2257 2114 2415 2163 Marsi
2467 2125 2564 2176 pro

380 2200 612 2248 Mauri»
