3234 4975
642 361 763 426 744

1444 364 1700 415 HORATll
1736 365 1992 416 EPODON

809 518 1235 584 Occasionem
1279 517 1362 584 de
1408 518 1542 593 die,
1592 518 1880 606 dumque
1927 519 2134 585 virent
2178 541 2390 607 genua

723 639 799 703 Et
841 637 1059 714 decet,
1108 637 1387 705 obducta
1430 637 1717 704 solvatur
1761 638 1967 705 fronte
2015 650 2335 706 senectus.
2771 641 2810 703 ὃ

806 760 899 824 Tu
943 758 1089 824 vina
1134 760 1455 847 Torquato
1500 780 1688 825 move
1735 758 2003 826 consule
2050 781 2277 846 pressa
2322 782 2490 827 meo.

722 879 952 945 Cetera
994 879 1170 945 mitte
1214 878 1425 967 loqui:
1472 879 1638 946 deus
1684 879 1846 947 haec
1890 881 2162 947 fortasse
2204 881 2488 969 benigna

804 999 1093 1066 Reducet
1136 999 1199 1064 in
1246 1000 1472 1067 sedem
1515 1001 1675 1067 vice.

1763 1002 1945 1067 Nunc
1987 1011 2052 1067 et
2095 1000 2525 1068 Achaemenio

725 1119 1026 1185 Perfundi
1075 1120 1277 1186 nardo
1323 1122 1498 1186 iuvat
1539 1132 1605 1188 et
1647 1120 1776 1186 fide
1822 1119 2128 1209 Cyllenea

765 1270 813 1317 7.
850 1268 968 1318 vid.
1005 1269 1073 1319 ad
1109 1269 1273 1333 Epod.
1313 1271 1405 1331 ⁴2,
1443 1270 1523 1319 22.
1568 1299 1623 1306 —
1665 1269 1714 1321 8.
1751 1271 2080 1321 Achamcnia
2112 1270 2302 1331 Aldus»,

702 1355 889 1392 omnes
925 1344 1092 1394 nostri
1126 1356 1192 1393 ac
1225 1342 1482 1407 Bentleii.)

636 1463 828 1522 Sat.2,
865 1464 923 1522 2,
963 1464 1017 1512 4;
1058 1464 1681 1525 Οααουίνιωοιᾳυσηεα,

634 1549 783 1596 nom,
834 1537 898 1586 ait
934 1537 1102 1587 vivore
1140 1550 1336 1599 parvo,
1391 1538 1516 1600 cet.)
1553 1536 1686 1588 allo-

635 1611 838 1672 quitum
876 1623 926 1659 v.
964 1611 1144 1660 autem
1166 1611 1238 1671 6.,
1272 1613 1495 1675 propter
1517 1624 1682 1674 quem

633 1681 900 1732 Bentleius
957 1684 1186 1733 coniecit
1239 1685 1400 1734 antico
1456 1685 1678 1746 (vocat.,

634 1768 741 1806 non
763 1755 1025 1817 adverb),
1065 1769 1125 1806 se
1150 1757 1414 1807 convertit
1435 1757 1505 1807 ad
1539 1771 1684 1823 συμ-

635 1831 974 1899 ποσίαρχον,
1018 1831 1109 1892 qui
1141 1831 1326 1881 vinum
1365 1830 1678 1895 praebebat.

633 1904 890 1964 Fuerunt,
949 1904 1038 1967 qui
1094 1904 1246 1953 amici
1301 1904 1478 1956 minus
1532 1907 1680 1955 recte

633 1989 731 2039 pro
783 1978 1035 2027 nominat.
1074 1977 1356 2030 haberent.
1407 2006 1462 2015 —-
1497 1978 1678 2042 virent]

633 2050 794 2100 Solita
844 2051 985 2115 apud
1036 2052 1248 2102 Latinos
1299 2053 1562 2115 imagine,
1624 2055 1683 2102 ut

634 2124 730 2174 od.
771 2126 827 2184 4,
866 2125 923 2186 9,
963 2127 1055 2176 ⁴7:
1106 2127 1277 2177 Donec
1307 2127 1491 2177 υἰνοηιὶ
1532 2127 1681 2180 cani-

634 2199 724 2247 ties
773 2198 909 2248 abest
948 2200 1171 2249 Morosa.
1232 2200 1381 2251 Ovid.
1432 2202 1567 2251 Fast.
1613 2203 1675 2261 5,

633 2271 753 2323 274:
806 2284 921 2321 cum
969 2273 1262 2323 iuvenilibus
1310 2276 1457 2324 annis
1498 2238 1681 2324 Luam-¹

630 2347 770 2395 riant
808 2347 968 2396 aneni
1010 2360 1323 2409 corporaque
1355 2349 1467 2410 ipsa
1495 2349 1676 2397 virent.

631 2420 773 2482 virg.
809 2422 942 2471 Aen.
979 2421 1035 2480 6,
1074 2420 1195 2471 304.
1237 2422 1399 2471 cruda
1430 2422 1519 2471 deo
1550 2422 1680 2471 viri-

632 2490 801 2556 ditique
848 2499 1083 2545 mactae.
1146 2496 1321 2546 Genua
1370 2495 1680 2559 frequenter

631 2582 729 2633 pro
748 2568 956 2619 roboris
973 2571 1184 2633 propria
1203 2570 1352 2620 sede.
1380 2568 1509 2621 Plin.
1532 2572 1595 2620 Η.
1612 2573 1675 2621 N.

634 2644 715 2703 44,
742 2642 825 2705 45,
848 2643 968 2693 ⁴03:
1004 2643 1130 2694 ineat
1153 2642 1410 2707 (genibus)
1435 2644 1676 2694 vitalitas.

636 2717 857 2766 Theoer.
899 2716 988 2777 44,
1026 2717 1120 2766 7οε
1158 2714 1333 2781 ποιῆν
1365 2732 1422 2768 τι
1452 2714 1569 2778 δεῖ,

630 2787 772 2857 γόνυ
794 2786 1038 2861 χλωρόν.
1075 2792 1336 2855 Theognis
1360 2792 1483 2841 977.
1513 2788 1679 2842 Ταῦτ’

630 2863 852 2951 ἐσορῶν
915 2863 1156 2953 κραδίην
1222 2857 1289 2916 εὖ
1358 2866 1675 2930 πείσοααι,

632 2934 715 3000 ὄφ
824 2935 1129 3024 τ’ἐλαφρά
1162 2936 1426 2990 Γούνατα
1458 2941 1559 2991 καὶ
1579 2955 1678 2990 κε-

630 3027 677 3074 φ
752 3009 826 3077 ὴν
858 3007 1146 3083 ἀτρεμέως
1179 3016 1470 3085 προφέρω.

696 3089 744 3136 5.
783 3087 832 3136 6.
890 3087 1117 3152 obducta]
1156 3089 1329 3138 «curis
1376 3091 1431 3137 et
1472 3088 1676 3139 tristitia

633 3161 787 3223 quasi
811 3158 1040 3209 nubila.»
1064 3161 1149 3209 Sic
1172 3161 1334 3211 etiam
1359 3163 1539 3211 luven.
1566 3163 1674 3213 Sat.

632 3236 690 3294 9,
727 3235 783 3283 2:
818 3233 984 3297 “i-onte
1023 3233 1262 3294 obducta,
1299 3237 1355 3284 et
1386 3232 1680 3300 συννεφὴς

632 3310 805 3358 Creon
848 3307 990 3372 apud
1033 3308 1154 3357 Eur.
1194 3308 1391 3359 Phoen.
1429 3308 1574 3359 4307.
1611 3311 1675 3360 D.

630 3380 836 3446 Hippol.
861 3382 954 3431 473
968 3395 979 3431 :
999 3377 1254 3449 Στυγνὸν
1269 3379 1315 3430 δ’
1332 3375 1568 3453 ὀφρύων
1585 3386 1679 3436 νέ-

629 3471 763 3518 φος.
805 3483 859 3492 --
896 3457 1131 3520 senectus]
1170 3458 1481 3508 «morositas
1501 3495 1513 3519 ,
1561 3461 1680 3509 tae-

630 3529 808 3579 dium»
817 3567 829 3589 ,
850 3542 956 3590 qua
969 3529 1348 3593 significatione
1360 3531 1552 3580 senium
1563 3544 1680 3581 sae-

630 3605 748 3667 pius
765 3606 1069 3667 usurpatur.
1094 3630 1149 3640 —
1173 3603 1260 3668 Tu]
1288 3604 1675 3666 «convivator»,

628 3691 736 3727 non
763 3678 1096 3741 «pincerna»,
1122 3680 1182 3728 ut
1200 3677 1387 3728 volunt
1412 3677 1587 3728 Schol.
1617 3706 1675 3716 —

628 3752 789 3811 move]
823 3749 917 3800 Od.
956 3751 1004 3811 3,
1040 3752 1096 3800 24
1120 3788 1133 3811 ,
1170 3752 1228 3801 6:
1280 3751 1449 3816 (testa)
1488 3754 1681 3803 moveri

629 3824 785 3886 diana
818 3824 943 3874 bono
974 3826 1067 3875 die.
1131 3825 1311 3887 Od.3,
1347 3827 1441 3888 28,
1479 3827 1527 3875 7.
1586 3828 1679 3877 Est

631 3898 808 3959 igitur:
850 3899 1102 3960 «proferri
1127 3899 1250 3950 iube
1274 3912 1339 3950 ex
1360 3900 1674 3964 apotheca.»

631 3971 876 4032 «Misce»,
895 3974 955 4022 ut
969 3972 1150 4023 volunt
1158 3972 1354 4035 schol„
1380 3976 1675 4038 significare

633 4044 832 4108 nequit.
876 4073 929 4082 —
971 4047 1673 4112 zbrquato-comuto-moo]

632 4123 687 4170 L.
736 4117 928 4171 Manlio
971 4122 1235 4184 Torquato
1287 4136 1397 4174 cos.
1435 4137 1482 4173 a.
1521 4139 1573 4173 u.
1623 4138 1669 4174 c.

631 4195 766 4254 689„
804 4194 1003 4246 Horatii
1028 4195 1200 4245 natali.
1240 4197 1336 4247 Od.
1364 4198 1410 4260 3,
1437 4200 1493 4247 24
1517 4237 1527 4260 ,
1556 4200 1600 4248 4.

2342 1272 2463 1322 LCt.
2505 1273 2581 1334 (Ut
2615 1287 2712 1325 nos
2726 1313 2738 1334 ,

1823 1464 1908 1514 ’1-4
1919 1464 1967 1514 0.
2006 1464 2200 1529 Cetera]
2228 1478 2398 1529 «quae
2421 1466 2674 1518 sollicitos
2708 1481 2806 1519 nos

1759 1537 1986 1598 babent,
2011 1539 2196 1589 omitte
2220 1552 2414 1590 nunc.»
2452 1542 2598 1600 Quae
2621 1544 2805 1591 autem

1756 1610 1894 1660 haec
1916 1610 2117 1662 ruerint
2137 1615 2328 1676 poetae
2352 1614 2555 1677 ingrata
2572 1652 2587 1676 ,
2624 1617 2807 1666 utrum

1757 1697 1816 1734 re
1838 1697 1968 1735 vera
1992 1698 2154 1748 aeger
2176 1687 2339 1737 animi
2361 1687 2543 1749 fuerit,
2580 1688 2804 1739 fortasse

1756 1758 1825 1808 de
1874 1759 1953 1808 rei
2009 1759 2256 1823 publicae
2308 1761 2644 1825 temporibus
2665 1799 2678 1821 ,
2736 1775 2806 1811 an

1755 1825 2101 1894 ἀντιθέσεως
2149 1833 2217 1883 ad
2269 1834 2495 1885 convivii
2550 1834 2805 1885 laetitiam

1754 1906 1919 1969 gratia
1953 1906 2164 1957 fluxerit
2195 1907 2293 1957 has
2318 1920 2501 1969 curas,
2538 1920 2638 1959 nos
2660 1909 2808 1971 igno·

1754 1993 1954 2030 ramus.
1994 1980 2258 2041 (Similiter
2280 1982 2376 2031 Od.
2404 1982 2461 2041 4,
2498 1982 2552 2044 9,
2592 1982 2649 2031 9:
2687 1984 2805 2033 Pcr-

1751 2055 1891 2104 mitte
1938 2055 2067 2104 divis
2096 2059 2264 2105 cetera
2296 2055 2421 2119 cet.)
2475 2081 2532 2090 —
2589 2057 2803 2106 Reduc&

1751 2128 1808 2178 in
1838 2126 2017 2191 sodomJ
2057 2127 2220 2179 «deus
2254 2131 2401 2191 grata
2438 2128 2801 2180 vicissitudine

1754 2200 1946 2251 reddet
1989 2203 2188 2252 statum
2233 2203 2442 2252 certum
2489 2214 2553 2252 ac
2585 2201 2803 2253 firmum

1753 2275 1845 2335 iis,
1881 2287 2020 2337 quae
2057 2288 2199 2325 nunc
2230 2274 2463 2327 labant.»
2520 2277 2605 2326 Sic
2626 2277 2805 2339 Augu-

1752 2351 1866 2398 stus
1889 2348 2032 2412 apud
2049 2351 2193 2400 Suet.
2215 2350 2328 2400 Oct.
2349 2351 2440 2400 28:
2464 2351 2546 2401 lta
2564 2351 2687 2399 mihi
2706 2351 2807 2400 sal-

1749 2435 1869 2472 vam
1900 2436 1964 2471 ac
1982 2424 2212 2484 sospitem
2231 2423 2612 2487 rempublicam
2630 2424 2804 2474 sistere

1752 2499 1808 2547 in
1854 2510 1950 2548 sua
1995 2498 2106 2548 sedo
2144 2497 2308 2549 liceat.
2360 2526 2415 2535 —
2458 2498 2801 2563 Achaemenio]

1754 2570 1859 2622 Cfr.
1896 2570 1994 2622 Od.
2035 2572 2093 2631 2,
2131 2571 2221 2632 44,
2260 2572 2342 2622 46.
2390 2573 2453 2634 2,
2491 2573 2584 2634 42,
2620 2573 2703 2623 24.
2739 2573 2799 2633 3,

1755 2646 1811 2706 4,
1882 2644 1963 2696 44.
2050 2647 2229 2696 Genus
2284 2647 2535 2697 neutrum
2588 2647 2804 2698 firmant

1753 2718 1914 2769 etiam
1956 2718 2062 2768 mei
2099 2719 2288 2782 Codd.,
2325 2723 2385 2771 ut
2424 2720 2590 2785 Epod.
2616 2723 2673 2782 ὅ,
2712 2721 2797 2772 59.

1757 2819 1812 2828 -
1861 2794 1959 2857 fide
1997 2793 2257 2858 cydonea]
2310 2793 2465 2857 «lyra
2502 2796 2717 2846 inventa
2767 2808 2799 2845 a

1750 2867 2045 2927 MercuriO,
2113 2870 2238 2918 nato
2289 2870 2342 2918 in
2395 2868 2644 2932 Cyllene,
2696 2871 2801 2919 Ar-

1752 2939 1935 2990 cadiae
1971 2944 2207 2992 monte.»
2183 2943 2440 3007 »Epicus
2472 2946 2631 3008 poeta
2655 2943 2797 3007 apud

1752 3013 1923 3064 Schol.
1951 3014 2099 3065 Pind.
2128 3015 2195 3065 ad
2218 3018 2370 3068 Nem.
2395 3019 2451 3077 2,
2494 3018 2586 3068 46;
2625 3017 2794 3080 (Maia)

1751 3084 2051 3153 Κυλλήνης
2082 3088 2145 3139 ἐν
2167 3083 2370 3160 ὄρεσσι
2401 3088 2553 3141 θεῶν
2574 3087 2802 3161 κήρυκα

1749 3162 1864 3214 τέκ’
1908 3156 2140 3233 Ἑρμῆν·
2209 3164 2349 3227 Virg
2396 3166 2525 3215 Aen.
2569 3166 2628 3226 8,
2682 3165 2794 3216 438.

1752 3234 1905 3286 Silius
1939 3236 1998 3297 3,
2035 3236 2160 3287 203:
2196 3238 2491 3289 Mercurius
2524 3238 2698 3301 gelidis
2716 3239 2798 3287 al-

1750 3323 1866 3361 mae
1898 3310 2117 3372 Guttam
2147 3312 2307 3361 editus
2342 3312 2618 3361 oncris.—
2655 3312 2797 3375 diris]

1754 3383 2072 3434 «crudeliter
2119 3397 2218 3435 nos
2257 3384 2686 3435 excruciantibus
2733 3397 2799 3434 ac

1750 3461 2033 3522 propterea
2102 3456 2574 3517 detestabilibusn
2640 3457 2797 3521 longe

1752 3532 2021 3583 efficacius
2043 3533 2097 3582 b.
2118 3546 2169 3583 ν.
2191 3533 2297 3593 hic,
2323 3533 2415 3582 ubi
2439 3545 2649 3583 summe
2672 3546 2799 3583 con-

1752 3605 1943 3666 tendit,
1996 3607 2057 3655 ut
2094 3607 2240 3656 omni
2280 3607 2604 3670 aegrimonia
2638 3619 2699 3657 se
2731 3604 2797 3656 li-

1751 3678 1924 3741 beret,
1952 3693 2112 3743 quam
2129 3682 2294 3741 duria,
2321 3694 2647 3745 quamquam
2670 3679 2798 3730 alibi

1750 3754 1854 3804 hoc
1888 3753 2257 3818 praetulerunt
2287 3758 2478 3820 poetae
2496 3793 2509 3817 ,
2556 3756 2619 3805 ut
2648 3755 2795 3818 virg.

1750 3829 1882 3878 Aen.
1908 3827 1966 3890 4,
2002 3827 2124 3879 488:
2172 3834 2252 3879 ast
2283 3829 2579 3879 alii-saurae
2607 3829 2800 3879 enmu-

1751 3907 1855 3952 tero
1885 3915 2052 3952 curas.

1818 3977 1897 4026 44.
1937 3977 2015 4026 42.
2051 3976 2254 4040 mandi]
2296 3978 2355 4025 ut
2387 3979 2540 4026 erant
2568 3976 2797 4026 heroum

1749 4050 1951 4100 formae
1985 4051 2213 4100 maiores
2247 4049 2419 4113 volgo.
2476 4051 2555 4100 De
2594 4047 2795 4099 Achille

1750 4122 1940 4185 Odyss.
1976 4140 2049 4184 ω,
2102 4123 2191 4175 4οε
2248 4123 2427 4175 Keroe
2468 4125 2649 4189 μέγας
2687 4136 2797 4187 με-

1748 4195 2014 4263 γαλωστί.
2054 4197 2352 4250 Obscurant
2376 4199 2674 4262 imaginem,
2702 4200 2796 4261 qui
