3234 4975
1242 409 1362 459 Lm.
1401 409 1438 458 1.
1510 410 1567 459 C.
1606 408 1735 459 xlx.

2452 397 2563 464 424

837 565 912 631 Ε4
953 565 1160 631 versis
1204 565 1564 631 animosum
1608 563 1796 652 equis

749 686 1048 754 Parthum
1093 685 1313 754 dicere
1357 706 1479 753 nec
1522 703 1695 773 quae
1741 682 1897 749 nihil
1940 683 2220 749 attinent.

831 846 948 912 Hic
989 846 1208 911 vivum
1251 844 1402 911 mihi
1447 843 1831 931 caespitem,
1875 839 1980 907 hic

748 966 1100 1044 VerbenaS,
1146 967 1365 1054 pueri,
1413 965 1630 1054 ponite
1675 963 1993 1051 thuraque

834 1088 997 1155 Bimi
1042 1108 1190 1154 cum
1233 1097 1455 1175 patera
1499 1087 1691 1154 meri:

2493 1082 2573 1148 45

745 1212 1015 1278 Mactata
1056 1209 1270 1276 veniet
1312 1207 1520 1274 lenior
1562 1207 1788 1274 hostia.

542 1373 621 1422 44.
674 1371 869 1421 Aversis
908 1374 1018 1422 tres
1057 1368 1240 1422 Bland.
1294 1367 1450 1434 prob.
1490 1368 1742 1432 cruquio,
1786 1395 1840 1405 -
1880 1369 1992 1432 (Vv.
2020 1369 2100 1428 44,
2140 1368 2219 1429 42,
2259 1367 2320 1417 43
2356 1369 2411 1417 et
2444 1367 2505 1418 45

477 1445 672 1496 desunt
702 1446 754 1495 in
786 1443 865 1507 Β.)

906 1473 962 1482 -
1000 1445 1080 1496 42.
1117 1446 1292 1495 attinet
1324 1456 1463 1494 unus
1495 1441 1679 1493 Bland.
1706 1442 1759 1493 in
1782 1441 1954 1493 litura.
1998 1468 2052 1479 -
2092 1441 2170 1493 44.
2198 1447 2413 1505 turaque
2441 1442 2498 1491 T.

411 1598 554 1636 nunc
602 1587 780 1648 ipsum
831 1583 1049 1635 dolabra
1097 1585 1335 1635 recisum
1383 1583 1451 1634 ab
1527 1583 1793 1645 Spurcum.
1865 1580 1991 1632 Plin.
2031 1582 2093 1632 H.
2129 1583 2192 1643 N,
2231 1581 2320 1643 44,
2359 1581 2439 1644 49,
2476 1581 2568 1631 23:

411 1660 560 1710 humi
585 1658 890 1723 superficie,
917 1672 981 1708 ex
1004 1671 1111 1722 quo
1133 1672 1296 1722 saepe
1320 1660 1456 1708 tem-
1525 1658 1783 1708 Procibera
1814 1658 1910 1707 diis
1940 1659 2186 1721 nefastum
2205 1657 2570 1718 habenarum,

413 1735 656 1799 porarias
692 1733 975 1784 struebant
995 1746 1133 1783 aras
1172 1735 1301 1784 Stat.
1328 1731 1450 1782 silv

414 1807 549 1867 44,
588 1808 712 1858 43οε
749 1821 895 1870 saepe
928 1808 1378 1869 deis—-Caespes
1410 1812 1456 1857 et

414 1883 599 1946 avique
624 1883 926 1944 plactoenmt
957 1882 1108 1944 farra
1139 1883 1315 1932 salino.
1359 1884 1452 1945 (De

414 1970 529 2007 voc.
556 1958 820 2020 scriptura
841 1971 894 2006 v.
919 1957 1154 2019 Wagner
1173 1956 1312 2019 virg.
1337 1955 1452 2007 Vol.

412 2032 461 2080 ὅ.
503 2044 556 2095 p.
601 2030 715 2082 420.
785 2033 842 2080 In
885 2033 1030 2082 Actis
1073 2032 1250 2081 tamen
1286 2032 1451 2082 Fratr.

413 2107 536 2155 ΛΠ.
573 2108 659 2155 est
689 2104 893 2169 cespes.)

481 2214 560 2267 44.
648 2216 742 2266 Od.
797 2215 848 2278 4,
903 2218 983 2278 44,
1040 2218 1098 2266 7:
1157 2231 1256 2267 ara
1307 2217 1457 2267 castis

412 2290 581 2340 vincta
610 2291 847 2340 verbenis.
916 2292 1111 2342 Contra
1143 2292 1285 2355 Virg.
1323 2294 1452 2343 Aen.

416 2365 496 2425 42,
551 2366 672 2415 ⁴⁴8:
725 2367 782 2415 In
821 2367 1079 2429 medioque
1119 2367 1255 2430 focos
1296 2372 1343 2417 et
1383 2368 1459 2416 dis

413 2440 748 2491 conwnunibus
800 2455 923 2492 arae
977 2442 1301 2493 Gramineas:
1368 2442 1459 2492 alii

412 2514 691 2577 fontemque
722 2516 981 2580 ignemque
1010 2518 1260 2581 serebant,
1302 2518 1459 2567 Veluti

413 2589 532 2638 limo
566 2595 613 2639 et
642 2591 857 2641 verbena
878 2598 1105 2654 tempora
1133 2594 1302 2643 vincti.
1345 2595 1460 2643 Ver-

412 2663 580 2725 benae,
605 2665 918 2728 pontificum
941 2680 1190 2718 sermone
1207 2669 1455 2732 saqmina,

414 2737 618 2788 herbae
641 2753 809 2803 purae
835 2754 898 2790 ex
921 2741 1038 2792 loco
1071 2744 1257 2792 sancto
1281 2755 1459 2793 arces-

413 2813 575 2873 sitae,
616 2816 676 2862 ut
714 2815 786 2863 ait
825 2816 1028 2865 Festus.
1075 2815 1214 2879 Virg.
1258 2814 1366 2866 Ecl.
1393 2816 1453 2876 8,

414 2886 505 2936 65:
570 2888 911 2950 Ver-bonasque
964 2890 1108 2939 adole
1153 2892 1367 2954 pinques
1411 2894 1458 2939 et

409 2962 635 3011 mascula
668 2965 818 3012 tura!
871 2962 1119 3014 verbena
1159 2966 1303 3015 hei-tsi
1339 2966 1460 3014 alles

413 3037 582 3099 Gran,
627 3037 813 3086 sowohl
843 3037 982 3086 Laub
1019 3037 1099 3086 als
1131 3039 1320 3102 Kraat,
1367 3041 1459 3089 das

414 3124 481 3161 zu
511 3112 736 3175 heiliyem
760 3110 1017 3161 Gabi-auch
1036 3114 1142 3162 und
1161 3127 1258 3163 zur
1275 3116 1458 3164 Arznei

409 3187 595 3247 aiente,
629 3187 735 3235 und
767 3185 951 3249 beyrt'ff
974 3188 1103 3237 auch
1134 3189 1226 3253 das
1243 3189 1460 3254 krdfliqe

411 3261 710 3310 Eisenkraat
763 3259 1115 3324 (verbenaca).
1170 3263 1322 3313 Voss.
1375 3263 1452 3314 cf.

412 3335 614 3386 Grimm
659 3335 848 3385 Gesch.
899 3335 997 3385 der
1041 3335 1093 3386 d.
1144 3337 1258 3400 Spr.
1306 3339 1345 3387 Ι.
1394 3352 1448 3402 p.

414 3408 524 3460 424.
571 3436 625 3445 —-
666 3409 927 3473 thuraque]
985 3409 1128 3460 Haec
1185 3412 1453 3474 scriptura

411 3483 612 3546 ubique
648 3482 855 3534 obtinet
900 3485 950 3533 in
987 3485 1181 3534 Inscrr.
1218 3484 1454 3536 Avellino

411 3558 539 3606 Ball.
591 3558 728 3607 arch.
778 3558 837 3607 A.
886 3559 947 3608 11.
994 3571 1048 3623 p.
1091 3559 1180 3608 56:
1233 3560 1459 3611 THVRA-

412 3633 570 3682 Rn’s.
611 3632 688 3683 Cf.
728 3632 796 3682 ad
831 3633 961 3698 Epp.
1002 3634 1058 3693 4,
1098 3632 1189 3696 44,
1225 3634 1306 3685 23.

479 3745 557 3793 45.
596 3743 674 3794 46.
726 3744 870 3809 meri]
905 3743 1050 3808 quod
1083 3744 1257 3796 solum
1289 3747 1343 3796 in
1367 3757 1459 3796 sa·

414 3817 519 3867 cris
551 3817 793 3868 adhiberi
816 3817 1028 3879 licebat,
1064 3832 1171 3870 non
1200 3834 1454 3883 spurcwn,

416 3891 498 3953 (ex
530 3893 845 3956 pontificum
878 3893 1119 3957 formula)
1162 3897 1285 3946 «cui
1317 3910 1457 3958 aqua

412 3965 645 4017 amunta
673 3972 763 4029 est,
797 3968 1157 4032 defimamus.»
1195 3970 1379 4021 Festus
1400 3971 1451 4021 in

1521 1733 2208 1795 praetormtputataovitis,
2248 1732 2575 1795 fulminata-

1527 1813 1664 1866 ctae‚·
1711 1833 1740 1844 -
1791 1833 1822 1844 -
1869 1808 1988 1857 item
2053 1809 2268 1868 Graeca,
2336 1807 2576 1868 quoniam

1527 1896 1718 1945 aquam
1748 1881 1976 1931 habeant.
2019 1908 2073 1918 -
2108 1881 2283 1944 veniet]
2317 1882 2430 1931 Non
2454 1880 2576 1946 Gly-

1530 1969 1682 2017 cera,
1735 1958 1796 2005 ut
1845 1956 1980 2006 mire
2024 1954 2288 2019 explicant
2337 1954 2575 2006 Scholia-

1530 2034 1644 2081 stae
1663 2069 1675 2092 ,
1712 2030 1835 2081 sed:
1877 2033 2043 2081 «Post
2073 2044 2192 2081 rem
2215 2029 2449 2081 divinam
2472 2031 2572 2080 rite

1529 2106 1726 2157 iactam
1760 2106 1940 2156 Venus
1962 2108 2114 2169 quasi
2136 2100 2423 2170 ἐπιφανὴς
2444 2105 2571 2154 mihi

1529 2194 1593 2230 ac
1628 2182 1853 2244 propitia
1888 2180 1995 2230 buc
2029 2180 2328 2230 adveniet.»
2377 2182 2568 2230 Anacr.

1529 2256 1736 2317 Fragm.
1773 2257 1822 2305 2.
1858 2257 1916 2306 B.
1954 2255 2023 2305 ad
2056 2255 2352 2305 Bacchum:
2407 2248 2481 2303 σὺ
2523 2250 2571 2302 δ’

1530 2324 1777 2394 εὐμενὴς
1794 2323 1962 2378 ’EM’
1998 2323 2156 2395 ἡμῖν.
2205 2331 2332 2379 stat.
2371 2327 2492 2378 Silv.
2519 2328 2569 2388 3,

1532 2406 1579 2465 4,
1616 2404 1706 2453 39;
1750 2404 1984 2455 Placatur
2012 2405 2242 2466 nmisque
2271 2404 2385 2453 veni
2420 2403 2574 2465 (Her-

1532 2478 1719 2543 cules).
1813 2480 2066 2531 Ceterum
2133 2477 2306 2529 Schol.
2378 2478 2568 2539 Cruq.:

1532 2554 1744 2604 «Venus
1768 2567 1873 2605 non
1894 2554 2136 2618 placatur
2157 2556 2464 2616 sanguine.»
2509 2554 2575 2603 Et

1531 2627 1718 2678 Catuli.
1757 2629 1838 2688 66,
1876 2628 1965 2678 90:
1999 2629 2225 2679 Placabis
2254 2629 2391 2691 sestis
2418 2628 2574 2676 lami·

1527 2703 1674 2752 nibus
1718 2704 1949 2753 Venerem
1986 2703 2259 2766 Sanquinis
2299 2707 2568 2764 amorim.

1530 2777 1738 2840 Optime
1808 2777 2229 2827 controversiam
2303 2777 2576 2840 componit

1530 2851 1743 2900 Tacitus
1777 2851 1908 2900 Hist.
1946 2852 1996 2910 2,
2033 2851 2089 2901 3:
2145 2851 2363 2913 Paphiae
2400 2852 2574 2900 Veneri

1530 2926 1736 2987 hostiae,
1770 2931 1828 2975 ut
1861 2927 2069 2989 quisque
2097 2927 2256 2988 vovit,
2292 2927 2377 2975 sed
2406 2939 2575 2976 mares

1529 3000 1830 3064 deliyunaar.
1900 3001 2208 3065 Sanym‘nem
2247 3014 2374 3051 arae
2414 3001 2575 3063 offian-

1530 3077 1647 3124 dere
1674 3077 1908 3136 vetitum
1944 3076 2175 3138 precibu-s
2216 3082 2263 3126 et
2300 3077 2414 3140 iqne
2437 3089 2574 3138 puro

1529 3152 1723 3200 altaria
1741 3152 2018 3201 adom.
2054 3152 2422 3203 mactabantur
2444 3163 2571 3212 ergo

1529 3226 1715 3288 utique
1768 3226 1964 3275 Veneri
2015 3227 2246 3286 hostiae3
2306 3225 2403 3276 sed
2442 3238 2571 3274 san-

1529 3300 1687 3362 guine
1718 3312 1904 3349 earum
1926 3314 2032 3349 non
2055 3300 2435 3351 cruentabatur
2456 3313 2566 3349 ara.

1529 3375 1702 3435 Atque
1736 3374 1797 3422 ut
1829 3375 2090 3435 Horatius,
2129 3373 2376 3426 Martialis
2410 3374 2458 3434 9,
2485 3374 2567 3432 94,

1531 3447 1610 3496 46.
1661 3447 1927 3498 Venerem
1982 3448 2289 3512 alloquitur:
2348 3449 2414 3498 Et
2456 3461 2572 3496 eum

1526 3524 1640 3570 we
1668 3534 1904 3583 meroque
1931 3524 2232 3586 victimaque
2250 3524 2451 3573 Libetur
2482 3522 2573 3571 tibi

1527 3596 1771 3646 candidas
1800 3598 1869 3647 ad
1901 3611 2024 3647 aras
2041 3598 2189 3648 Secta
2199 3598 2427 3660 plurima
2448 3609 2574 3658 qua-

1528 3671 1627 3719 dra
1667 3671 1726 3719 do
1750 3671 2000 3732 placenta.
2086 3673 2212 3722 Voc.
2249 3672 2409 3721 hostia
2440 3684 2570 3721 vero

1530 3757 1807 3807 nunquam
1841 3748 2103 3809 significat
2141 3746 2195 3795 id
2229 3745 2373 3809 quod
2414 3746 2570 3797 nimis

1531 3817 1719 3870 callide
1770 3833 1944 3884 nuper
1991 3821 2179 3883 aliquis
2231 3821 2565 3882 excogitavit:

1534 3894 1639 3943 «Es
1679 3895 1743 3944 ist
1783 3895 1909 3945 blo-3³
1947 3897 2162 3946 anderen·
2193 3894 2450 3947 amau-uolt
2484 3897 2572 3960 fiir

1529 3982 1793 4020 merum.»
