3234 4975
629 406 755 469 590

1400 407 1656 457 HORATII
1692 407 2027 459 CARMINUM

966 564 1228 651 Excepit
1275 564 1436 629 ictus
1480 584 1600 650 pro
1645 563 1900 651 pudicis

1051 684 1444 771 Coniugibus
1488 684 1843 772 puerisque
1890 684 2152 771 primus.

881 845 1108 911 Vixere
1163 843 1357 909 sortes
1403 851 1548 908 ante
1596 843 2074 929 Agamemnona
2715 844 2794 906 25

880 963 1093 1043 Multi3
1140 962 1258 1030 sed
1303 983 1529 1030 omnes
1574 961 2048 1029 illacrimabiles

964 1086 1281 1172 Urgentur
1326 1085 1656 1172 ignotique
1698 1082 1890 1171 longa

1048 1207 1285 1281 Nocte,
1334 1214 1557 1271 carent
1601 1205 1755 1292 quia
1797 1216 1941 1271 vate
1987 1226 2194 1272 sacro.

880 1364 1168 1432 Paullum
1214 1364 1507 1451 sepultae
1552 1363 1746 1430 distat
1790 1364 2056 1430 inertiae

881 1485 1099 1554 Celata
1142 1486 1363 1551 virtus.
1450 1487 1590 1551 Non
1636 1506 1758 1571 ego
1803 1495 1865 1552 te
1912 1486 2075 1552 meis

2714 1487 2796 1550 30

972 1607 1223 1676 Chartis
1268 1608 1636 1673 inornatum
1681 1606 1924 1683 silebo,

758 1796 839 1847 24.
889 1796 1121 1858 puerisve
1171 1795 1223 1844 d.
1285 1822 1338 1830 —
1398 1795 1479 1845 26.
1531 1794 1917 1845 inlacrimabiles
1961 1792 2161 1844 bSTcd.
2221 1821 2276 1829 -—
2335 1793 2418 1843 28.
2464 1799 2734 1855 curemque

689 1876 810 1921 uate
830 1871 885 1919 T.
919 1897 972 1907 -·
1010 1871 1092 1920 29.
1129 1869 1346 1932 sepultae
1368 1871 1519 1919 distat
1554 1871 1742 1920 inertia
1775 1866 2011 1918 malebat
2049 1866 2334 1918 BentleiuS.
2383 1893 2436 1903 -
2476 1867 2556 1917 3⁴.
2596 1869 2732 1918 sileri

691 1942 1000 2008 ΒΤοβδιψ,
1043 1957 1124 2008 pr.
1162 1960 1219 2001 ν,
1263 1946 1342 1994 Ct.
1416 1944 1505 2007 (Ut
1539 1958 1656 2004 nos,
1693 1942 1823 2004 BSd,
1861 1957 1990 2010 γκχ,
2027 1955 2109 2006 pr.
2148 1938 2199 2005 ξ,
2238 1944 2372 1991 Pott.
2410 1944 2543 2004 sex.)

626 2115 747 2152 rum
771 2101 1101 2152 fortissimus.
1140 2100 1282 2152 Iliad.
1309 2116 1360 2161 ν,
1385 2102 1505 2151 258:
1545 2099 1676 2166 Δηῖ-
1743 2102 1944 2164 populis
2008 2101 2166 2150 donas
2235 2098 2532 2149 mortalibus
2596 2113 2793 2150 aevum.

625 2171 848 2236 φόβοιο
870 2201 898 2212 -
920 2171 1407 2245 ὑπερηνορέοντος
1421 2214 1433 2235 ,
1470 2176 1674 2237 optimo

627 2262 809 2300 sensu.
833 2250 1006 2310 Quint.
1034 2251 1245 2312 Smyr-n.
1275 2251 1355 2311 Η,
1384 2249 1504 2301 340:
1544 2248 1677 2315 Δηΐ-

625 2320 820 2386 φοβός
852 2338 914 2373 τε
944 2320 1367 2388 μενεπτόλεμος
1396 2321 1675 2394 κρατερός

625 2412 684 2448 τε
719 2396 991 2464 Πολίτης.
1035 2423 1089 2434 -
1151 2399 1477 2462 Coniuqibus]
1525 2397 1671 2449 Iliad.

627 2490 693 2534 ω,
709 2474 825 2524 730.
844 2473 913 2524 de
928 2476 1173 2525 Hectore:
1201 2470 1409 2539 (πόλιν)
1418 2467 1670 2534 Ῥύοκευ,

626 2543 757 2610 ἔχες
807 2546 855 2597 δ’
891 2541 1149 2611 ἀλόχους
1193 2545 1396 2609 κεδνὰς
1438 2548 1537 2596 καὶ
1570 2545 1675 2613 νή-

626 2637 732 2673 πια
779 2624 967 2672 τέκνα.
1026 2650 1082 2659 --
1140 2621 1297 2673 Multa
1340 2634 1462 2671 cum
1498 2624 1675 2684 gravi-

629 2700 734 2746 tate
770 2698 963 2761 repetit
997 2697 1048 2746 in
1084 2696 1187 2746 fine
1223 2710 1273 2745 v.
1305 2697 1527 2758 primus,
1566 2709 1673 2759 quo

627 2772 947 2822 sententiam
989 2771 1277 2834 inceperat.

691 2846 756 2895 26
787 2871 815 2882 -
844 2846 927 2895 28.
984 2844 1378 2908 illacrimabiles]
1453 2838 1675 2895 ἄκλαυ-

626 2933 791 2980 στοι,
825 2919 1056 2982 indcfleti.
1117 2917 1263 2967 ovid.
1303 2919 1423 2968 Met.
1462 2919 1519 2978 7,
1556 2920 1669 2969 64⁴.

626 2991 791 3044 Aliter
829 2992 924 3042 Od.
967 2993 1024 3051 2,
1065 2991 1150 3052 ⁴4,
1190 2993 1240 3042 6.
1277 2992 1676 3043 illacrimabilcm

627 3065 906 3117 Plutonem
940 3064 1081 3113 dicit.
1124 3091 1178 3100 —
1232 3065 1503 3129 Urgentur]
1542 3066 1676 3116 «ob-

628 3142 886 3198 ruuntur,
921 3141 1298 3202 premuntur»;
1338 3143 1393 3189 ut
1417 3153 1578 3205 saepe
1604 3142 1673 3191 de

628 3212 815 3277 spissis
849 3211 1087 3263 tenebris
1130 3214 1184 3261 et
1219 3212 1286 3261 de
1321 3216 1513 3264 morte.
1573 3214 1668 3264 Od.

630 3289 688 3347 i,
722 3285 786 3337 24
806 3326 817 3347 ‚
872 3290 936 3337 5:
994 3288 1134 3351 Ergo
1186 3289 1512 3350 Quinctilium
1549 3304 1673 3351 per-

618 3367 802 3423 petuus
815 3375 966 3424 sopor
986 3362 1147 3425 ΙΙΙ-ρει.
1187 3362 1336 3412 Pind.
1359 3364 1510 3413 Nem.
1534 3364 1581 3425 9,
1608 3365 1667 3414 6:

610 3431 777 3487 ’Ἔστι
824 3435 888 3487 δέ
950 3450 1036 3498 τις
1090 3431 1261 3502 λόγος
1314 3430 1668 3508 ἀνθρώπων,

626 3510 1034 3575 τετελεσμένον
1084 3507 1257 3562 ἐσλὸν
1321 3508 1417 3575 Μὴ
1483 3513 1672 3576 χαμαὶ

627 3585 764 3654 σιγᾷ
787 3582 1053 3648 καλύψαι
1070 3600 1081 3613 ·
1120 3585 1405 3637 θεσπεσία
1422 3584 1467 3635 δ’
1489 3584 1672 3636 ἐπέων

626 3658 873 3724 καύχαις
914 3655 1085 3710 ἀοιδὰ
1120 3657 1475 3732 πρόσφορος.
1545 3662 1668 3711 Tac.

624 3739 748 3800 Agr.
786 3736 884 3786 46:
937 3736 1119 3786 imatos
1163 3741 1385 3785 octonem
1415 3735 1549 3784 velut
1596 3736 1674 3786 in-

624 3810 812 3874 qim-ios
843 3816 890 3860 et
921 3809 1157 3873 iynobiles
1188 3809 1366 3858 oblivio
1398 3808 1585 3858 obruet.
1612 3837 1668 3845 —

623 3884 786 3947 sacro]
822 3886 1013 3935 Sacros
1045 3885 1202 3933 vocat
1233 3883 1445 3947 poetas,
1484 3885 1674 3946 quate-

626 3971 728 4009 nus
778 3961 903 4008 sunt
951 3958 1005 4007 in
1055 3955 1335 4019 Apollinis,
1387 3957 1668 4018 Mercurii,

624 4032 821 4083 Bacchi
855 4030 1042 4092 tutela,
1081 4032 1399 4095 interpretes
1422 4029 1667 4091 deorum,

626 4107 897 4157 Musarum
920 4103 1247 4155 sacerdotes.
1287 4102 1399 4164 (Od.
1427 4104 1458 4154 3
1476 4142 1489 4166 ‚
1515 4105 1536 4153 4
1561 4142 1572 4164 ,
1598 4103 1669 4165 3.)

628 4182 821 4231 Lucan.
857 4181 920 4241 9,
948 4179 1073 4229 978:
1131 4179 1171 4227 0
1202 4191 1345 4229 sacer
1378 4184 1427 4229 ct
1454 4191 1672 4243 myrtus

623 4261 800 4306 vatum
831 4253 1008 4303 labor!
1059 4252 1229 4301 onmia
1268 4253 1375 4315 fato
1414 4253 1586 4314 Eripis
1626 4258 1672 4301 οι

1748 2177 2029 2225 Praeterea
2054 2173 2296 2224 conferre
2319 2173 2520 2224 iuvabit
2535 2186 2798 2237 perquam

1749 2248 1977 2299 similem
2010 2247 2186 2298 locum
2209 2248 2472 2298 Theocriti
2505 2250 2558 2298 in
2580 2240 2800 2319 Χάρισι

1750 2324 1837 2384 46,
1876 2321 1940 2373 48
1975 2335 2057 2385 sq.

1812 2396 1989 2447 29-34.
2026 2397 2254 2446 Pmalum
2272 2396 2396 2460 σοι]
2423 2397 2628 2448 «Virtus
2651 2398 2795 2447 inco-

1748 2472 1890 2536 gnita
1924 2486 1989 2522 ac
2022 2471 2230 2522 silentio
2265 2473 2578 2523 transmissa
2600 2486 2793 2537 parum

1748 2548 1924 2597 differt
1956 2546 2025 2597 ab
2062 2547 2247 2596 inertia
2283 2548 2507 2610 (merito)
2546 2546 2796 2598 latente.»

1747 2620 1935 2672 Melius
2002 2634 2165 2684 quam
2244 2622 2410 2671 ceteri
2477 2620 2797 2673 scholiastae

1750 2696 2151 2746 Commentator
2209 2696 2648 2758 Frauequeranus
2709 2709 2800 2745 ex·

1745 2771 1924 2835 posuit
1943 2769 2121 2819 locum
2146 2781 2484 2832 nequaquam
2506 2766 2793 2830 difficilem,

1748 2858 2078 2909 quamquam
2114 2844 2274 2893 etiam
2297 2844 2618 2893 coniecturis
2639 2855 2799 2892 vexa-

1750 2921 1863 2968 tum
1915 2931 1946 2967 a
1997 2917 2233 2968 Bentleio
2286 2919 2341 2967 et
2383 2918 2485 2967 ΗΡ.
2524 2916 2792 2981 (sepulti):

1751 2990 1926 3043 «Nihil
1979 2994 2240 3042 interest»
2261 3029 2273 3053 ,
2343 2991 2538 3054 inquit,
2617 2992 2798 3041 «inter

1750 3065 1975 3117 celatam
1999 3067 2251 3115 virtutem
2285 3067 2340 3115 et
2361 3066 2632 3125 inertiam;
2671 3077 2799 3115 nam

1747 3141 1914 3190 virtus
1938 3152 2128 3189 carens
2161 3138 2459 3188 litterarum
2483 3151 2800 3188 monumen—

1749 3215 1812 3264 tis
1855 3212 2183 3277 procedente
2228 3214 2469 3276 tempore
2517 3212 2693 3276 perdit
2725 3211 2800 3261 fa·

1750 3301 1892 3337 mam
1928 3290 1979 3337 et
2013 3286 2198 3337 similis
2224 3287 2281 3335 fit
2302 3287 2540 3348 ignaviae
2557 3324 2569 3346 ‚
2597 3285 2666 3335 de
2690 3298 2796 3349 qua

1749 3374 1907 3412 nemo
1943 3360 2227 3423 loquitur.»
2265 3361 2411 3410 Pind.
2434 3361 2584 3410 Nem.
2611 3360 2672 3420 7,
2703 3361 2793 3409 ⁴2:

1746 3435 1814 3484 αἱ
1859 3431 2104 3502 μεγάλαι
2168 3432 2278 3505 γὰρ
2343 3428 2518 3484 ἀλκαὶ
2569 3429 2798 3482 Σκότον

1748 3505 1930 3560 πολὺν
1992 3501 2188 3573 ὕμνων
2253 3503 2449 3568 ἔχοντι
2503 3503 2792 3571 δεόμεναι.

1747 3582 1899 3634 Silius
1923 3583 1953 3632 3
1971 3621 1983 3644 ‚
2013 3582 2107 3635 ⁴45
2130 3597 2142 3632 ε
2181 3585 2435 3646 Quantum
2454 3583 2587 3632 anim
2610 3582 2796 3631 distant

1747 3671 1781 3707 a
1811 3663 1974 3707 morte
2003 3658 2202 3707 silentia
2230 3655 2412 3707 vitae?
2446 3658 2652 3719 Operae
2676 3667 2799 3722 pre-

1747 3732 1880 3781 tium
1914 3734 1995 3782 est
2028 3731 2240 3792 videre,
2279 3730 2508 3780 eandem
2541 3729 2655 3780 fere
2677 3742 2800 3779 sen-

1747 3806 1965 3856 tentiam
2001 3804 2271 3867 quomodo
2296 3803 2618 3867 expresserit
2637 3805 2797 3866 poeta

1747 3878 1940 3940 Arabs,
2001 3878 2120 3929 Abii
2153 3879 2458 3938 Tammam,
2495 3878 2550 3926 in
2582 3874 2798 3926 Schult-

1746 3953 1917 4004 hensii
1973 3953 2202 4004 Hamasa
2256 3965 2376 4016 pag.
2438 3965 2610 4001 ccxix:
2660 3951 2797 4000 Sane

1743 4029 1960 4090 rhythmi
1976 4032 2024 4077 et
2037 4029 2214 4078 Musae
2228 4029 2365 4076 haud
2385 4027 2612 4076 desinunt
2630 4026 2798 4074 Instar

1744 4103 1923 4153 habere
1984 4103 2145 4152 lineae
2197 4102 2464 4152 unionibus
2517 4105 2788 4149 consertae.

1746 4178 1924 4228 Solum
1989 4177 2217 4227 oratione
2269 4175 2588 4239 nuaram-itae
2641 4178 2758 4222 m
2771 4211 2792 4233 ,

1746 4264 1872 4313 quas
1912 4252 1955 4299 si
1985 4251 2223 4301 uetueris
2256 4250 2520 4310 Carmine,
2575 4249 2798 4298 esiciam
