3234 4975
649 377 773 441 508

1405 379 1662 430 HORA‘m
1699 378 2054 458 ommium

1066 535 1222 622 Ripa
1266 535 1447 622 vagis
1490 535 1802 602 taciturna
1847 537 2073 602 ventis.

897 695 1018 770 Tu,
1067 693 1386 760 civitatem
1429 695 1575 781 quis
1619 693 1849 762 deceat
1891 705 2120 770 statuS‚

2733 694 2816 759 25

897 815 1099 881 Curas
1144 825 1210 881 et
1252 814 1405 883 Urbi
1452 814 1763 882 sollicitus
1807 816 2022 890 times,

979 935 1151 1016 Quid
1197 937 1391 1003 Seres
1435 946 1500 1003 et
1543 945 1807 1023 regnata
1851 937 2024 1024 Cyro

1060 1058 1289 1124 Bactra
1329 1066 1559 1144 parent
1599 1057 1960 1145 Tanaisque
2000 1056 2273 1126 discors.

892 1214 1185 1282 Prudens
1228 1214 1418 1281 futuri
1463 1216 1771 1304 temporis
1816 1216 2058 1283 exitum

894 1335 1255 1424 Caliginosa
1296 1345 1484 1403 nocte
1528 1337 1763 1424 premit
1802 1336 1967 1403 deus

773 1534 855 1584 28.
893 1535 1077 1585 dissors
1107 1532 1344 1585 malebat
1374 1532 1660 1586 Bentleius.

641 1709 843 1760 aestivo
861 1724 873 1768 ;
900 1709 1091 1760 horam
1112 1711 1255 1761 enim
1277 1710 1364 1760 hic
1387 1708 1686 1772 significare

642 1783 767 1834 nihil
800 1783 1076 1834 attinebat.

704 1856 787 1908 24.
828 1858 970 1923 Ripa]
1004 1857 1103 1907 rivi
1134 1855 1287 1907 illius.
1329 1885 1385 1894 —
1410 1856 1684 1921 tamma]

641 1931 804 1982 «dum
856 1932 1031 1982 ventis
1094 1929 1428 1982 cessantibus
1484 1929 1686 1982 nullum

639 2016 871 2069 usquam
905 2016 1150 2055 murmur
1181 2003 1444 2055 auditur.»

705 2079 790 2128 25.
840 2078 937 2140 Tu,
983 2078 1252 2143 οᾶυὲιαεαη]
1298 2077 1411 2128 Tibi
1444 2078 1684 2142 quidem,

641 2151 794 2205 Urbis
829 2164 957 2202 cura
989 2164 1115 2202 cum
1148 2151 1241 2203 tibi
1277 2154 1561 2204 commissa
1592 2152 1685 2212 sit,

641 2226 789 2276 cordi
828 2227 950 2276 ante
990 2227 1168 2276 omnia
1206 2229 1290 2276 est
1334 2227 1565 2292 optimus
1610 2227 1689 2276 ci-

638 2301 814 2351 vitatis
859 2302 1029 2351 status
1074 2301 1347 2365 otiumque
1390 2300 1685 2366 publicum3

640 2372 797 2426 simul
838 2374 1070 2425 intentus
1122 2387 1207 2436 esi,
1261 2388 1399 2439 quae
1452 2373 1687 2439 pericula

641 2449 807 2500 exteri
830 2448 1039 2511 hostes,
1066 2449 1325 2515 imprimis
1349 2449 1574 2500 Orientis
1595 2461 1691 2512 po·-

638 2522 773 2589 puli,
810 2524 1046 2574 Romano
1077 2524 1301 2587 imperio
1323 2524 1684 2574 minitentur.»

640 2598 746 2648 Cfr.
785 2597 1055 2648 Frandsen
1087 2598 1353 2648 Maecenas
1382 2611 1436 2661 p.
1465 2597 1545 2647 69.

703 2673 786 2723 26.
841 2672 923 2721 27.
995 2670 1140 2735 Urbi]
1193 2672 1391 2737 «capiti
1446 2682 1684 2721 rerum.»

641 2748 776 2809 (Tac.
815 2746 947 2796 Hist.
982 2746 1042 2806 2,
1091 2745 1193 2809 32.)
1242 2747 1431 2798 Moneo
1464 2745 1687 2810 propter

638 2819 903 2872 Sanadoni
952 2820 1078 2870 orbi.
1154 2820 1341 2871 Civitas
1394 2822 1575 2870 autem
1632 2822 1688 2870 et

638 2893 770 2946 urbs
806 2895 886 2957 (in
924 2907 1030 2958 quo
1071 2893 1153 2944 ille
1199 2893 1485 2956 haerebat)
1536 2895 1686 2943 recte

639 2970 1055 3031 coniunguntur.
1092 2970 1152 3018 ut
1183 2967 1327 3031 apud
1356 2968 1463 3018 Cic.
1516 2966 1683 3018 Acad.

639 3044 693 3101 2,
733 3042 781 3105 ἓ.
822 3041 933 3092 437.
968 3041 1314 3092 nechaoctibi
1338 3042 1548 3092 videtur
1565 3042 1687 3092 urbs

637 3129 729 3167 noc
759 3118 814 3165 in
834 3129 897 3166 ea
918 3116 1110 3165 civim.
1146 3117 1208 3167 V.
1238 3116 1357 3166 Urbi
1376 3117 1533 3179 iunge
1558 3130 1685 3167 cum

637 3204 689 3241 v.
726 3192 882 3241 timos.
933 3215 989 3226 -
1027 3190 1278 3255 sollicitus]
1322 3191 1452 3241 Veli.
1495 3194 1555 3253 2,
1597 3192 1680 3242 88.

640 3265 709 3315 de
744 3267 1077 3316 Maecenate:
1112 3264 1199 3315 ubi
1228 3278 1310 3315 res
1328 3266 1556 3329 viqiliam
1578 3268 1687 3317 wi-

636 3345 807 3404 nerat,
843 3353 963 3390 sano
996 3340 1270 3403 exsonmis,
1304 3342 1574 3404 prmiidens
1607 3346 1686 3391 at-

637 3426 734 3475 quo
764 3416 947 3478 affandi
977 3415 1151 3465 scions.

702 3488 784 3540 27.
836 3490 920 3540 28.
974 3489 1139 3555 Seres]
1194 3491 1416 3541 extremi
1456 3491 1682 3542 Orientis

636 3563 815 3629 populi
848 3564 1097 3615 Romanis
1120 3565 1253 3627 noti,
1291 3565 1506 3615 «lanicio
1526 3566 1685 3615 silva-

635 3638 1005 3691 rumnobilasa
1031 3637 1159 3690 Plin.
1181 3640 1243 3690 H.
1265 3641 1326 3690 N.
1353 3640 1409 3701 6,
1435 3640 1518 3689 20.
1545 3640 1682 3689 Cum

639 3714 774 3763 Indis
817 3715 1206 3778 coniunguntur
1238 3712 1333 3763 Od.
1362 3714 1383 3763 4
1409 3750 1421 3773 ,
1450 3715 1511 3763 42
1529 3751 1541 3772 ,
1567 3713 1679 3773 56.;

640 3801 767 3838 cum
798 3790 1001 3851 PersiS,
1039 3789 1174 3839 sicut
1208 3788 1324 3848 hic,
1374 3787 1470 3837 Od.
1509 3786 1568 3848 t,
1597 3788 1679 3847 45,

636 3863 718 3913 23.
756 3863 800 3912 Α
832 3863 1003 3926 potitis
1037 3864 1256 3913 ornatus
1287 3861 1464 3926 potius
1498 3874 1679 3923 causa,

637 3949 799 4000 quam
841 3937 987 4002 quod
1028 3950 1265 4001 unquam
1307 3949 1455 3987 arma
1500 3950 1685 3987 move-

636 4012 769 4072 rint,
807 4014 1157 4063 numerantur
1184 4013 1324 4063 inter
1343 4012 1563 4062 Romani
1588 4025 1684 4061 no-

638 4086 793 4137 minis
826 4087 1037 4149 hostes,
1092 4089 1152 4137 ut
1195 4085 1338 4151 apud
1382 4086 1580 4137 Lucan.
1620 4087 1676 4146 4,

639 4160 736 4210 49;
777 4160 1375 4225 διώἱιιραίαιπδονοε,
1422 4160 1681 4211 iambor-

638 4235 792 4286 barus
822 4235 935 4286 isset
967 4235 1180 4287 Ara-ves.
1228 4237 1354 4286 Stat.
1381 4233 1505 4286 Silv.
1531 4235 1588 4296 4,
1617 4237 1638 4286 4
1663 4274 1675 4297 ,

2719 1338 2809 1402 30

1761 1709 1843 1762 42.
1886 1711 2140 1762 Ceterum
2162 1710 2286 1762 vide
2309 1712 2623 1763 Excursum.
2655 1736 2710 1747 -
2733 1721 2815 1760 ro-

1760 1785 2297 1850 σηαεαΟννοΒαι-ενα]
2325 1785 2549 1850 «quibus
2567 1783 2694 1835 olim
2711 1784 2816 1848 Cy·

1761 1871 1855 1909 rus
1890 1860 2265 1924 imperitavit.»
2333 1860 2466 1910 Xen.
2495 1860 2620 1921 Cyr.
2647 1858 2704 1918 4,
2744 1858 2766 1906 4
2796 1893 2809 1919 ,

1762 1931 1825 1983 t:
1879 1923 2018 2003 ἦρξε
2049 1930 2113 1984 δὲ
2144 1933 2441 2004 Βακτρίων
2476 1933 2578 1983 καὶ
2605 1925 2809 1982 Ἰνδῶν.

1761 2003 1889 2056 Plin.
1918 2007 1975 2068 6,
2003 2008 2090 2057 ⁴6:
2130 2006 2811 2058 Gmhaocobtimtavsrsa

1759 2080 1943 2129 montis
1970 2082 2289 2145 Paropmnm
2334 2087 2380 2133 et
2426 2082 2666 2132 adversm
2693 2079 2812 2143 fon·

1761 2156 1832 2203 tes
1881 2153 2029 2214 Indu
2085 2155 2360 2205 includitur
2404 2154 2612 2219 ananim
2657 2152 2806 2202 Ocho.

1763 2229 2002 2291 Propert.
2039 2228 2100 2290 3,
2140 2229 2196 2290 4,
2236 2229 2333 2280 46.
2390 2229 2487 2291 Qui
2522 2230 2672 2293 finem
2708 2228 2810 2277 im-

1754 2301 1890 2362 perii
1936 2302 2129 2352 Bactra
2170 2303 2350 2366 fictura
2396 2307 2596 2352 omit.
2666 2303 2809 2350 Gens

1761 2374 1953 2425 nobilis
1996 2378 2182 2441 postea
2217 2375 2342 2426 inde
2377 2374 2446 2425 ab
2482 2388 2621 2427 anno
2654 2374 2811 2425 circi-

1762 2449 1845 2499 ter
1877 2450 1991 2500 250.
2042 2462 2215 2514 usque
2253 2449 2325 2501 ad
2359 2450 2472 2500 425.
2517 2451 2638 2501 ante
2679 2449 2806 2501 Chr.

1760 2536 1927 2586 regno
1972 2526 2175 2575 Graeco
2217 2525 2528 2584 Bactriano;
2586 2525 2807 2587 Augusti
2843 2566 2847 2570 .

1760 2610 1890 2648 vero
1935 2597 2271 2662 temporibus
2317 2610 2444 2662 pars
2497 2598 2808 2648 Bactrianae

1761 2671 1995 2733 Parthis,
2032 2685 2159 2737 pars
2191 2673 2472 2732 Tocharis‚
2525 2673 2807 2735 Scythicae

1760 2745 1928 2809 genti,
1977 2745 2217 2796 subiecta
2260 2748 2404 2805 erat;
2457 2746 2710 2810 quocirca
2744 2745 2800 2795 h.

1760 2818 1794 2869 l.
1823 2820 1891 2870 de
1915 2821 2121 2871 Parthis
2144 2819 2416 2883 intelliges.
2452 2822 2544 2883 (De
2567 2821 2811 2870 constru-

1761 2895 1937 2946 ctione
1973 2895 2068 2946 cfr.
2096 2895 2192 2946 Od.
2217 2896 2268 2956 2,
2304 2896 2354 2956 6,
2392 2894 2492 2957 44.)
2519 2921 2575 2930 -
2601 2892 2804 2957 discors]

1764 2971 2047 3032 «scythae,
2085 2971 2274 3021 Tanais
2308 2968 2524 3020 accolae
2542 3007 2555 3029 ,
2599 2967 2808 3019 intesti-

1760 3045 1842 3095 nis
1893 3043 2172 3095 discordiis
2221 3045 2461 3108 agitati»,
2519 3045 2581 3093 ut
2628 3043 2805 3093 Parthi

1759 3119 1854 3168 Od.
1893 3119 1950 3180 3,
1993 3119 2050 3179 8,
2095 3119 2188 3169 ⁴9:
2246 3120 2421 3170 Modus
2466 3118 2672 3182 infestus
2713 3115 2808 3166 sibi

1756 3193 1991 3243 luctuosis
2023 3194 2239 3242 Dissidet
2286 3194 2460 3243 annis.
2531 3191 2804 3242 Pertinere

1757 3267 1894 3316 haec
1934 3267 2184 3316 videntur
2235 3266 2456 3316 Frankio
2505 3278 2626 3330 pag.
2687 3265 2800 3315 497.

1757 3340 1826 3391 ad
1866 3338 2075 3390 civilem
2111 3340 2427 3390 Parthorum
2460 3337 2801 3399 discordiam,

1757 3415 1909 3465 cuius
1933 3414 2220 3478 participes
2243 3416 2398 3465 erant
2416 3413 2693 3465 discordes
2711 3414 2807 3462 Ta-

1757 3489 1951 3539 naitas.
1981 3515 2037 3526 -
2061 3489 2209 3538 Inest
2241 3488 2292 3538 in
2327 3487 2410 3539 his
2432 3489 2691 3538 innocens
2713 3499 2806 3537 ne·

1755 3574 1863 3626 que
1911 3562 2145 3612 amicum
2193 3560 2402 3613 laesura
2448 3562 2646 3621 ironia3
2695 3561 2806 3611 ete-

1756 3639 1868 3688 nim
1886 3641 1941 3688 et
1959 3635 2046 3688 ille
2071 3639 2126 3688 et
2146 3649 2335 3687 omnes
2359 3636 2579 3687 Romani
2603 3634 2803 3698 optime

1756 3713 2020 3763 noverant
2051 3709 2176 3761 nihil
2211 3708 2432 3775 periculi
2466 3711 2572 3760 iam
2600 3710 2806 3773 impen-

1756 3786 1885 3837 dere
1925 3787 2162 3837 Romano
2207 3785 2430 3849 imperio
2470 3782 2539 3833 ab
2579 3783 2803 3833 Orientis

1756 3863 1916 3925 atque
1950 3858 2333 3924 septentrionis
2367 3856 2686 3909 nationibus.

1819 3934 1902 3984 29.
1921 3933 2002 3983 30.
2022 3931 2261 3996 maora]
2281 3933 2591 3996 «Sapienter
2605 3933 2662 3981 et
2678 3942 2805 3980 con-

1755 4007 1893 4061 sulto
1931 4009 2067 4060 deus
2107 4019 2195 4058 res
2240 4007 2445 4057 futuras
2489 4003 2802 4056 mortalibus

1754 4085 1901 4137 velut
1931 4084 2161 4135 obscura
2209 4084 2365 4134 nocte
2403 4082 2589 4144 pressit
2609 4119 2621 4141 ,
2673 4079 2802 4131 abs-

1755 4159 1986 4211 condit.»
2044 4158 2306 4222 Theognis
2329 4157 2481 4208 ⁴075:
2517 4152 2801 4245 Πςὴγμα-

1753 4247 1856 4298 roc,-
1887 4227 2188 4306 ἅπρήκτου
2224 4226 2634 4293 χαλεπώτατον
2676 4228 2800 4281 ἐστι
