3234 4975
1448 379 1705 429 HORATII
1740 378 2078 428 CARMINUM

1100 537 1437 621 Nunquam
1481 534 1846 609 dimoveas,
1893 545 1963 599 ut
2004 533 2185 599 trabe
2231 533 2469 622 Cypria

1012 657 1329 745 Myrtoum
1370 654 1646 743 pavidus
1689 665 1881 720 nauta
1927 665 2104 721 secet
2143 674 2339 719 mare.

1013 779 1383 843 Luctantem
1427 776 1645 842 Icariis
1688 773 1987 841 fluctibus
2032 774 2309 840 Africum

2757 772 2836 837 ⁴5

1020 900 1334 965 Mercator
1378 908 1669 963 metuens
1712 896 1911 963 otium
1954 906 2019 961 et
2061 892 2280 983 oppidi

811 1125 889 1175 43.
927 1125 1185 1173 demoveas
1214 1125 1253 1173 B
1304 1124 1482 1185 (reteri
1524 1124 1806 1185 dimoveas).
1845 1123 1897 1172 F.
1957 1123 2022 1172 Et
2052 1123 2309 1171 dernoveas
2346 1120 2578 1171 malebat
2614 1123 2770 1172 Lam-

747 1196 919 1249 binus.
962 1225 1016 1233 -
1055 1198 1135 1248 44.
1170 1202 1451 1259 myrtorum
1483 1199 1538 1247 B.
1580 1225 1634 1231 —
1675 1198 1753 1247 45.
1789 1198 1970 1247 icareis
2002 1198 2093 1247 Td.

751 1403 830 1453 43.
890 1403 1154 1467 dimoveas]
1201 1404 1311 1454 Hoc
1345 1406 1490 1452 certe
1525 1402 1725 1465 signifi-

685 1480 794 1527 cat:
824 1478 1070 1538 «efficias,
1096 1480 1154 1527 ut
1176 1478 1349 1541 priore
1372 1478 1509 1527 vitae
1529 1490 1724 1540 genere

683 1552 882 1602 omisso
925 1550 1065 1601 aliud
1106 1549 1259 1614 longe
1310 1551 1580 1602 diversum
1630 1550 1727 1601 eli-

685 1630 840 1690 gat»;
878 1640 982 1676 non
1016 1627 1119 1676 hoc
1152 1627 1448 1676 dumtaxat:
1505 1627 1722 1686 «saciaS,

686 1704 746 1751 ut
788 1700 993 1751 desinat
1033 1701 1252 1764 pristino
1295 1700 1467 1751 studio
1510 1713 1722 1759 vacare,

687 1773 827 1824 nullo
861 1774 961 1824 alio
985 1777 1285 1837 suscepte.»
1336 1777 1445 1824 Iam
1468 1776 1727 1839 perpetua

686 1850 823 1898 inter
864 1851 1245 1899 Grammaticos
1289 1852 1369 1900 est
1419 1852 1729 1899 controver-

686 1924 789 1982 sia,
834 1925 950 1972 utra
995 1923 1161 1972 forma
1205 1924 1473 1984 dimovere,
1528 1937 1595 1973 an
1641 1925 1729 1973 de-

685 2010 883 2046 movere
917 1995 985 2046 illi
1028 1998 1386 2060 significationi
1430 2000 1599 2063 aptior
1641 2001 1724 2060 sit,

687 2084 787 2121 nec
822 2071 970 2120 facile
1007 2085 1069 2120 ea
1094 2071 1155 2122 lis
1179 2073 1350 2123 dirimi
1373 2077 1563 2138 potest,
1602 2088 1725 2124 cum

687 2146 773 2195 hic
807 2148 965 2208 atque
1001 2146 1096 2196 Od.
1123 2146 1172 2208 4,
1199 2150 1249 2206 5,
1278 2148 1357 2209 44,
1395 2149 1523 2199 item
1557 2149 1723 2199 Plaut.

687 2224 831 2272 Pers,
869 2221 917 2280 3,
957 2222 1004 2281 4,
1040 2221 1121 2272 45.
1177 2224 1284 2275 Cic.
1321 2238 1419 2288 pro
1453 2225 1622 2275 Sestio
1644 2223 1726 2274 47.

692 2298 761 2359 (et
793 2294 882 2344 ubi
918 2297 1074 2358 non‘i)
1110 2299 1315 2349 varient
1346 2298 1481 2350 libri.
1542 2302 1642 2349 Pro
1675 2312 1726 2346 v.

687 2371 942 2419 demovere
989 2370 1042 2419 h.
1095 2369 1129 2421 1.
1182 2374 1374 2423 acriter
1428 2375 1732 2438 depugnant

691 2445 818 2495 lahn
851 2445 914 2494 Ν.
934 2445 1105 2495 Jahrb.
1128 2448 1188 2498 V.
1209 2448 1289 2499 24.
1310 2463 1363 2513 p.
1392 2448 1526 2511 434.,
1564 2451 1731 2501 Bern-

688 2520 858 2582 hardy
893 2521 1025 2570 Ann.
1052 2521 1163 2571 Hal.
1192 2524 1336 2573 4837.
1364 2526 1423 2574 N.
1450 2527 1585 2586 202„
1622 2526 1732 2577 Dil-

690 2594 1008 2656 lenburgen
1064 2598 1233 2659 Unger
1282 2599 1342 2648 V.
1391 2601 1444 2649 R.
1483 2613 1543 2665 p.
1583 2602 1727 2661 397.;

689 2683 787 2732 pro
822 2668 987 2718 altero
1021 2671 1244 2722 Liibker.
1316 2674 1422 2735 Ego
1465 2676 1547 2724 cui
1592 2677 1645 2724 h.
1692 2675 1725 2726 l.

691 2744 983 2807 scripturae
1019 2744 1251 2806 faveam,
1297 2748 1464 2798 vides.
1536 2750 1727 2799 Contra

694 2831 910 2882 semper
951 2818 1182 2869 scribam
1223 2822 1416 2883 prada,
1468 2829 1604 2874 stata
1644 2827 1730 2875 de-

688 2905 885 2940 movere
932 2892 1162 2953 militetn,
1214 2893 1421 2958 hostem,
1468 2896 1560 2947 ubi
1605 2898 1728 2948 nibil

690 2965 911 3023 reseret,
939 2979 1044 3028 quo
1068 2966 1312 3020 demotus
1335 2971 1418 3020 sit.
1446 2998 1499 3007 -
1526 2973 1728 3037 Cypria]

692 3040 792 3088 Pro
827 3037 1062 3101 qualibet
1096 3041 1213 3091 navi
1248 3047 1587 3103 mercatoria;
1635 3060 1730 3095 ve-

692 3126 811 3162 rum
852 3117 1007 3176 poeta
1051 3128 1138 3165 res
1188 3117 1483 3180 singulatim
1534 3134 1733 3184 propo-

691 3199 819 3235 nere
844 3187 1002 3247 solet‚
1028 3192 1087 3238 ut
1109 3192 1315 3253 species
1338 3196 1481 3243 certa
1505 3208 1567 3244 ac
1591 3193 1733 3243 clara

694 3260 847 3311 nobis
880 3265 1001 3312 ante
1036 3263 1215 3315 oculos
1256 3270 1514 3317 versetur.
1584 3270 1731 3319 Idem

696 3336 835 3387 valet
901 3337 968 3387 de
1034 3352 1119 3388 vv.
1188 3342 1469 3405 Myrtoum,
1536 3344 1732 3404 IcariiS,

692 3413 933 3476 Afric-mn.

762 3489 840 3540 44.
912 3491 1180 3554 Myrtoum]
1233 3492 1514 3542 Pausanias
1556 3493 1605 3553 8,
1650 3490 1731 3549 44,

698 3564 783 3614 ⁴2:
839 3559 1166 3635 ἀρχόμενον
1198 3559 1316 3615 ἀπὸ
1350 3561 1602 3627 Εὐβοίας
1637 3566 1734 3614 καὶ

697 3643 824 3712 παρ’
854 3634 1093 3705 Ἑλένην
1132 3636 1352 3710 ἐρήμην
1400 3637 1580 3705 νῆσον
1629 3656 1735 3690 κα-

632 3708 639 3715 ’
695 3713 883 3780 θῆκον
918 3717 1000 3777 εἰς
1020 3711 1088 3765 τὸ
1111 3714 1367 3782 Αἰγαῖον,
1404 3730 1434 3764 a
1458 3717 1629 3778 Myrto
1652 3716 1734 3765 in-

697 3790 810 3842 sula
845 3789 945 3841 sub
979 3790 1212 3841 Euboea.
1263 3818 1316 3826 —
1354 3791 1585 3854 pavidus]
1641 3793 1737 3839 aut

699 3865 789 3915 flat
820 3855 1076 3935 ἔμπορος
1107 3863 1352 3929 periculis
1394 3877 1609 3928 semper
1643 3878 1737 3913 ex-

700 3942 969 4005 positus»,
1042 3942 1183 3991 unde
1230 3940 1470 4002 pavidus,
1539 3939 1740 3988 timidus

702 4015 812 4077 (Od.
854 4017 902 4075 4,
930 4015 1009 4075 44,
1039 4015 1136 4077 44.)
1175 4016 1422 4078 frequens
1456 4016 1734 4064 nautarum

702 4089 981 4139 ἐπίθετον.
1060 4090 1204 4138 Ovid.
1251 4089 1399 4139 Trist.
1449 4091 1497 4149 4,
1540 4088 1589 4149 4,
1638 4089 1733 4138 44;

702 4166 890 4214 Navita
921 4166 1165 4227 consessus
1194 4165 1410 4227 qdidum
1444 4164 1641 4226 pallore
1672 4164 1739 4213 a·

701 4254 903 4289 marein.
975 4240 1103 4290 Miro
1138 4239 1354 4303 quidem
1377 4253 1503 4290 casu
1527 4238 1735 4301 accidit,

1799 1405 1874 1462 ut,
1921 1401 2375 1465 quemadmodum
2417 1402 2513 1452 Od.
2561 1403 2608 1462 4,
2656 1404 2738 1464 27,
2787 1404 2833 1453 3.

1796 1478 2127 1526 verecundum
2160 1479 2214 1525 et
2245 1477 2647 1538 inverecundum,
2683 1478 2760 1527 sic
2781 1478 2835 1527 h.

1799 1550 1831 1600 l.
1858 1553 2088 1600 metrum
2107 1550 2347 1601 admittat
2365 1553 2521 1602 etiam
2540 1553 2836 1615 impavidus,

1799 1638 1905 1688 quo
1962 1625 2185 1676 Horman
2240 1624 2548 1690 Peerlkamp
2613 1628 2842 1676 correxit

1801 1701 2088 1758 Horatium,
2117 1713 2219 1748 non
2244 1698 2501 1752 librarios.
2551 1703 2616 1751 At
2635 1714 2733 1765 pro
2757 1701 2840 1750 di—

1798 1787 1956 1824 verso
1999 1777 2188 1837 poetae
2232 1774 2446 1824 consilio
2488 1778 2677 1824 nautae
2718 1776 2840 1825 sunt

1801 1861 1924 1897 mox
1953 1850 2154 1909 pavidi,
2200 1862 2322 1898 mox
2358 1850 2572 1898 audaces
2629 1851 2749 1910 (Sat.
2788 1849 2835 1906 4,

1803 1924 1849 1980 4,
1895 1923 1994 1984 30.)
2042 1925 2094 1973 et
2135 1926 2279 1972 recte
2315 1923 2667 1973 Eichstadius:
2725 1925 2838 1973 “Ne

1801 1999 2160 2048 mercatorum
2201 2011 2319 2048 sors
2362 1998 2516 2048 nimis
2559 1997 2838 2047 invidenda

1802 2071 2155 2131 existimetur,
2193 2073 2436 2122 Horatius
2470 2085 2653 2122 rursus
2688 2086 2841 2134 egre-

1802 2147 1885 2208 gio
1929 2146 2332 2206 antithetorum‚
2387 2146 2580 2210 quibus
2630 2160 2840 2197 summa

1801 2219 2034 2283 pericula
2068 2219 2365 2271 indicantur
2403 2224 2456 2271 et
2489 2222 2600 2285 ipsa
2636 2219 2841 2270 auden-

1804 2295 1947 2345 tioris
1981 2296 2208 2346 hominis
2243 2294 2453 2346 stultitia
2479 2298 2703 2355 notatur,
2743 2295 2842 2344 de—

1801 2369 1941 2419 lectu
1976 2371 2127 2420 cavit.
2182 2372 2276 2430 Qui
2300 2370 2544 2421 substitui
2565 2369 2844 2420 voluerunt

1801 2446 2101 2508 impavidae,
2125 2447 2498 2497 antithetorum
2515 2446 2621 2496 vim
2641 2448 2694 2495 et
2709 2449 2843 2509 poe—

1805 2524 1889 2571 tae
1925 2536 2141 2572 sensum
2183 2536 2287 2572 non
2332 2524 2743 2587 perceperunt.»
2784 2547 2838 2556 --

1802 2597 1940 2659 secel]
1977 2598 2167 2659 OdySS.
2203 2614 2264 2663 y,
2303 2596 2421 2647 ⁴74:
2461 2594 2703 2662 πέλαγος
2738 2596 2843 2660 με’-

1806 2686 1914 2720 σον
1946 2672 2186 2736 τέμνειν.

1873 2784 1949 2832 45.
1987 2784 2210 2832 Icarium
2231 2796 2378 2832 mare
2398 2784 2534 2832 inter
2550 2784 2766 2832 Samum
2790 2784 2841 2830 et

1803 2857 2021 2906 Icariam
2042 2856 2280 2907 insulam.
2319 2855 2412 2906 Alii
2430 2856 2497 2905 ab
2517 2858 2683 2915 leam,
2703 2857 2842 2905 Dae-

1805 2931 1908 2981 dali
1943 2930 2060 2981 filio.
2122 2933 2442 2981 Memoratur
2474 2931 2578 2979 iam
2602 2929 2742 2979 lliad.
2780 2927 2838 2987 β,

1809 3006 1918 3057 444.
1983 3033 2036 3042 —
2094 3004 2335 3069 Africum]
2381 3006 2581 3054 Seneca
2626 3005 2838 3063 Quaest.

1807 3083 1911 3130 nat.
1969 3081 2020 3139 5,
2075 3081 2161 3128 ⁴6:
2222 3080 2293 3128 Ab
2345 3080 2589 3128 occidente
2643 3078 2843 3127 hiberno

1804 3156 2001 3219 Africus
2041 3153 2338 3217 furibundus
2384 3158 2430 3202 et
2477 3167 2650 3214 ruem,
2708 3155 2844 3215 apud

1808 3232 2024 3279 Graecos
2056 3227 2164 3291 λὶψ
2199 3229 2395 3277 dicitur.
2438 3226 2592 3289 (Italis
2626 3228 2839 3287 libecciO,

1808 3303 1960 3353 nobis
1997 3302 2423 3364 West-Sizdwest.)

1875 3417 1954 3464 46.
1992 3415 2359 3478 oppidi-rura]
2397 3416 2554 3477 lunge
2579 3415 2745 3476 oppidi
2768 3416 2845 3463 sui

1809 3493 1962 3540 otium
1995 3495 2042 3539 et
2071 3504 2218 3549 rura,
2257 3490 2308 3539 id
2333 3492 2431 3545 est,
2472 3492 2728 3539 «tractum
2753 3503 2844 3538 ru-

1810 3567 1879 3615 ris
1915 3566 2052 3614 circa
2088 3565 2338 3629 oppidum
2373 3565 2507 3613 siti.»
2537 3592 2588 3600 —
2618 3562 2722 3614 Cfr.
2749 3566 2845 3613 Se-

1811 3654 1942 3690 neca
1977 3639 2045 3689 de
2079 3639 2256 3689 Benes.
2297 3641 2343 3699 4,
2373 3640 2417 3697 4,
2448 3639 2535 3687 4οῑ
2575 3640 2712 3687 Bella
2729 3639 2845 3687 vicli

1809 3721 1856 3765 et
1919 3715 2159 3778 naufrayi
2223 3714 2394 3762 maria
2455 3715 2733 3775 repetimus.
2789 3740 2840 3747 -

1813 3790 2025 3841 «Mediis
2059 3791 2111 3839 in
2146 3787 2390 3854 periculis
2425 3790 2478 3837 et
2501 3787 2590 3836 ubi
2614 3787 2843 3849 denique

1809 3865 2084 3917 incolumis
2107 3866 2158 3914 in
2180 3864 2402 3928 patriam
2435 3863 2665 3923 revertit,
2702 3864 2847 3925 optat

1811 3941 2101 4000 interdum,
2157 3942 2213 3989 ut
2263 3936 2537 4002 tranquille
2580 3935 2679 3987 sibi
2719 3949 2847 3999 pro-

1811 4017 1984 4080 prium
2003 4028 2186 4077 agrum
2206 4013 2381 4064 colere
2404 4011 2582 4070 ilceat3
2609 4011 2704 4062 sed
2720 4023 2847 4073 per-

1811 4093 1970 4155 petua
2025 4090 2347 4155 impatientia
2403 4090 2553 4137 actus
2608 4085 2849 4136 celeriter

1814 4165 2139 4229 propositum
2174 4165 2344 4214 mutat
2384 4175 2448 4211 ac
2483 4174 2615 4211 nave
2651 4159 2844 4209 refecta

1813 4252 1996 4290 rursus
2050 4250 2300 4288 ancoram
2356 4234 2557 4287 solvit.»
2636 4233 2845 4284 Minime
