3234 4975
650 401 774 463 206

1402 396 1654 446 HORATu
1690 394 2022 444 CARMINUM

988 556 1388 640 Montemque
1430 549 1822 640 lymphatam
1867 548 2207 614 Mareotico

1114 674 1380 761 Redegit
1423 675 1484 738 in
1530 693 1720 739 veros
1764 671 2027 736 timores

1194 797 1457 871 Caesar,
1506 794 1587 860 ab
1633 792 1809 859 Italia
1851 791 2172 857 volantem

989 956 1201 1022 Remis
1246 953 1595 1040 adurgenS,
1653 951 1959 1037 accipiter
2001 948 2174 1016 velut

989 1076 1208 1143 Molles
1252 1073 1583 1142 columbas
1629 1083 1738 1139 aut
1778 1072 2068 1159 leporem
2112 1071 2273 1137 citus

792 1262 863 1309 45.
902 1259 970 1322 in]
1006 1259 1073 1306 ad
1105 1254 1337 1306 malebat
1369 1252 1532 1304 Bentl.
1576 1279 1630 1287 -
1668 1264 1800 1300 seros
1831 1251 2075 1300 Bouhier.

657 1418 920 1483 praetoria
940 1415 1140 1465 triremi
1157 1452 1169 1473 ,
1189 1426 1292 1476 qua
1309 1414 1421 1476 ipse
1441 1410 1569 1472 fugit
1585 1409 1692 1458 dux

657 1493 912 1542 devictus.
950 1488 1083 1539 Plut.
1108 1490 1226 1538 Ant.
1254 1487 1334 1536 68.
1371 1486 1468 1535 Dio
1493 1486 1581 1544 50,
1608 1483 1689 1532 35.

724 1566 803 1616 lli.
839 1563 1160 1628 lymphatam]
1189 1556 1691 1626 «νυμφόπληκτον,

656 1654 794 1690 vano
839 1652 1037 1704 pavore
1084 1638 1321 1687 territam
1367 1638 1422 1687 et
1453 1636 1697 1686 conster-

659 1719 836 1766 natam
878 1726 1054 1776 neque
1098 1713 1203 1761 iam
1245 1711 1327 1760 sui
1370 1710 1693 1773 compotem,

658 1792 727 1841 ita
777 1792 837 1838 ut
883 1789 969 1837 vix
1020 1787 1145 1835 inito
1194 1782 1429 1848 proeli0‚
1487 1783 1696 1832 Antonii

656 1864 822 1914 rebus
857 1863 1144 1912 etiamtunc
1178 1860 1422 1921 integris,
1462 1856 1699 1921 repenti-

659 1952 783 1989 nam
816 1937 995 1999 fugam
1026 1936 1384 1997 capesseret.»
1422 1932 1569 1982 Ovid.
1596 1933 1703 1982 He-

661 2011 793 2062 roid.
820 2010 878 2071 4,
915 2009 1003 2061 49:
1042 2022 1168 2070 quas
1194 2009 1423 2069 Dryades
1443 2007 1702 2069 Faunique

659 2087 879 2136 becomes
916 2084 1129 2133 Numine
1161 2086 1413 2131 contactas
1444 2085 1703 2130 attonuere

659 2175 765 2209 suo.
836 2157 1058 2208 Halieut.
1113 2157 1203 2207 49:
1257 2155 1501 2205 animalia
1536 2183 1566 2192 -
1603 2156 1704 2206 Aut

657 2236 780 2286 vani
811 2246 1001 2295 semper
1033 2233 1263 2295 quatiunt
1284 2231 1540 2292 lymphata
1561 2231 1703 2279 tinto-

658 2323 755 2359 res.
826 2309 1020 2358 Lucan.
1060 2307 1119 2367 7,
1160 2306 1278 2356 486:
1316 2305 1567 2367 lymphato
1598 2309 1703 2354 tre-

654 2385 853 2447 pidasse
898 2387 1060 2441 metu‚·
1123 2382 1211 2444 qui
1265 2384 1374 2430 tres
1418 2379 1519 2430 loci
1576 2393 1700 2429 cum

663 2458 774 2510 aliis
808 2470 839 2507 a
872 2456 1148 2507 Luebkero
1184 2454 1416 2507 collectis
1451 2456 1580 2506 satis
1601 2454 1704 2504 de·-

663 2535 984 2592 monstrant,
1022 2533 1232 2581 Latinos
1266 2532 1320 2579 in
1350 2531 1547 2580 misero
1570 2528 1706 2592 lym-

663 2609 993 2673 phaticorum
1041 2610 1181 2657 statu
1233 2605 1374 2655 haud
1428 2606 1702 2655 minimam

662 2685 870 2748 partem
904 2683 1067 2732 metui
1103 2695 1167 2731 ac
1213 2681 1397 2744 pavori
1431 2679 1698 2729 tribuisse.

664 2756 816 2818 Quod
855 2758 1035 2806 autem
1069 2753 1379 2805 Groebelius
1415 2752 1703 2803 temulenta

665 2829 975 2894 Cleopatrae
1011 2830 1248 2880 convivia
1283 2828 1601 2878 addubitans
1625 2826 1704 2876 le-

664 2903 898 2968 gendum
943 2904 1221 2967 proposuit
1262 2903 1596 2962 Mareoticae,
1650 2900 1704 2950 id

665 2981 774 3039 est,
828 2979 1142 3042 Aegyptiae,
1197 2978 1325 3027 satis
1369 2976 1629 3026 refutatur
1673 2989 1704 3025 a

665 3057 840 3105 Gratio
892 3055 1091 3116 Cyneg.
1142 3052 1263 3102 34οε
1316 3052 1558 3102 humanos
1604 3065 1706 3102 non

664 3143 745 3180 res
774 3130 936 3192 maqis
967 3129 1131 3177 altera
1161 3140 1329 3176 sensus
1364 3127 1501 3176 Tollit
1525 3128 1705 3190 (quam

666 3204 854 3266 luxus).
879 3205 1013 3253 Haec
1038 3203 1169 3252 illast
1188 3203 1398 3252 Pharios
1410 3216 1538 3264 quae
1556 3202 1707 3266 freqit

665 3280 825 3329 nomia
854 3292 1021 3341 reyes,
1057 3279 1192 3327 Dum
1223 3281 1424 3326 servata
1455 3278 1594 3326 cavis
1608 3290 1707 3339 po-

666 3358 775 3404 tant
817 3351 1094 3402 Mareotica
1140 3354 1360 3415 gentinis.
1422 3351 1527 3402 Cir.
1571 3350 1703 3401 Plut.

667 3430 783 3480 Ant.
822 3429 903 3478 29.
940 3430 1199 3478 Pavorem
1234 3430 1414 3477 autem
1438 3425 1582 3477 illum
1605 3441 1711 3476 πα-

667 3501 828 3556 νικὸν
861 3503 1045 3553 tribuit
1074 3505 1364 3563 Mareotico,
1403 3502 1586 3553 effusis
1608 3502 1707 3553 illis

669 3592 793 3630 cum
825 3578 1047 3628 Antonio
1070 3576 1565 3641 compotationibus.
1604 3578 1712 3628 Ma-

669 3654 928 3704 reoticum
962 3653 1140 3702 vinum
1166 3650 1346 3710 dulce,
1385 3651 1710 3701 odoriferum

671 3731 726 3778 et
778 3726 893 3777 leve
950 3727 1018 3777 ad
1066 3728 1406 3778 Mareoticam
1457 3726 1709 3791 paludem

672 3803 811 3852 circa
863 3803 1124 3862 Marcam,
1178 3801 1435 3865 oppidum
1486 3802 1709 3865 Aegypti

672 3876 928 3927 interioris
940 3888 1106 3939 prope
1121 3874 1506 3925 Alexandriam.
1521 3874 1710 3925 Strabo

675 3951 760 4012 47,
809 3950 885 4000 44.
931 3964 982 4014 p.
1030 3951 1141 3999 527.
1186 3950 1375 3999 Athen.
1424 3950 1478 4008 4,
1528 3950 1607 3999 60.
1654 3963 1706 4014 p

672 4025 752 4075 33.
791 4025 983 4074 Contra
1015 4024 1112 4073 vile
1135 4026 1217 4074 est
1238 4026 1449 4074 Lucano
1474 4024 1555 4086 40,
1595 4026 1707 4075 460.

738 4100 816 4149 45.
859 4100 968 4149 Veri
990 4099 1190 4148 timores
1210 4100 1549 4163 opponuntur
1571 4098 1712 4164 lym-

673 4174 926 4237 phaticis,
960 4172 1028 4222 ab
1051 4172 1210 4223 animi
1235 4186 1415 4223 errore
1440 4174 1707 4238 profectis.

742 4249 819 4298 46.
874 4248 937 4297 ab
985 4247 1149 4311 Italia]
1204 4249 1332 4308 Quia
1372 4251 1709 4312 processerat

2121 1278 2172 1285 —
2214 1250 2292 1299 48.
2331 1250 2494 1299 Mollis
2527 1250 2623 1299 BT.

1766 1421 1939 1471 usque
1984 1409 2054 1458 ad
2095 1409 2331 1468 Actium,
2386 1422 2416 1457 e
2450 1408 2663 1470 regione
2703 1409 2807 1458 lta-

1765 1484 1884 1535 liae.
1923 1486 2083 1547 Iunge
2108 1484 2171 1534 ab
2193 1485 2343 1534 Italia
2361 1485 2632 1543 volantem,
2669 1498 2802 1534 non:

1768 1559 1831 1609 ab
1853 1559 2003 1609 Italia
2033 1560 2185 1608 remis
2206 1560 2469 1621 adurgens.
2521 1560 2651 1608 Rem
2674 1564 2808 1622 poe-

1768 1636 1871 1685 tice
1906 1634 1978 1683 ita
2009 1634 2281 1697 proponit,
2318 1647 2383 1683 ac
2416 1634 2459 1684 si
2493 1634 2807 1683 Octavianus

1770 1708 2104 1773 Cleopatram
2148 1710 2324 1759 statim
2370 1711 2490 1773 post
2531 1710 2809 1759 victoriam

1769 1786 1822 1834 in
1888 1785 2186 1847 Aegyptum
2257 1796 2427 1846 usque
2493 1786 2810 1848 persecutus

1772 1860 1943 1919 esset,
1981 1871 2103 1908 cum
2139 1860 2318 1908 tamen
2354 1858 2572 1908 demum
2595 1871 2644 1907 a.
2675 1871 2729 1906 u.
2757 1870 2805 1907 c.

1772 1932 1886 1983 724.
1924 1945 1984 1982 se
2019 1932 2134 1996 ipsa
2165 1931 2503 1982 interfecerit.

1823 2009 1903 2058 47.
1919 2006 2813 2070 accipitorcet11mago‚quaequasi

1772 2083 1826 2132 in
1858 2082 2205 2146 proverbium
2240 2081 2382 2131 abiit
2421 2079 2562 2131 Iliad.
2590 2096 2654 2141 χ,
2689 2080 2808 2131 438.

1773 2153 2043 2222 Πελεὶδης
2074 2154 2120 2204 δ’
2156 2151 2439 2243 ἑτόρουσε
2476 2156 2616 2206 ποσὶ
2648 2169 2814 2224 κραι-

1776 2237 1973 2281 πνοῐσι
2027 2225 2347 2293 πεποιθώς·
2398 2224 2562 2281 Ηΰτε
2616 2232 2814 2300 κίρκος

1770 2299 2046 2393 ὄρεσφιν,
2081 2302 2473 2376 ἐλαφρότατος
2506 2301 2812 2371 πετεηνῶν,

1770 2376 2021 2447 Ῥηϊδίως
2084 2377 2294 2446 οἴμησε
2351 2376 2498 2445 μετὰ
2552 2377 2816 2449 τρήρωνα

1776 2455 2033 2509 πέλειαν·
2087 2449 2125 2521 ἡ
2161 2452 2224 2507 δέ
2255 2456 2310 2505 292
2356 2447 2576 2507 ὕπαιθα
2607 2454 2816 2518 φοβεῖ-

1775 2548 1870 2585 ται
1905 2530 2021 2583 κτλ.
2060 2530 2277 2583 Alcman
2312 2532 2392 2582 Fr.
2433 2532 2511 2582 46.
2543 2531 2730 2593 Bergk.
2756 2545 2810 2595 p.

1776 2608 1896 2659 543.
1951 2599 2147 2658 Αὗσαν
2180 2605 2226 2655 δ’
2262 2599 2527 2676 ἄπρακτα
2566 2603 2816 2668 νεανὶδες

1777 2676 1911 2733 ωστ’
1964 2676 2180 2751 Ὅρνεις
2248 2682 2474 2750 ἱέρακος
2540 2675 2818 2752 ὑπερπτα-

1776 2759 1950 2823 μένω.
1990 2755 2251 2822 (Aeschyl.
2289 2759 2461 2808 Prom.
2499 2757 2623 2808 856:
2676 2756 2738 2806 οἱ
2766 2753 2814 2805 δ’

1776 2831 2118 2898 ἐττοημένοι
2163 2831 2411 2917 φρένας,
2465 2830 2668 2900 Κίρκοι
2712 2843 2815 2880 πε-

1776 2904 1941 2957 λειῶν
1996 2900 2064 2956 οὐ
2130 2900 2360 2974 μακρὰν
2430 2903 2815 2969 λελειμμένα,

1767 2973 2005 3046 Ἳὲῑξουσι
2028 2976 2433 3050 Θηρεύσοντες.
2463 2981 2623 3030 ΗΑωι.
2631 2982 2645 3042 )
2674 2981 2814 3042 Virg.

1777 3060 1906 3106 Aen
1946 3056 2027 3114 44,
2065 3055 2184 3103 72⁴:
2225 3056 2388 3116 Quam
2415 3055 2563 3118 facile
2583 3054 2822 3116 accipiter

1777 3145 1905 3180 saxo
1937 3143 2079 3179 sacer
2123 3129 2225 3179 ale-s
2262 3129 2326 3178 ab
2359 3130 2462 3179 alto
2495 3130 2821 3191 Consequitur

1771 3206 1941 3268 pinnis
1989 3203 2242 3254 sublimem
2282 3206 2336 3254 in
2374 3205 2501 3254 nube
2545 3204 2821 3254 columbam

1780 3280 2226 3342 Compi-mamque
2259 3285 2385 3329 tenet
2401 3280 2702 3342 pedibusque
2722 3279 2822 3328 evi-

1779 3360 1940 3404 scerat
1970 3355 2126 3404 uncis.
2185 3355 2334 3404 Ovid.
2361 3355 2482 3404 Met.
2510 3355 2558 3414 5,
2596 3354 2718 3404 606:
2762 3354 2823 3402 Ut

1779 3431 1897 3480 solet
1919 3431 2156 3491 accipiter
2176 3431 2397 3493 trepidas
2418 3430 2619 3493 agitare
2638 3429 2823 3478 colem-

1781 3504 1883 3554 bae.
1921 3502 2000 3553 Ad
2032 3517 2118 3552 vv.
2156 3506 2394 3566 accipiter
2426 3507 2481 3554 et
2511 3508 2720 3554 venator
2753 3515 2820 3552 ex

1781 3577 2069 3644 praecedd.
2110 3579 2421 3642 cogitatione
2457 3576 2645 3642 supple
2669 3579 2824 3627 adur-

1781 3659 1886 3716 get,
1922 3654 2131 3717 premit.

1849 3725 1928 3777 49.
1948 3729 2029 3777 20.
2048 3727 2365 3791 Haemoniae]
2383 3729 2648 3790 poeticum
2662 3727 2825 3777 Thes-

1784 3800 1943 3852 saliae
1991 3815 2200 3852 nomen.
2287 3802 2515 3851 Rhianus
2557 3804 2609 3851 in
2647 3799 2819 3851 Schol.

1784 3874 2018 3939 Apollon.
2070 3875 2126 3935 3,
2183 3875 2334 3925 4089;
2390 3872 2670 3940 Αἱμονίην
2717 3868 2824 3935 ἀφ’·

1771 3947 2024 4015 Αἴμονος
2056 3979 2087 3988 -
2119 3978 2150 3988 -
2172 3942 2206 3999 ὁ
2239 3945 2287 3997 δ’
2324 3941 2402 3999 αὖ
2433 3951 2561 4001 τέκε
2595 3950 2825 4001 Θέσσα-

1786 4023 1886 4074 λον
1918 4023 2132 4089 Αἵμων.
2202 4024 2396 4074 Navalis
2435 4026 2614 4074 autem
2658 4025 2825 4073 Thra-

1787 4102 1866 4149 cia
1901 4100 2041 4163 apud
2075 4100 2250 4163 Eurip.
2291 4098 2453 4149 Andr.
2490 4100 2616 4149 2⁴5:
2670 4093 2824 4168 Θρῄ-

1786 4190 1894 4239 κην
1944 4171 2097 4233 χιόνι
2142 4170 2247 4239 τὴν
2291 4167 2663 4244 κατάρρυτον.
2739 4174 2825 4223 Sic

1787 4251 1940 4311 poeta
1973 4249 2200 4299 vicinam
2236 4247 2559 4299 Thessaliam
2600 4249 2826 4298 nivosam
