3234 4975
1183 394 1386 445 LIBER.
1459 395 1653 446 CARM.
1694 396 1847 446 xvn.

2464 393 2587 457 745

673 547 884 633 Egens
930 545 1249 635 benignae
1300 547 1597 614 Tantalus
1645 570 1906 637 semper
1956 549 2179 637 dapis,

671 667 866 753 Optat
907 667 1328 735 Prometheus
1376 667 1697 755 obligatus
1741 668 1905 746 aliti,

672 788 868 874 Optat
919 808 1224 875 supremo
1275 788 1597 856 collocare
1647 789 1967 880 Sisyphus

672 910 744 972 In
786 917 1003 975 monte
1054 929 1318 988 saxum3
1365 908 1485 975 sed
1526 918 1744 975 vetant
1784 908 1966 998 leges
2011 912 2200 976 lovis.

673 1027 865 1102 Voles
907 1029 1104 1095 modo
1155 1027 1299 1095 altis
1339 1028 1602 1096 desilire
1650 1029 1961 1107 turribUS,

2504 1031 2588 1094 70

675 1149 865 1217 Modo
912 1170 1069 1217 ense
1112 1159 1341 1236 pectus
1383 1151 1616 1217 Norico
1663 1150 2033 1227 recludere,

677 1272 1071 1358 Frustraque
1115 1268 1323 1336 vincla
1369 1271 1605 1358 gutturi
1654 1281 1876 1338 nectes
1923 1280 2069 1346 tuo,

673 1389 1030 1456 Fastidiosa
1080 1389 1276 1455 tristis
1326 1391 1738 1477 aegrimonia.

676 1509 993 1577 Vectabor
1038 1508 1324 1575 humeris
1373 1519 1524 1577 tunc
1576 1531 1699 1597 ego
1744 1511 2017 1579 inimicis
2061 1531 2304 1599 equeS,

674 1631 990 1717 Meaeque
1035 1639 1207 1697 terra
1256 1629 1447 1697 cedet
1501 1630 1898 1697 insolentiae.

2509 1633 2590 1697 75

549 1835 631 1884 67.
667 1834 788 1885 alite
824 1836 893 1894 B,
946 1835 1080 1888 Pott.
1137 1847 1252 1885 sex.
1309 1862 1363 1871 —
1434 1836 1516 1885 72.
1563 1837 1778 1885 innectes
1817 1836 1922 1893 BT,
1976 1834 2196 1886 Bentleii
2245 1834 2520 1900 plerique,

486 1906 720 1959 Oberlini
751 1909 822 1969 B,
861 1910 1114 1972 quattuor
1145 1907 1395 1959 Pottierii.
1434 1908 1514 1971 (Ut
1545 1922 1672 1970 nos,
1710 1908 1798 1971 bc,
1835 1905 1940 1972 βξ,
1978 1910 2461 1973 Franequeranus.)

483 2083 549 2133 65
571 2108 602 2119 -
626 2082 709 2131 67.
778 2081 941 2147 infidi]
980 2080 1165 2135 Catuli.
1207 2081 1299 2144 64,
1337 2081 1469 2134 346:

410 2157 609 2221 periuri
638 2156 853 2218 Pelopis,
893 2157 1015 2220 quia
1062 2158 1113 2206 in
1138 2169 1287 2207 mare
1309 2170 1472 2221 prae-

418 2231 655 2295 cipitavit
687 2228 955 2293 Myrtilum
989 2231 1256 2293 aurigam,
1317 2231 1468 2281 cuius

422 2319 525 2369 ope
567 2303 808 2355 aemulos
846 2304 1050 2353 vicerat
1100 2305 1156 2353 et
1197 2303 1469 2368 Hippoda-

418 2381 612 2440 miam,
665 2378 920 2428 Oenomai
955 2376 1117 2429 filiam
1138 2415 1150 2438 ,
1194 2378 1249 2427 in
1284 2377 1470 2427 matri-

419 2453 659 2504 monium
693 2454 996 2516 acceperat.
1065 2449 1300 2502 Alteram
1342 2450 1464 2503 lect.

415 2528 599 2592 infidus
641 2526 903 2590 explicant
950 2527 1071 2590 «qui
1119 2526 1346 2577 deorum
1379 2540 1470 2576 ar-

419 2615 553 2652 cana
587 2599 801 2652 consilia
839 2598 1163 2664 evolgavit,»
1214 2601 1274 2649 ut
1313 2599 1463 2650 Ovid.

418 2678 536 2725 Am.
575 2674 633 2735 3,
673 2674 763 2734 ⁴2,
800 2673 898 2723 30:
956 2673 1189 2724 Proditor
1218 2673 1273 2723 in
1305 2674 1467 2722 medio

423 2748 661 2798 Tantalus
710 2761 859 2797 amne
906 2748 1041 2808 sitit3
1094 2746 1193 2798 sed
1224 2750 1348 2797 nata
1384 2749 1468 2797 est

425 2834 490 2871 ex
541 2820 1040 2871 accommodatione
1104 2819 1172 2870 ad
1231 2834 1467 2883 sequens

418 2907 543 2945 voc.
580 2894 741 2959 (infidi
776 2894 907 2945 Cod.
933 2895 1156 2957 Franeq.
1191 2909 1221 2945 a
1243 2908 1325 2959 pr.
1359 2907 1463 2955 m.,

419 2981 450 3019 a
491 2982 601 3019 sec.
654 2969 868 3033 infidum
945 2969 1184 3032 itemque
1232 2968 1466 3019 Pottierii

418 3042 450 3094 4
486 3045 541 3093 et
575 3042 695 3102 ⁴3.;
733 3044 923 3105 ceteri,
960 3044 1020 3092 ut
1052 3042 1187 3105 nos.)
1227 3069 1282 3080 -
1327 3042 1468 3092 beni-

419 3131 552 3180 9nae
572 3144 602 3154 -
623 3116 785 3181 dapis]
825 3118 1132 3180 «copiosae,
1181 3116 1462 3177 affluentiS,

420 3204 558 3254 quae
595 3205 720 3241 eum
755 3205 974 3257 semper
1005 3190 1330 3251 circumdat,
1367 3189 1466 3241 sed

422 3265 668 3315 frustra.»
709 3294 764 3302 —
803 3266 1050 3330 obligatus
1082 3265 1217 3329 aliti]
1264 3264 1467 3316 «obno-

419 3340 537 3390 xius
573 3338 782 3402 aquilae
814 3339 1022 3401 ultrici,
1068 3341 1220 3390 cuius
1254 3353 1466 3391 morsus

420 3426 451 3463 a
503 3425 562 3462 se
615 3426 801 3463 arcere
853 3426 959 3464 non
1009 3415 1237 3478 potest.»
1308 3415 1465 3473 Quasi

420 3488 589 3537 esset:
630 3487 731 3537 «ita
765 3486 1006 3550 alligatus
1040 3486 1109 3536 ad
1144 3488 1461 3548 Caucasum,

418 3563 477 3610 ut
526 3562 786 3625 perpetuo
834 3561 1105 3626 expositus
1156 3562 1225 3611 sit
1256 3558 1463 3633 aquilae

420 3634 748 3696 morsibus»,
786 3636 1062 3699 accepisse
1095 3634 1308 3686 videtur
1327 3634 1465 3685 Voss

414 3710 665 3759 vertens:
704 3712 1129 3773 ausyespmmt
1162 3710 1294 3758 dem
1323 3708 1468 3758 Ade-

416 3783 538 3841 ler3
596 3796 787 3833 verum
820 3784 1065 3847 obliqatus
1095 3783 1269 3848 prima
1303 3781 1462 3845 signi-

419 3855 666 3909 ficatione
730 3871 836 3908 non
892 3860 1008 3907 est:
1086 3871 1183 3908 «ex
1237 3856 1465 3908 adverso

419 3929 636 3993 ligatus»
657 3969 669 3991 ,
707 3930 805 3981 sed
842 3930 1207 3982 «obvolutus».

480 4004 536 4053 74
569 4006 699 4054 -75.
739 4005 1114 4069 ense-Norico]
1151 4005 1246 4055 Od.
1285 4005 1342 4066 ⁴,
1382 4005 1461 4067 46,

418 4079 468 4128 9.
510 4106 565 4114 -
602 4079 870 4141 recludere]
908 4080 1209 4143 «aperire»,
1239 4081 1298 4128 ut
1317 4079 1460 4141 Virg.

415 4156 548 4203 Aen.
579 4154 670 4215 40,
697 4152 821 4204 60⁴:
862 4153 983 4203 Tum
1017 4153 1234 4202 latebras
1265 4153 1468 4202 animae

411 4231 582 4290 pectus
629 4240 866 4279 mucrone
895 4227 1119 4279 recludit.
1183 4256 1238 4264 —
1290 4226 1467 4292 nectos]

1543 2083 1729 2135 Melius
1763 2084 1840 2134 sic
1874 2096 2038 2147 quam
2069 2085 2285 2135 innectes
2316 2085 2480 2136 scribi
2502 2085 2594 2137 de-

1542 2158 1843 2207 monstrare
1895 2159 2114 2207 conatus
2159 2159 2243 2208 est
2287 2158 2587 2221 Bentleius,

1541 2232 1825 2294 propterea
1874 2230 2018 2293 quod
2063 2233 2211 2280 recte
2265 2231 2470 2283 dicatur
2501 2246 2594 2284 ne·

1539 2307 1672 2353 ctere
1702 2303 1906 2353 vincum
1945 2305 2140 2367 yutturt'
2209 2305 2357 2369 (Epp.
2402 2306 2462 2365 ⁴,
2502 2307 2584 2367 ⁴9,
2680 2341 2689 2346 -

1542 2376 1645 2440 34.)
1666 2415 1677 2437 ,
1752 2389 1861 2427 nou
1924 2378 2053 2428 item
2106 2378 2353 2428 innectere
2384 2380 2589 2429 vincula

1538 2451 1750 2514 gutturi.
1822 2451 1929 2503 Etsi
1979 2449 2107 2503 illud
2172 2452 2392 2514 retinui,
2463 2453 2586 2517 quia

1541 2523 1705 2575 altera
1739 2524 1895 2577 lectio
1939 2525 2182 2577 facillime
2230 2540 2293 2577 ex
2328 2528 2590 2592 scriptura

1542 2600 1793 2649 continua
1828 2612 2232 2651 smannens
2267 2601 2391 2650 oriri
2434 2603 2592 2665 pote-

1540 2673 1649 2734 rat,
1687 2674 1863 2736 gravis
1898 2676 2078 2723 tamen
2103 2674 2391 2724 auctoritas
2417 2673 2585 2724 Codd.

1541 2758 1787 2796 meorum
1834 2747 1914 2796 BT
1967 2748 2021 2797 et
2054 2747 2286 2797 Pottierii
2332 2747 2396 2807 3,
2436 2746 2495 2807 4,
2533 2747 2586 2806 8,

1537 2821 1621 2870 22.
1660 2824 1766 2870 stat
1796 2834 1895 2884 pro
1918 2819 2083 2871 altera
2105 2819 2362 2881 lectione,
2399 2821 2586 2884 sicque

1539 2895 1782 2944 Lucanus
1817 2895 1877 2955 2,
1912 2895 2038 2944 670:
2079 2894 2211 2944 Tunc
2237 2894 2433 2956 placuit
2464 2907 2585 2943 cae-

1537 2968 1604 3016 sis
1636 2967 1884 3017 innectere
1902 2967 2107 3017 vincula
2127 2968 2263 3017 silvis
2277 3005 2295 3029 ‚
2334 2968 2388 3017 et
2411 2968 2588 3017 trans-

1538 3040 1643 3091 late
1677 3042 1818 3105 Virg.
1856 3044 1987 3092 Aen.
2026 3042 2082 3103 6,
2122 3042 2251 3092 609:
2316 3042 2463 3104 fraus
2506 3041 2590 3090 in-

1537 3129 1676 3166 nexa
1707 3115 1889 3166 clienti.
1922 3143 1976 3151 —
2018 3115 2271 3180 Vectabor]
2309 3115 2589 3165 ‹dnsidebo

1538 3189 1779 3240 humeris
1815 3189 1949 3249 tuiS,
2004 3189 2096 3240 tibi
2132 3188 2443 3240 insultans»
2503 3190 2587 3238 Sic

1539 3263 1790 3313 translate
1879 3261 2347 3328 καθιππάζεσθαι
2412 3278 2585 3325 τινος.

1541 3337 1649 3388 Cfr.
1672 3338 1836 3389 Plaut.
1863 3340 2008 3390 Asin.
2030 3339 2078 3401 3,
2105 3340 2153 3401 3,
2183 3341 2305 3389 ⁴09:
2338 3340 2483 3389 Vehes
2496 3339 2586 3400 pol

1537 3413 1680 3462 hodie
1710 3427 1815 3472 me;
1839 3440 1868 3450 -
1890 3440 1919 3450 -
1941 3413 2025 3462 Sic
2075 3413 2157 3463 isti
2190 3413 2388 3475 superbi
2428 3413 2583 3462 solent

1538 3486 1844 3536 subdomari.
1905 3488 2044 3549 Lege
2079 3487 2313 3549 Bo'ttiger
2343 3486 2410 3535 kl.
2438 3486 2581 3536 Schr.

1538 3560 1575 3608 1.
1604 3572 1658 3622 p.
1685 3560 1799 3610 373.
1830 3588 1884 3597 --
1922 3566 2064 3610 terra
2084 3560 2234 3624 cedet]
2263 3559 2420 3609 «mihi
2454 3561 2589 3609 tam-

1539 3645 1703 3696 quam
1727 3632 1888 3693 deae;
1916 3632 2172 3697 repellam
2189 3634 2464 3684 humum.»
2494 3632 2587 3683 Dis

1537 3708 1821 3771 vestigium
1855 3707 2170 3757 facientibus
2220 3710 2363 3758 terra
2414 3705 2585 3767 cedit,

1540 3782 1713 3845 impar
1746 3782 2031 3833 divinitatis
2062 3780 2304 3846 ponderi.
2350 3780 2498 3831 Ovid.
2524 3782 2584 3830 Α.

1539 3858 1599 3906 Α.
1625 3857 1644 3906 4
1668 3895 1679 3917 ,
1702 3857 1826 3907 559:
1868 3855 2140 3920 (Bacchus)
2177 3870 2204 3905 e
2230 3869 2426 3905 curru-
2451 3855 2589 3905 -De-

1539 3930 1667 3980 sitit:
1704 3932 1931 3993 imposito
1963 3931 2106 3981 cessit
2127 3943 2289 3979 arena
2305 3930 2436 3992 pedi.
2475 3929 2587 3979 Hoc

1539 4004 1667 4054 dicit
1715 4006 1838 4057 Met.
1892 4006 1951 4066 2,
2000 4005 2123 4055 786:
2183 4005 2332 4068 Fuqit
2381 4008 2428 4053 et
2487 4003 2589 4052 im-

1536 4092 1713 4140 pressa
1730 4080 1954 4130 tellurem
1967 4078 2185 4141 reppulit
2204 4078 2351 4127 hasta
2376 4077 2588 4139 (Miner-

1539 4154 1643 4215 va).
1681 4154 1951 4204 Sententia
1975 4155 2081 4204 est:
2111 4155 2301 4217 «teque
2324 4153 2404 4203 sic
2428 4149 2588 4213 (quod

1539 4240 1700 4278 nemo
1758 4228 1995 4293 profecto
2053 4226 2403 4292 exspectaret)
2460 4236 2588 4288 per-

2160 4322 2191 4351 θ
