3234 4975
666 388 790 454 582
1438 392 1696 441 ΗΟΒΑΤΠ
1732 392 2068 442 CARMINUM

664 549 951 612 ninghamii
1001 550 1255 611 irnpendia
1309 550 1487 612 (quam
1539 549 1755 600 firmare
1803 550 2026 600 conatus
2072 550 2156 599 est
2210 550 2339 600 Stat.
2379 549 2500 600 Silv.
2539 551 2605 612 3,
2644 551 2703 612 3,
2741 552 2834 601 87:

656 638 939 695 partaeque
973 646 1068 695 per
1110 645 1276 682 omnes
1308 632 1527 682 Divitiae
1560 633 1774 695 populos
1805 634 2076 697 maqnique
2109 633 2364 695 impendia
2398 635 2587 683 mundi.
2599 634 2640 697 )‚
2695 635 2839 684 Doe-

659 717 807 779 ringii
839 716 1113 777 stipendia,
1168 715 1393 765 «tributa
1427 716 1475 764 ei
1510 715 1753 779 imposita
1776 733 1822 776 ,ιι
1875 715 2153 766 Frohlichii
2197 716 2428 777 Namque
2457 717 2618 766 incisa
2638 743 2667 753 -
2687 744 2715 754 -
2737 731 2840 766 non

660 801 838 849 celeres
881 800 1032 864 myas
1062 801 1377 860 Reiectasque
1408 803 1686 848 retrorsum
1719 800 1823 849 cet.
1882 825 1936 834 —-
1996 799 2198 849 Verum
2249 812 2379 849 ecce
2417 813 2555 850 nova
2603 800 2838 850 exoritur

668 881 948 934 difficultas
999 897 1064 932 ex
1115 883 1390 933 sententiis
1440 882 1584 945 ipsis.
1678 882 1841 944 Quid,
1898 895 2133 945 quaese,
2201 881 2372 932 dicit?
2432 885 2583 933 «Non
2629 883 2838 946 fugatus

660 965 950 1027 Hannibal,
1000 979 1105 1016 non
1145 965 1406 1028 Karthago
1450 964 1660 1015 devicta
1695 978 1759 1014 ac
1794 977 1966 1028 paene
2000 963 2205 1015 deleta»
2245 966 2319 1028 (ut
2353 964 2540 1016 faciles
2575 967 2741 1017 simus
2776 968 2827 1015 in

660 1049 1092 1114 interpretando)
1169 1047 1391 1101 «clarius
1435 1048 1669 1099 indicant
1709 1047 1895 1099 laudes
1930 1049 2189 1112 Scipionis
2235 1049 2450 1099 maioris
2487 1063 2652 1115 quam
2685 1049 2836 1100 Ennii

662 1134 952 1184 carmina.»
1036 1133 1141 1183 Sed
1206 1133 1341 1183 haec
1407 1133 1523 1196 ipsa
1591 1132 1721 1196 quid
1770 1130 1913 1182 aliud
1964 1132 2184 1183 tandem
2232 1131 2618 1196 praedicabant
2670 1146 2836 1198 quam

659 1217 881 1269 easdem
928 1215 1041 1267 illas
1089 1216 1345 1280 Scipionis
1396 1229 1484 1267 res
1534 1218 1758 1279 gestas?
1815 1215 1964 1267 Nulla
2001 1218 2085 1268 est
2117 1229 2244 1280 ergo
2294 1210 2618 1278 ἀντίθεσις,
2672 1230 2836 1281 quam

661 1304 841 1351 tamen
874 1300 1152 1351 manifesto
1188 1301 1452 1363 quaesivit
1484 1303 1661 1363 poeta.
1754 1300 1929 1359 Quam
1962 1302 2024 1350 ut
2055 1299 2412 1364 qualicunque
2447 1299 2639 1350 saltem
2673 1299 2839 1350 modo

661 1383 901 1445 eliciant,
956 1381 1204 1446 (nonnulli
1248 1384 1408 1433 etiam
1440 1383 1748 1447 parenthesi
1782 1381 1998 1435 inclusis
2044 1396 2130 1434 vv,
2184 1385 2280 1433 Per
2312 1397 2443 1446 quae
2475 1384 2684 1446 spiritu
2704 1409 2734 1420 -
2758 1409 2786 1420 -
2808 1408 2840 1420 -

659 1467 894 1529 ducibus,
932 1480 1039 1531 quo
1073 1464 1274 1517 scilicet
1305 1466 1500 1527 artius,
1539 1466 1638 1516 sed
1673 1468 1851 1516 tamen
1887 1467 2022 1517 mira
2057 1467 2470 1532 compositione,
2511 1467 2840 1517 cohaereant

658 1551 838 1601 celeres
881 1550 1035 1615 fugae
1085 1563 1208 1601 cum
1248 1550 1416 1599 incisis
1452 1549 1847 1613 mmor-ibus),
1907 1551 1977 1600 ita
2023 1550 2135 1601 sere
2181 1552 2628 1615 interpretantur:
2691 1563 2839 1600 «non

661 1636 859 1685 incisae
905 1635 1068 1694 notis,
1122 1632 1177 1683 id
1225 1633 1334 1694 est,
1397 1635 1451 1682 in
1498 1633 1842 1697 inscriptione
1894 1635 2101 1683 statuae
2153 1635 2410 1698 Scipionis
2461 1637 2791 1685 memoratae
2816 1673 2830 1695 ,

662 1715 969 1769 Hannibalis
1004 1717 1157 1779 fugae
1181 1753 1192 1773 ,
1244 1718 1420 1766 minae
1454 1714 1732 1781 repulsae,
1792 1715 1971 1768 clades
2005 1718 2336 1781 Karthaginis
2371 1716 2565 1769 clarius
2599 1718 2837 1769 indicant

662 1801 997 1866 imperatoris
1043 1797 1177 1849 illius
1209 1797 1396 1849 laudes
1430 1812 1593 1863 quam
1628 1801 1780 1851 Ennii
1811 1801 2031 1851 Annales
2064 1803 2119 1851 et
2150 1802 2369 1863 Scipio.»
2460 1802 2663 1852 Verum
2697 1802 2834 1852 haec

667 1885 912 1950 precario
946 1883 1084 1935 sumi
1118 1884 1358 1946 apparet.
1448 1884 1636 1947 Aequo
1672 1885 1814 1934 enim
1858 1886 1972 1934 iure
2024 1898 2088 1934 ac
2123 1884 2347 1936 fortasse
2383 1886 2562 1935 minus
2594 1886 2835 1936 contorte

665 1965 950 2032 suppleas:
1008 1966 1308 2029 «Scipionis
1352 1966 1487 2015 facta
1532 1969 1624 2016 aut
1671 1967 2030 2018 marmoribus
2071 1967 2384 2032 anaglyphis
2417 1970 2704 2032 picturisve
2741 1981 2838 2018 ex·

667 2063 880 2116 pressa,
919 2051 1011 2100 aut
1032 2048 1100 2098 ab
1125 2046 1394 2099 annalium
1428 2049 1778 2113 scriptoribus
1811 2049 1997 2102 litteris
2031 2050 2240 2112 tradita,
2276 2052 2369 2101 aut
2401 2051 2540 2102 fama
2563 2051 2838 2101 dumtaxat

664 2135 734 2186 ad
768 2134 1135 2199 posteritatem
1167 2135 1481 2197 propagata,
1521 2133 1697 2184 minus
1732 2132 1874 2184 clara
1910 2137 2034 2185 sunt
2067 2137 2182 2186 eius
2205 2136 2460 2184 virtutum
2485 2136 2830 2184 monumenta

672 2232 835 2283 quam
858 2218 1007 2267 Ennii
1030 2219 1329 2280 poemata.»
1369 2217 1702 2280 (Dignissima
1721 2219 1880 2268 etiam
1905 2221 1988 2268 est
2011 2232 2148 2282 quae
2173 2218 2537 2284 perpendatur
2557 2220 2638 2268 Fr.
2655 2218 2836 2269 Ritteri

667 2302 736 2353 de
781 2302 886 2352 hoc
920 2300 1038 2351 loco
1084 2301 1345 2350 sententia
1396 2302 1448 2351 in
1490 2299 1743 2364 Philologi
1795 2302 2265 2353 Schneidewiniani
2299 2301 2413 2353 Vol.
2451 2305 2490 2353 1.
2526 2316 2581 2367 p.
2620 2303 2707 2353 58⁴
2750 2315 2832 2365 sq.

667 2388 850 2437 contra
886 2382 1234 2448 Peerlkampii
1257 2387 1312 2435 et
1333 2385 1713 2449 Lachmanni*)
1754 2387 2031 2449 opiniones
2065 2387 2354 2452 proposita.
2417 2386 2594 2436 «Drei
2626 2386 2835 2447 Mutet»,

669 2470 866 2535 inquit,
921 2469 1037 2519 «die
1085 2469 1253 2519 maten
1299 2470 1382 2519 des
1419 2469 1587 2532 Scipio
1636 2470 1706 2520 im
1754 2470 2011 2522 andenken
2060 2472 2150 2521 der
2184 2471 2442 2521 menschen
2476 2484 2546 2521 zu
2583 2470 2834 2532 erhalten,

664 2555 865 2605 werden
910 2567 1010 2603 oon
1056 2554 1167 2603 dem
1215 2553 1401 2602 dichter
1447 2566 1502 2602 so
1542 2553 1696 2603 neben
1732 2555 1973 2605 antander
2010 2555 2222 2619 pestem,
2275 2555 2492 2614 dammi
2524 2556 2613 2604 der
2658 2555 2838 2604 letzten

662 2638 797 2688 stelle
828 2638 1079 2701 da-v‘eniqe
1110 2636 1341 2699 nooman
1370 2637 1596 2700 qmacht
1629 2638 1789 2699 wird,
1821 2652 2009 2689 water
2039 2637 2837 2701 nirdaswirksamstehieuund

663 2721 847 2771 darum
896 2722 989 2771 den
1038 2720 1208 2770 beiden
1254 2721 1448 2770 andern
1495 2726 1897 2784 emyeqensetzte.
1965 2723 2111 2771 Diese
2158 2722 2316 2772 nuclei
2350 2734 2528 2771 worm
2574 2726 2837 2771 ersten:

662 2805 1017 2869 anerkennunq
1049 2806 1139 2854 der
1169 2804 1335 2853 maten
1368 2805 1451 2853 des
1477 2804 1647 2866 Scipio
1680 2805 1836 2854 durch
1866 2805 2170 2854 standbilder
2195 2806 2301 2855 und
2333 2805 2620 2867 insclm‘ften
2652 2804 2834 2866 (incisa

663 2890 802 2939 notis
834 2901 1103 2939 marmora
1144 2886 1396 2952 puhlicis)
1415 2924 1427 2946 ‚
1478 2887 1660 2936 welche
1699 2888 1801 2937 ihm
1843 2889 1972 2938 nach
2014 2889 2194 2938 seinem
2243 2888 2368 2938 Tode
2406 2892 2589 2952 qesetzt
2625 2888 2836 2937 wardon

665 2974 780 3038 (per
812 2984 953 3035 quae
987 2971 1204 3035 spiritus
1228 2973 1283 3020 et
1313 2971 1419 3020 vita
1452 2970 1593 3021 redit
1625 2970 1780 3022 bonis
1814 2973 1938 3036 post
1968 2974 2202 3021 mortem
2231 2971 2493 3034 ducibus).
2553 2971 2724 3021 Solche
2743 2970 2835 3020 sah

659 3069 781 3105 man
822 3069 923 3106 zur
959 3056 1058 3104 zeit
1097 3056 1181 3104 des
1220 3055 1395 3104 Hor-az
1433 3053 1668 3104 beiRom
1704 3055 2302 3117 vordemCapenischen
2339 3055 2835 3105 mommdzuLi-

660 3145 875 3189 cemma.
936 3138 1045 3187 Liv.
1072 3137 1162 3197 38,
1198 3139 1288 3188 56:
1335 3135 1421 3188 alii
1453 3140 1681 3200 Romae,
1720 3137 1806 3188 alii
1840 3140 2036 3190 Literni
2068 3141 2123 3189 et
2154 3139 2427 3189 mortuum
2460 3139 2516 3188 et
2546 3135 2831 3200 sepultum.

664 3220 949 3285 Utrobique
984 3223 1328 3271 monumenta
1366 3221 1720 3272 ostenduntur
1765 3225 1821 3272 et
1863 3224 2095 3273 statuae:
2144 3233 2268 3273 nam
2301 3224 2358 3272 et
2400 3223 2595 3272 Literni
2637 3234 2835 3272 monu-

662 3306 906 3356 mentum
940 3307 1393 3370 monumentoque
1447 3307 1621 3356 statua
1677 3305 2085 3370 superimposita
2135 3306 2255 3366 fuit,
2309 3317 2472 3370 quam
2514 3307 2834 3369 tempestate

664 3389 930 3440 deiectam
962 3401 1135 3452 nuper
1165 3387 1395 3438 vidimus
1430 3389 1556 3454 ipsi,
1594 3391 1650 3439 et
1681 3390 1879 3439 Romae
1916 3391 2062 3438 extra
2094 3391 2304 3453 portam
2338 3389 2611 3453 Capenam
2644 3389 2695 3438 in
2719 3379 2837 3439 Sci'-

660 3474 881 3537 pionum
915 3474 1260 3522 monumento
1312 3475 1422 3522 tres
1455 3474 1662 3522 statuae
1708 3474 1860 3534 sunt,
1915 3485 2144 3535 quarum
2177 3471 2314 3522 duae
2366 3470 2534 3522 Publii
2586 3474 2642 3521 et
2688 3472 2837 3522 Lucii

662 3556 968 3620 Scipionum
1007 3555 1257 3606 dicuntur
1300 3569 1447 3616 esse,
1502 3556 1654 3606 tertia
1702 3560 1891 3619 poetae
1940 3556 2113 3615 Quinti
2156 3556 2321 3606 Ennii.
2397 3556 2496 3605 Ein
2539 3557 2837 3605 zweites

660 3640 846 3702 minei,
884 3641 977 3690 den
1014 3640 1180 3702 Scipio
1212 3652 1281 3688 zu
1310 3639 1693 3700 verherrlichen,
1725 3653 1903 3690 waren
1936 3640 2016 3689 die
2044 3639 2414 3704 wirkunyen
2462 3641 2586 3688 und
2633 3638 2836 3702 solqen

659 3725 871 3774 seiner
912 3725 1139 3773 maten.
1207 3724 1305 3772 Die
1347 3727 1473 3773 erste
1517 3724 1676 3773 dieser
1717 3724 2016 3788 wirkunqen
2060 3723 2261 3774 bestand
2306 3723 2485 3784 dmin,
2535 3723 2652 3772 dass
2690 3723 2836 3772 Han-

661 3807 801 3858 nibal
838 3808 995 3858 durch
1036 3808 1247 3870 Scipio's
1283 3807 1414 3870 siege
1455 3807 1509 3856 in
1554 3807 1777 3868 sparsim
1820 3808 1925 3858 und
1964 3807 2139 3871 Africa
2168 3807 2419 3871 qeno'thiqt
2453 3806 2628 3856 warde
2658 3804 2838 3855 Italion

663 3892 823 3956 eiliyst
864 3905 933 3942 zu
975 3893 1251 3952 ver-lassent,
1285 3903 1373 3941 um
1405 3891 1566 3941 soii-er
1587 3891 1890 3956 becio-duacen
1920 3891 2197 3942 vater-stade
2226 3904 2296 3940 zu
2325 3890 2457 3954 hiiise
2488 3903 2559 3940 zu
2586 3889 2832 3940 laomen.

773 4260 807 4312 *)
841 4256 1075 4302 zeitschr.
1100 4259 1131 4301 t.
1154 4259 1405 4304 Alterthw.
1428 4260 1552 4308 ⁴845.
1577 4273 1625 4317 p.
1648 4261 1723 4308 48⁴
1761 4271 1869 4317 sqq.
1903 4260 2139 4316 philolog.
2163 4261 2470 4308 Schneidew.
2495 4259 2526 4304 l.
2550 4272 2595 4315 p.
2619 4256 2831 4314 tetsqq.
