3234 4975
641 391 764 457 ⁴06

1405 393 1664 443 HORATII
1701 393 2037 444 CARMlNUM
2073 444 2075 447 ,

1142 548 1282 614 Vim
1325 548 1655 615 stomacho
1699 548 2081 636 apposuisse
2124 558 2362 613 nostro.

977 709 1117 774 Irae
1161 706 1483 797 Thyesten
1526 707 1722 773 exitio
1766 706 1944 793 gravi

976 830 1274 895 Stravere
1318 838 1382 895 et
1422 829 1565 895 altis
1607 827 1880 895 urbibus
1924 827 2183 894 ultimae

1056 952 1306 1017 Stetere
1350 971 1616 1028 causae,
1667 971 1785 1018 cur
1826 950 2113 1037 perirent

1141 1071 1450 1137 Funditus
1497 1073 2029 1160 imprimeretque
2072 1072 2275 1137 muris

2716 1072 2800 1138 20

976 1228 1219 1296 Hostile
1263 1240 1545 1296 aratrum
1590 1230 1915 1297 exercitus
1959 1230 2260 1298 insolens.

976 1352 1335 1439 Compesce
1378 1361 1662 1418 mentem
1680 1375 1709 1427 z,
1740 1372 1859 1418 me·
1889 1373 2154 1440 quoque
2197 1355 2478 1440 pectoris

765 1555 846 1603 22.
918 1550 1069 1612 Conp.
1107 1551 1162 1600 T.

702 1720 783 1769 ⁴6.
825 1718 1093 1782 stomacho]
1142 1717 1268 1769 Aliis
1301 1732 1395 1769 cor
1424 1718 1672 1781 (Theogn.
1755 1718 1815 1768 2:
1884 1718 2007 1768 Urbs
2057 1724 2238 1769 aratro
2300 1721 2557 1781 conditur,
2621 1726 2801 1771 aratro

623 1793 662 1841 ‘⁴
674 1792 766 1842 56:
819 1790 1021 1843 δειλῶν
1063 1806 1157 1843 τοι
1191 1791 1404 1844 τελέθει
1439 1787 1681 1863 ὀξυτέρη

638 1864 864 1935 κραδίη·
891 1880 1014 1917 mox
1037 1880 1089 1916 v.
1116 1868 1206 1917 22:
1227 1869 1444 1930 pectoris
1461 1867 1683 1932 fervor.)

635 1940 749 1992 aliis
782 1942 963 2002 iecur,
1016 1942 1070 1992 h.
1108 1941 1141 1991 l.
1180 1944 1488 1993 stomachus
1521 1942 1682 1993 sedes

636 2016 766 2077 irae,
804 2019 862 2066 ut
884 2016 979 2066 Od.
1009 2018 1057 2077 4,
1083 2017 1132 2077 6,
1159 2019 1215 2067 6:
1253 2032 1461 2081 yraeem
1486 2019 1684 2069 Pelidae

637 2090 944 2140 stomachum
952 2104 971 2150 ,·
1015 2091 1160 2141 unde
1193 2093 1513 2142 stomachari.
1583 2094 1684 2143 Ce-

640 2168 816 2216 terum
850 2165 985 2215 haec
1018 2169 1234 2230 stropha
1273 2167 1516 2218 callidam
1551 2181 1684 2217 con-

638 2240 770 2291 tinet
802 2241 932 2302 irae,
970 2241 1021 2291 in
1058 2255 1218 2306 quam
1239 2245 1559 2307 proruperat
1580 2244 1685 2293 Ho—

635 2316 824 2376 ratius,
863 2316 1285 2377 excusationem‚
1323 2318 1518 2381 quippe
1543 2329 1680 2380 quae

637 2389 904 2441 humanae
939 2393 1158 2441 naturae
1194 2393 1470 2454 congenita
1511 2394 1567 2442 et
1598 2392 1683 2441 in-

638 2465 736 2515 sita
771 2466 853 2516 sit.

702 2541 780 2590 47.
854 2542 970 2592 Irae
1011 2543 1151 2592 inter
1193 2542 1482 2604 Thyestem
1529 2544 1585 2592 et
1616 2546 1683 2592 A·

635 2616 840 2675 treum,
887 2616 977 2679 qui
1021 2615 1166 2667 fratri
1209 2616 1344 2667 filios
1388 2615 1681 2680 epulandos

634 2690 895 2753 apposuit.
964 2692 1165 2742 Rursus
1199 2695 1379 2742 autem
1412 2689 1562 2742 facile
1597 2691 1681 2741 in-

633 2763 837 2826 telliges
859 2764 1278 2829 hyperbolarum
1301 2767 1492 2816 harum
1516 2767 1680 2835 εἰρω-

632 2852 810 2887 νειαν.

700 2914 910 2965 47-49.
962 2916 1117 2965 exitio
1160 2915 1327 2978 aravi]
1371 2917 1470 2966 Dio
1504 2916 1682 2979 Chry·-

634 2989 762 3038 sost.
800 2989 887 3038 Or.
920 2988 1000 3039 66.
1026 3001 1080 3051 p.
1108 2990 1205 3039 700
1238 2991 1421 3052 Emp.:
1461 2982 1551 3040 ὅτι
1583 2985 1681 3039 διὰ

633 3059 890 3133 χρυσοῦν
978 3059 1273 3133 πρόβατον
1349 3059 1679 3116 ἀνάστατον

634 3135 852 3202 συνέβη
898 3138 1168 3204 γενέσθαι
1198 3136 1548 3206 τηλικαύτην
1590 3141 1680 3190 οἰ-

634 3212 767 3261 κίαν
813 3207 921 3277 τὴν
961 3211 1251 3276 Πέλοπος,
1305 3214 1369 3264 ot
1396 3213 1681 3286 τραγῳδοί

633 3301 834 3348 φασιν.
903 3289 1105 3338 Deinde
1151 3291 1363 3339 enarrat
1400 3290 1682 3354 Pelopida·-

633 3375 756 3414 rum
807 3363 1036 3414 facinora
1090 3364 1284 3414 omnia.
1347 3392 1403 3402 -
1453 3365 1678 3431 ultimae]

637 3435 735 3487 «ab
772 3437 957 3488 ultimo
989 3438 1134 3488 initio
1157 3440 1412 3503 repetitae
1433 3477 1445 3499 .
1483 3443 1537 3490 et
1558 3455 1684 3505 pro-

632 3513 818 3575 pterea
851 3514 1223 3578 praecipuae.»
1273 3513 1373 3578 (die
1401 3521 1684 3581 urspritnq-

632 3587 874 3654 lichsten.)
939 3589 1186 3639 Similiter
1220 3591 1328 3640 Cic.
1374 3591 1442 3642 de
1476 3594 1588 3643 InV.
1625 3594 1677 3652 2,

634 3661 683 3724 S.
750 3665 811 3712 5:
877 3663 940 3713 ab
1004 3663 1181 3714 ultimo
1227 3667 1483 3728 principio
1536 3667 1683 3716 huius

623 3738 1005 3801 praeceptionis.
1043 3738 1187 3789 Philo
1199 3742 1386 3803 Legat.
1408 3741 1476 3791 ad
1495 3742 1680 3792 Caium

634 3814 729 3864 30:
794 3808 901 3877 τὴν
955 3807 1228 3863 ἀνωτάτω
1290 3817 1390 3866 καὶ
1449 3811 1680 3887 πρώτην

632 3887 842 3937 αἰτίαν.
872 3913 926 3922 -
954 3888 1156 3952 Stetere]
1178 3890 1508 3940 «exstitere»
1534 3890 1674 3954 Virg.

633 3964 763 4012 Aen.
802 3961 850 4021 7,
887 3960 1012 4010 553:
1049 3967 1186 4013 stant
1213 3964 1323 4014 betti
1344 3977 1541 4014 causae.

697 4037 780 4085 2⁴.
832 4036 1084 4099 aratrum]
1135 4039 1461 4089 Modestinus
1509 4039 1676 4090 Pand.

632 4111 739 4161 vn.
788 4111 883 4161 Tit.
936 4110 983 4161 9.
1033 4112 1088 4160 L.
1131 4113 1213 4161 2⁴.
1261 4114 1333 4162 ait
1380 4113 1678 4177 Karthagim

636 4198 857 4236 eversae
889 4188 1124 4236 aratrum
1163 4187 1486 4250 impressum
1534 4201 1675 4249 esse,

636 4262 849 4312 notante
901 4258 1083 4311 Lamb.
1133 4260 1319 4311 Isidor.
1373 4263 1541 4326 origg.
1594 4263 1675 4324 45,

1752 1794 1980 1843 vertitur.
2040 1793 2476 1846 vetustissimum
2502 1797 2683 1845 autem
2717 1800 2802 1845 est

1757 1868 2048 1918 eversionis
2102 1867 2410 1931 symbolum
2451 1870 2610 1919 etiam
2658 1871 2800 1933 apud

1755 1941 2065 1992 orientales.
2125 1943 2380 1993 Ieremiae
2420 1944 2503 2005 26,
2540 1945 2597 1994 8:
2650 1939 2801 1993 Σιών

1754 2010 1835 2080 ὥς
1878 2012 2056 2089 ἀγρὸς
2100 2010 2605 2089 ἀροτριαθήσεται.
2674 2021 2800 2070 Hie-

1753 2103 1964 2155 ronym.
2005 2094 2059 2143 in
2104 2092 2320 2143 zachar.
2375 2107 2423 2143 c.
2472 2094 2531 2144 8:
2588 2094 2802 2144 Aratwn

1753 2168 1989 2229 templum
2013 2168 2518 2229 Hierosolymam-um
2555 2170 2611 2218 in
2655 2170 2788 2233 iquo-

1751 2242 1963 2291 miniam
2004 2244 2163 2305 gentis
2211 2256 2488 2305 oppressae.
2559 2245 2796 2307 Propert.

1754 2315 1814 2376 3,
1861 2316 1921 2377 9,
1958 2316 2050 2368 44:
2105 2318 2309 2368 Moenia
2342 2345 2397 2354 —
2431 2320 2588 2370 Graio
2614 2323 2804 2382 Neptu«-

1751 2391 1843 2439 m'a
1856 2393 2040 2452 pressit
2069 2398 2250 2442 aratro
2278 2395 2443 2443 Victor
2462 2396 2723 2446 Palladiae
2742 2397 2803 2444 lt-

1751 2479 1906 2528 9neus
1937 2467 2065 2516 artis
2092 2480 2260 2529 equus.
2292 2495 2347 2504 -
2372 2469 2604 2535 insolens]
2626 2469 2795 2536 Epod.

1816 2616 1899 2664 22.
1969 2616 2226 2678 Compesce
2254 2618 2482 2683 monton]
2535 2621 2795 2682 «coerce,

1751 2702 1878 2750 rege
1946 2691 2212 2752 animum,
2276 2690 2499 2759 θυμόν,
2557 2697 2796 2760 μένος.»

1753 2762 1983 2825 Theogn.
2022 2763 2152 2814 355:
2190 2764 2322 2827 ’ἴσχε
2351 2765 2510 2819 νόον.

1817 2838 1898 2887 23.
1940 2840 2177 2904 Tentavit]
2202 2845 2483 2906 tentamur,
2510 2847 2584 2895 uti
2608 2845 2799 2897 morbo

1756 2912 1901 2975 (Epp.
1940 2915 1987 2974 4,
2026 2914 2073 2976 6,
2111 2916 2203 2965 28:
2251 2917 2295 2966 si
2339 2918 2474 2968 latus
2520 2925 2611 2969 aut
2658 2934 2800 2971 renes

1749 2987 1920 3037 morbo
1959 2990 2279 3055 tentantur),
2327 2993 2407 3042 sic
2453 2994 2506 3044 h.
2554 2992 2590 3043 l.
2636 2995 2798 3045 animi

1750 3062 2166 3124 perturbatione.
2220 3092 2276 3102 —-
2318 3068 2372 3116 in
2412 3069 2544 3118 dulci
2577 3070 2797 3133 iuventa]

1754 3137 1889 3187 Cum
1913 3138 2048 3188 haec
2077 3153 2293 3204 quoque
2326 3154 2414 3192 vv.
2449 3142 2535 3193 vel
2576 3143 2799 3194 infelici-

1752 3214 1836 3262 ter
1868 3214 2063 3263 tentata
2112 3214 2338 3279 (malci,
2377 3217 2474 3267 heu
2520 3219 2671 3284 dulci)
2712 3218 2795 3269 vel

1752 3289 2079 3352 reprehensa
2094 3289 2305 3352 fuerint,
2343 3292 2671 3343 monendum
2691 3293 2798 3344 hoe

1753 3363 2060 3427 simpliciter
2093 3365 2273 3416 dicere
2294 3364 2529 3416 voluisse
2550 3369 2791 3430 poetam:

1756 3439 1839 3488 «in
1871 3439 2102 3501 iuventa,
2135 3441 2287 3491 cuius
2320 3444 2468 3504 grata
2499 3442 2799 3492 recordatio

1753 3514 2055 3563 etiamnunc
2093 3515 2332 3566 animum
2375 3529 2558 3567 meum
2598 3515 2801 3568 mulcet

1751 3589 1911 3650 atque
1958 3588 2230 3639 exhilarat.
2255 3609 2279 3635 n
2361 3590 2654 3641 Subtilioris
2700 3593 2799 3641 uti-

1753 3676 1886 3725 que,
1936 3663 2035 3713 sed
2066 3665 2154 3714 vix
2185 3665 2408 3715 verioris
2426 3703 2438 3726 ‚
2489 3667 2800 3730 interpreta-

1751 3737 1910 3787 tionis
1941 3741 2128 3788 auctor
2164 3740 2361 3790 exstitit
2397 3738 2792 3804 Dillenhurger:

1755 3812 1837 3861 nin
1884 3812 2095 3862 iuventa
2118 3851 2130 3873 ‚
2187 3827 2325 3878 quae
2378 3826 2474 3866 sua
2513 3813 2795 3865 dulcedine

1752 3888 1862 3937 tam
1905 3886 2190 3939 obstrictos
2234 3890 2380 3939 tenet
2414 3888 2695 3949 homines,
2740 3892 2799 3940 ut

1751 3963 1991 4012 omnium
2038 3960 2262 4014 aliarum
2305 3976 2487 4013 rerum
2519 3965 2695 4013 securi
2741 3977 2798 4013 o-

1751 4036 1893 4086 mnia
1927 4035 2029 4086 sibi
2054 4034 2217 4087 licere
2248 4039 2436 4101 putent
2454 4050 2690 4102 suaeque
2713 4038 2797 4087 in-

1750 4110 2001 4174 dulgeant
2043 4112 2375 4162 temeritati.»
2447 4113 2553 4164 Cfr.
2600 4112 2695 4163 Od.
2742 4111 2789 4172 3,

1754 4185 1833 4247 ⁴4,
1875 4188 1966 4235 27:
2003 4188 2116 4238 Non
2148 4201 2238 4251 eqo
2270 4188 2360 4238 hoc
2387 4189 2574 4251 serv-em
2604 4187 2795 4238 calidus

1749 4262 1954 4313 merita
1985 4263 2193 4313 Consule
2221 4263 2421 4314 Ptmco.
