3234 4975
621 380 745 445 394

1391 382 1648 433 uoaArn
1683 382 2020 455 emmona

961 537 1366 626 Magnessam
1409 536 1798 628 Hippolyten
1843 536 1999 604 dum
2042 536 2201 624 fugit
2244 535 2613 617 abstinen83

987 710 993 721 .
1044 660 1121 725 Et
1162 679 1439 746 peccare
1483 659 1795 726 docentes

1126 778 1343 846 Fallax
1386 779 1687 847 historias
1730 791 1963 846 movet.

2700 781 2784 847 20

953 966 1249 1031 Frustra:
1300 984 1450 1030 nam
1492 964 1779 1052 scopulis
1823 965 2082 1033 surdior
2124 967 2286 1034 Icari

950 1088 1156 1152 Voces
1206 1085 1384 1151 audit
1426 1084 1639 1153 adhuc
1682 1086 1951 1175 integer.
1996 1125 2083 1136 —
2123 1089 2202 1153 At
2244 1086 2356 1154 tibi

1035 1209 1129 1274 Ne
1172 1206 1423 1274 vicinus
1466 1206 1748 1294 Enipeus

743 1428 823 1477 49.
862 1426 1080 1476 docentis
1108 1425 1210 1475 BT.
1252 1451 1307 1461 ·-
1354 1425 1438 1475 20.
1473 1425 1653 1476 Paua-v
1685 1423 1922 1476 malebat
1952 1422 2119 1475 Bentl.
2180 1452 2234 1462 —
2292 1429 2458 1476 monet
2490 1424 2710 1485 BbSTc,

677 1501 799 1552 LCt.
837 1499 1018 1565 (movet
1039 1514 1111 1561 χ,
1147 1502 1257 1551 tres
1282 1499 1448 1551 Codd.
1474 1499 1733 1549 Torrentii
1767 1502 1822 1549 et
1845 1499 2081 1562 quinque
2105 1498 2376 1561 Pottierii.)
2407 1526 2463 1535 —
2499 1499 2582 1549 23.
2612 1500 2714 1549 Νοο

674 1576 746 1638 Β,
783 1577 916 1626 Pott.
955 1575 1080 1626 duo.

609 1773 697 1832 cit,
723 1732 1083 1833 reversusque
1109 1770 1162 1819 in
1184 1768 1510 1820 Thessaliam
1525 1770 1661 1820 Aca-
1731 1781 1832 1833 per
1865 1760 2086 1820 auream
2119 1770 2352 1819 aetatem
2382 1781 2491 1819 non
2512 1769 2778 1832 reperitur

609 1847 693 1895 sto
742 1842 944 1895 bellum
992 1841 1166 1893 intulit
1214 1845 1269 1893 et
1317 1842 1519 1894 Iolcum
1561 1857 1658 1895 ex-

607 1918 876 1984 pugnavit.
944 1917 1138 1968 Pindar
1179 1918 1331 1967 Nem.
1369 1917 1428 1977 4,
1478 1918 1560 1969 54.
1603 1921 1659 1968 et

605 1996 662 2054 5,
716 1993 799 2042 26.
854 2004 978 2042 cum
1029 1990 1338 2042 Scholiasta.
1407 1991 1651 2057 Apollod.

605 2065 739 2118 Bibl.
776 2066 834 2128 3,
872 2065 961 2127 43,
999 2065 1049 2116 3.
1095 2063 1258 2116 Aliter
1291 2080 1357 2116 ex
1391 2067 1655 2118 Nicandro

607 2141 857 2191 Antonin.
908 2139 1020 2190 Lib.
1058 2139 1151 2191 38:
1203 2135 1430 2205 Πηλεὺς
1477 2155 1657 2191 κατα-

608 2212 861 2265 λείπεται
890 2209 1076 2279 μόνος
1109 2213 1172 2265 ἐν
1198 2211 1277 2280 τῷ
1300 2213 1518 2283 Πηλίῳ.
1554 2216 1657 2266 καὶ

607 2285 962 2353 πλαζόμενος
973 2285 1307 2356 ἐντυγχάνει
1316 2289 1563 2379 Χείρωνι
1573 2288 1654 2358 τῷ

605 2360 938 2450 Κενταύρῳ·
997 2359 1330 2415 ἱκετευοντα
1366 2362 1430 2416 δὲ
1473 2359 1655 2417 αὖτὸν

604 2431 947 2499 ὑποδέχεται
977 2436 1195 2503 ἐκεῖνος
1220 2440 1303 2503 εἰς
1328 2433 1460 2491 vo*
1420 2455 1650 2512 αντρον.

608 2539 662 2551 -
702 2513 845 2565 Pelei
878 2515 1137 2577 imagines
1172 2515 1291 2566 vide
1326 2516 1380 2566 in
1414 2516 1655 2567 Ger-hard

608 2590 816 2653 Vasona.
862 2589 948 2638 111.
993 2590 1051 2638 Τ.
1090 2589 1352 2640 CLXXVII
1388 2602 1541 2654 seqq.

668 2663 761 2713 48-
762 2664 846 2713 20.
898 2662 1234 2727 Magnessam]
1281 2677 1312 2713 a
1362 2665 1649 2728 Magnesia,

604 2735 910 2788 Thessaliae
943 2736 1097 2788 urbe,
1153 2736 1263 2787 «Ad
1298 2737 1653 2789 differentiam

601 2811 821 2863 alterius
845 2809 1183 2896 Hippolytes,
1220 2813 1547 2863 Amazonum
1570 2826 1655 2862 re-

604 2888 777 2950 ginae,
805 2886 987 2935 uxoris
1008 2886 1249 2937 Thesei.»
1270 2886 1453 2937 Scnol..
1484 2888 1653 2937 -His

603 2960 815 3011 duabus
838 2957 1029 3010 fabulis
1053 2961 1267 3010 nuntius
1285 2963 1461 3023 Gygae
1484 2960 1651 3025 spreti

599 3034 796 3085 amoris
840 3031 1077 3096 pericula
1129 3033 1484 3084 demonstrat.
1542 3035 1650 3084 iam

599 3106 755 3167 alias,
793 3105 888 3157 tibi
922 3108 1045 3157 ante
1081 3120 1186 3158 non
1226 3108 1491 3170 cognitas,
1537 3121 1652 3158 mo-

595 3185 700 3243 vet,
736 3180 963 3245 profert,
1001 3194 1140 3244 quae
1163 3182 1457 3232 amantium
1491 3181 1652 3232 felici-

598 3257 764 3305 tatem
785 3267 850 3304 ac
872 3254 1061 3318 gaudia
1086 3258 1210 3306 ante
1236 3254 1420 3307 oculos
1449 3269 1652 3322 ponen-

600 3332 682 3380 tes
713 3342 960 3392 peccare,
1009 3328 1064 3379 id
1107 3331 1214 3392 est,
1263 3329 1392 3382 alias
1433 3334 1651 3396 praeter

599 3417 749 3464 eam,
798 3403 883 3453 cui
924 3401 1089 3454 fidem
1112 3403 1300 3467 debet,
1338 3419 1521 3457 amare
1550 3406 1651 3456 do-

597 3479 772 3530 ceant.
846 3479 1013 3529 Movet
1054 3482 1262 3541 autem,
1310 3481 1372 3531 ut
1420 3481 1649 3533 dicimus

595 3555 896 3604 montionem
910 3567 1126 3616 movere,
1151 3557 1397 3607 actionem
1413 3558 1652 3620 adpopu—

593 3628 698 3679 lum
742 3641 966 3690 movero,
1022 3628 1179 3692 longe
1215 3631 1525 3694 exquisitius
1567 3632 1651 3681 est

595 3716 757 3768 quam
783 3702 949 3754 altera
972 3702 1095 3754 lect.
1120 3710 1309 3763 monet,
1350 3717 1474 3755 «eas
1491 3704 1651 3769 sighi-

599 3778 767 3828 ficans
790 3777 861 3828 illi
883 3778 937 3828 in
960 3780 1199 3829 mentem
1222 3781 1493 3829 revocat.»
1537 3778 1645 3829 Cfr.

593 3854 735 3915 Virg.
772 3854 903 3902 Aen.
940 3853 1000 3914 7,
1039 3852 1165 3904 644;
1218 3857 1491 3913 cantusque
1534 3866 1648 3903 mo-

592 3931 716 3986 vete,
754 3925 1050 3979 Wakefield
1072 3932 1281 3977 monete.
1320 3927 1468 3977 Ovid.
1494 3930 1553 3976 A.
1581 3929 1642 3977 A.

591 4001 648 4062 3,
686 4002 798 4051 654.
847 4004 1048 4052 rectius
1093 4016 1236 4054 nunc
1271 4002 1462 4052 edunt:
1518 4003 1649 4065 Quid

589 4077 733 4125 iuvat
786 4076 1025 4141 ambages
1066 4084 1439 4141 praeceptaque
1475 4091 1648 4142 parva

587 4149 828 4200 movero?
876 4148 1034 4214 volgo
1078 4165 1295 4203 monere.
1350 4180 1404 4189 —
1442 4152 1646 4216 Fallax]

597 4225 680 4274 «te
698 4223 953 4288 decipere
973 4226 1212 4289 cupiens.
1239 4226 1459 4279 Bentleii
1472 4229 1647 4292 pellax

1731 1844 1832 1895 nisi
1875 1843 2018 1909 apud
2062 1843 2204 1906 virg.
2253 1845 2386 1894 Aen.
2422 1844 2482 1905 2,
2528 1843 2618 1893 9οε
2663 1842 2778 1905 pel-

1729 1919 1854 1969 lacis
1908 1919 2099 1979 Πιὶωοί,
2160 1917 2308 1981 quod
2357 1931 2424 1968 ex
2478 1919 2778 1981 antiquiore

1729 1994 1949 2056 Tragico
1996 1992 2340 2057 desumptum
2382 1993 2611 2043 videtur.
2682 1993 2774 2057 (De

1720 2069 1942 2131 pellacia
1989 2082 2040 2117 v.
2093 2069 2330 2132 Wagner
2372 2067 2441 2118 ad
2491 2069 2632 2132 Virg.
2680 2069 2772 2118 Ge.

1728 2143 1786 2205 4,
1813 2141 1947 2206 443.)
1970 2169 2026 2180 -
2048 2143 2526 2205 Historiaeautem,
2562 2139 2771 2208 μῦθοι,

1728 2218 2062 2268 narrationes
2116 2218 2386 2281 poeticae,
2451 2219 2512 2268 ut
2561 2216 2771 2278 Quintil.

1729 2292 1787 2353 4,
1839 2292 1901 2354 2,
1956 2291 2051 2342 44;
2115 2292 2489 2342 Grmnmaticus
2544 2292 2779 2341 historias

1728 2371 1975 2427 monac,
2029 2367 2085 2416 et
2128 2379 2289 2431 saepe
2336 2365 2479 2431 apud
2519 2366 2770 2416 eundem.

1792 2442 1876 2492 24.
1920 2439 2150 2505 Fmtra]
2196 2438 2316 2492 Sola
2350 2441 2486 2492 haec
2517 2438 2774 2506 particula

1727 2517 1988 2578 integram
2007 2515 2255 2579 exprimit
2275 2516 2613 2576 sententiam,
2639 2515 2775 2566 sicut

1728 2590 1823 2641 Od.
1852 2590 1910 2651 3,
1948 2589 2042 2652 43,
2069 2590 2148 2650 6.,
2187 2589 2280 2640 ubi
2313 2590 2502 2641 itidem
2531 2590 2775 2653 sequitur

1725 2679 1865 2715 nam.
1909 2664 2270 2727 -scopulis-
2289 2664 2442 2729 Iccwi]
2480 2664 2558 2715 Cr.
2594 2664 2690 2716 Od.
2721 2666 2769 2724 4,

1728 2739 1776 2799 4,
1798 2740 1889 2789 ⁴5:
1915 2739 2095 2788 Icariis
2111 2738 2355 2802 fluctibus.
2379 2739 2517 2788 Icari
2537 2739 2697 2802 genit.
2719 2752 2769 2787 v.

1724 2814 1971 2873 lew-ium,
2008 2825 2117 2863 non
2149 2826 2201 2862 V.
2227 2814 2503 2863 [carta—
2531 2813 2776 2897 Q·

1724 2886 1883 2951 madii]
1919 2885 2167 2937 SimiIiter
2194 2887 2372 2951 Eurip.
2399 2886 2537 2939 Med.
2563 2886 2656 2936 28·
2694 2879 2773 2948 ὥς

1723 2959 1785 3013 δὲ
1842 2962 2047 3048 πέτρος
2089 2955 2132 3026 ἢ
2169 2958 2493 3025 θαλάσσιος
2537 2958 2774 3013 neom

1722 3030 1944 3088 ἀκούει.
1995 3038 2173 3101 Eurip.
2222 3036 2477 3087 Androm.
2526 3037 2654 3086 537:
2706 3036 2772 3086 Τί

1721 3126 1797 3177 με
1841 3112 2210 3198 προσπίτνεις
2252 3105 2425 3163 ἁλίαν
2471 3111 2680 3182 πέτραν
2699 3103 2778 3159 Ἥ

1723 3182 1882 3252 κῦμα
1928 3185 2112 3249 λιταῖς
2162 3180 2242 3249 ὣς
2303 3183 2601 3244 [xe-ratitum
2660 3185 2768 3236 Csr

1723 3262 1892 3326 Epod.
1932 3262 2023 3322 47,

1725 3334 1851 3386 thol.
1890 3334 1996 3387 Pal.
2034 3337 2072 3387 1.
2111 3349 2164 3400 p.
2193 3337 2318 3386 442;
2355 3328 2479 3384 ἀλλ’
2515 3331 2619 3385 ἴσα
2639 3327 2773 3384 πόν·

1723 3425 1804 3477 τῳ
1814 3403 1995 3476 Ἰονίῳ
2015 3408 2223 3474 μύθων
2243 3402 2441 3472 ἔκλυες
2457 3403 2767 3479 ἡμετέρων.

1724 3486 1822 3545 Qui
1874 3497 2174 3547 oxymoron
2223 3498 2329 3535 non
2379 3481 2766 3547 intelligebant.

1722 3557 2108 3622 interpolamnt
2138 3559 2352 3622 sperma,
2407 3561 2468 3609 ut
2498 3557 2773 3609 habebant

1724 3632 1892 3684 Codd.
1932 3631 2039 3683 duo
2063 3632 2341 3683 Pulmanni
2373 3635 2429 3683 et
2448 3645 2587 3683 unus
2610 3633 2772 3683 Bers—

1722 3708 1936 3768 manni;
1974 3707 2068 3758 cfr.
2096 3705 2265 3758 Bentl.
2292 3705 2362 3756 ad
2384 3707 2490 3756 Sat.
2521 3707 2569 3767 4,
2589 3705 2767 3767 3,25.;

1721 3782 1775 3831 in
1807 3782 1945 3832 meis
1989 3784 2044 3831 et
2074 3782 2308 3832 Pottierii
2353 3780 2523 3831 Codd.
2560 3780 2770 3831 sincera

1723 3856 1809 3905 est
1843 3854 2018 3906 lectio.

1786 3931 1869 3980 22.
1923 3930 2005 3980 23.
2065 3930 2225 3981 adhuc
2279 3929 2497 3994 intepet-J
2558 3940 2769 3991 «usque

1721 4003 1792 4054 ad
1832 4003 1976 4056 hunc
2010 4004 2153 4055 diem
2197 4005 2590 4068 incorruptus.»
2658 4000 2764 4053 cfr.

1721 4078 1816 4130 od.
1854 4079 1912 4139 2,
1950 4078 2008 4140 4,
2045 4079 2127 4128 22.
2170 4105 2224 4115 -
2257 4076 2767 4141 Enipeusanomine

1721 4153 1956 4204 fluminis
2007 4151 2328 4203 Thessaliae.
2383 4179 2436 4188 —
2487 4148 2766 4212 Quomodo

1722 4230 1903 4279 autem
1948 4229 2002 4278 in
2049 4227 2235 4279 festivo
2281 4228 2384 4278 hoc
2428 4228 2546 4277 ioco
2589 4225 2768 4287 nugati

2061 3260 2142 3312 54.
2203 3261 2544 3311 Philodemus
2578 3260 2632 3310 in
2669 3262 2773 3310 An-
