3234 4975
644 389 768 452 370

1410 390 1668 441 HonA'rn
1704 391 2040 444 CARuINnu

899 547 1035 611 Vim
1081 554 1501 631 temperatam
1543 544 1607 611 di
1656 566 1921 634 quoque
1966 547 2331 634 provehunt

982 668 1050 731 ln
1096 665 1337 744 maius;
1386 664 1558 733 idem
1603 667 1806 734 odere
1849 668 2025 734 vires

1069 794 1278 860 Omne
1322 792 1502 857 nefas
1545 790 1760 856 animo
1805 800 2158 857 moventes,

894 950 1098 1018 Testis
1141 971 1435 1016 mearum
1478 949 1882 1016 centimanus
1929 947 2104 1037 Gyas

895 1071 1405 1147 Sententiarum,
1451 1079 1642 1136 notus
1687 1079 1753 1136 et
1795 1069 2081 1157 integrae

2732 1070 2812 1134 70

978 1194 1280 1259 Tentator
1322 1191 1526 1257 Orion
1569 1190 1817 1256 Dianae
1848 1242 1862 1267 ‚

1056 1312 1355 1398 Virginea
1398 1310 1680 1377 domitus
1725 1313 1972 1398 sagitta.

773 1492 855 1542 69.
896 1492 1036 1551 Gyas
1067 1489 1103 1539 d
1140 1490 1199 1553 (⁶1)
1236 1491 1307 1539 L:
1343 1490 1492 1553 yiqas
1522 1488 1712 1539 BbSTc
1735 1526 1746 1547 ‚
1787 1488 1869 1548 Ct,
1907 1490 2071 1552 συσπ
2104 1500 2230 1539 cum
2264 1487 2502 1539 Bentleio
2537 1490 2640 1541 PM.
2671 1492 2748 1553 (Ut

699 1578 828 1625 noe,
865 1565 932 1627 J.)
975 1590 1029 1599 —
1066 1564 1147 1613 70.
1185 1564 1558 1614 Sententiarum
1588 1568 1769 1623 notus,
1806 1568 1854 1612 et
1885 1563 2115 1625 integrae
2147 1563 2268 1612 LCt.

635 1724 692 1783 8,
746 1723 838 1771 46.
884 1720 1008 1771 Rea
1055 1718 1117 1770 δὲ
1165 1721 1263 1770 καὶ
1310 1717 1685 1786 μεγάλαυχον

633 1790 890 1856 ἔσφαλεν
924 1793 987 1844 ἐν
1009 1790 1218 1880 χρόνῳ.
1257 1794 1435 1858 Eurip.
1472 1795 1553 1844 Fr.
1578 1796 1684 1844 Te-

637 1868 837 1920 menld.
882 1870 978 1917 44;
1031 1862 1219 1934 Ῥωμη
1264 1864 1327 1918 δέ
1361 1866 1410 1933 y
1444 1860 1685 1934 ἀμαθὴς

638 1939 913 2003 πολλάκις
949 1943 1125 1992 τίκτει
1156 1938 1405 2007 βλάβην.

699 2017 780 2066 67.
818 2017 966 2066 odere
992 2016 1142 2079 vires]
1185 2016 1363 2079 Eurip.
1399 2014 1513 2067 Hel.
1549 2016 1683 2065 903·

637 2094 803 2155 μισεῖ
827 2084 939 2159 γὰρ
971 2083 1007 2138 ὅ
1039 2084 1179 2151 θεὸς
1209 2086 1317 2153 τὴν
1349 2088 1503 2150 βιαν.
1582 2091 1687 2140 Ter

636 2162 878 2215 consulto
929 2164 1193 2227 repetitur
1242 2177 1291 2213 v.
1354 2165 1464 2224 vin
1539 2164 1686 2226 quod

634 2241 841 2289 tantum
875 2237 1031 2288 abest
1072 2242 1130 2289 ιιι
1163 2238 1353 2290 merito
1388 2239 1687 2303 repreben-

634 2324 756 2362 sum
807 2313 874 2363 sit
924 2312 992 2362 ab
1040 2312 1253 2362 Editore
1287 2312 1532 2364 Leidensi
1557 2351 1570 2373 ,
1627 2315 1687 2361 ut

633 2387 833 2450 optime
868 2387 1193 2451 respondeat
1223 2389 1415 2451 poetae
1466 2385 1685 2437 consilio

633 2474 665 2512 a
698 2461 944 2512 violentia
979 2474 1043 2513 ac
1078 2461 1331 2527 superbia
1366 2476 1464 2515 nos
1487 2462 1687 2514 dehor-

637 2535 802 2586 tandi.

699 2610 782 2660 69.
820 2609 977 2675 Gyas]
1011 2610 1145 2661 Vide
1180 2612 1276 2662 Od.
1313 2613 1374 2673 2,
1415 2613 1505 2672 47,
1546 2610 1627 2662 44.

696 2684 779 2734 70.
817 2685 899 2734 74.
936 2685 1332 2750 δσηισηιιαηηη]
1381 2686 1687 2735 «veracium

632 2759 1010 2810 monitorum.»
1090 2760 1291 2809 Locum
1342 2760 1485 2809 bunc
1534 2759 1688 2809 affert

633 2833 935 2884 Priscianus
966 2844 1087 2896 pag.
1127 2832 1242 2882 748.
1282 2835 1497 2884 Putsch.
1534 2835 1687 2884 Βιιιι-

634 2919 864 2957 mannus
895 2904 1115 2967 Mythol.
1158 2906 1207 2955 Ξ.
1242 2919 1364 2970 pag.
1400 2906 1516 2957 369.
1561 2920 1686 2957 cum

635 2983 859 3046 propter
890 2980 1198 3044 repetitum,
1234 2982 1294 3029 ut
1325 2979 1460 3040 volt,
1498 2994 1562 3031 ex
1585 2981 1680 3031 Od.

634 3055 693 3114 2,
750 3055 841 3114 47,
896 3052 976 3104 44.
1026 3051 1295 3103 ἐπίθετον
1344 3055 1679 3114 centimanus.

635 3129 752 3177 tum
782 3127 1008 3191 propter
1039 3126 1369 3176 mentionem
1403 3127 1541 3189 Gyae
1562 3132 1686 3192 post

636 3201 915 3263 Gigantum
938 3212 1173 3263 pugnam
1206 3213 1394 3251 rursus
1415 3201 1681 3264 iniectam,

637 3276 753 3324 tum
800 3274 1022 3337 propter
1068 3287 1120 3323 v.
1165 3275 1546 3337 sentemiamm,
1600 3277 1686 3326 ni·

638 3348 767 3409 mis,
810 3349 871 3397 ιιι
902 3347 998 3406 ait,
1045 3347 1356 3412 pedestrem
1391 3351 1684 3401 orationem

635 3419 910 3482 redolens,
947 3422 1118 3472 totam
1141 3424 1417 3486 stropham
1439 3437 1537 3487 pro
1561 3423 1687 3476 sub-

638 3493 815 3545 diticia
862 3494 1067 3545 babuit.
1151 3497 1455 3547 Buttmanni
1504 3501 1686 3548 autem

638 3570 945 3633 opinionem
995 3583 1121 3621 cum
1172 3567 1286 3620 aliis
1336 3574 1554 3622 secutus
1603 3573 1687 3621 est

640 3645 800 3694 etiam
834 3643 1064 3695 Liibker.
1136 3645 1337 3694 Verum
1378 3646 1690 3695 centimanus

638 3720 963 3783 perpetuum
1009 3720 1064 3769 et
1104 3719 1441 3781 aptissimum
1479 3719 1688 3769 utrobi-

641 3803 748 3855 que
797 3793 881 3841 est
921 3794 1066 3855 Gyae
1106 3791 1394 3854 ἐπίθετον,
1448 3794 1508 3842 ιιι
1547 3793 1690 3841 dir-us

640 3875 858 3926 semper
888 3864 1167 3925 Hannibai;
1213 3864 1350 3916 duos
1384 3867 1565 3916 autem
1599 3866 1689 3915 Gi—

642 3938 863 4000 gantum
907 3937 1087 3990 dedita
1132 3952 1299 4003 opera
1343 3938 1520 3990 denuo
1568 3952 1690 3990 me-

641 4009 871 4060 moravit
927 4014 1052 4075 post
1103 4013 1490 4077 digressionem
1545 4011 1689 4064 illam

643 4083 697 4132 in
749 4081 1002 4147 Apollinis
1061 4086 1275 4138 laudem
1339 4100 1403 4138 ac
1456 4084 1691 4155 γνώμας

645 4157 963 4219 sequentes,
1007 4162 1069 4209 ιιι
1107 4157 1243 4211 illico
1277 4159 1691 4225 intelligeremus

646 4229 813 4281 verba
846 4244 899 4281 v.
932 4231 1013 4282 73.
1048 4234 1236 4285 Iniecta
1266 4237 1503 4287 mom-wis
1537 4237 1694 4288 Terra

1761 1721 1896 1777 cet.;
1951 1718 2184 1782 denique
2227 1730 2281 1767 v.
2324 1719 2680 1770 monum-um
2725 1721 2811 1771 vel

1760 1795 1876 1857 ipso
1918 1805 2053 1843 sono
2098 1803 2349 1855 magnam
2388 1792 2552 1844 habet
2585 1795 2813 1857 dignita-

1761 1869 1872 1916 tem
1906 1869 2067 1929 atque
2103 1866 2436 1928 gravitatem.
2473 1894 2529 1903 —-
2558 1869 2810 1918 Ceterum

1761 1943 1814 1991 in
1865 1939 2114 1990 omnibus
2169 1939 2545 1991 huiuscemodi
2598 1936 2813 2006 ἀθετή-

1760 2028 1924 2064 σεσιν
1959 2026 2145 2064 earum
2179 2014 2485 2065 inventores
2507 2027 2699 2078 pamm
2721 2029 2816 2066 co·

1761 2089 2016 2151 gitarunt,
2055 2087 2174 2149 quis
2209 2087 2293 2136 cui
2327 2086 2471 2137 bono
2505 2088 2636 2139 tales
2659 2089 2811 2140 locos

1762 2164 1891 2226 ipsis
1945 2164 2227 2225 suspectos
2284 2160 2552 2213 inculcare
2609 2166 2665 2212 et
2710 2176 2812 2214 vo-

1760 2236 1919 2286 luerit
1963 2238 2018 2285 et
2060 2236 2311 2299 potuerit.
2383 2238 2516 2286 Nam
2561 2250 2698 2300 quae
2741 2237 2810 2288 de

1761 2310 1851 2361 tali
1885 2311 2235 2375 perversitate
2270 2309 2370 2359 sibi
2407 2310 2659 2361 confinxit
2704 2313 2805 2364 ΗΡ.

1761 2386 1906 2435 omni
1941 2382 2314 2448 probabilitate
2351 2386 2533 2434 critica
2557 2385 2808 2437 destituta

1761 2461 1901 2510 sunt.
1957 2484 2012 2495 -
2061 2457 2222 2522 nouas]
2275 2457 2432 2508 Orion
2483 2462 2706 2523 propter
2755 2459 2809 2510 id

1761 2534 1938 2596 ipsum
1971 2534 2203 2582 maxime
2237 2538 2409 2593 notus,
2465 2533 2610 2597 quod
2644 2547 2807 2585 ausus

1761 2611 1844 2657 est
1899 2609 2107 2656 tentare
2153 2607 2376 2656 Dianam
2432 2608 2683 2671 inteyroen
2740 2608 2810 2658 ab

1761 2694 1934 2744 eaque
1980 2682 2192 2732 occisus
2238 2681 2322 2731 est
2364 2682 2419 2730 in
2464 2682 2634 2733 insula
2677 2681 2809 2733 Delo

1759 2755 1845 2805 vei
1892 2754 2040 2805 Chio.
2082 2757 2191 2806 Cic.
2239 2757 2384 2805 Arat.
2429 2754 2544 2806 420.
2593 2756 2812 2820 Eupho-

1759 2831 1895 2879 rion.
1942 2829 2097 2880 Mein.
2147 2841 2267 2892 pag.
2320 2829 2433 2878 464.
2491 2829 2586 2879 Est
2628 2833 2809 2880 autem

1760 2903 1921 2952 Orion
1955 2903 2198 2964 Horatio,
2236 2905 2297 2952 ut
2327 2901 2444 2953 aliis
2478 2902 2619 2967 apud
2654 2901 2813 2967 Apol-

1759 2974 1865 3026 lod.
1894 2978 1948 3037 4,
1975 2976 2031 3036 4,
2070 2976 2119 3026 3.
2155 2973 2429 3042 γηγενής,
2467 2990 2591 3027 cum
2614 2977 2812 3028 Phere-

1760 3049 1929 3111 cydes
1979 3063 2106 3100 eum
2156 3052 2385 3113 Neptuni
2443 3053 2499 3101 et
2547 3048 2808 3114 Euryales

1759 3122 1927 3175 fllium
1951 3124 2184 3175 fecisset.
2225 3126 2468 3189 (Prorsus
2492 3125 2704 3177 diverse
2727 3125 2809 3177 fa-

1759 3197 1886 3249 bula
1930 3202 2211 3249 enarratur
2250 3198 2320 3249 ab
2355 3200 2540 3250 ovidio
2573 3201 2710 3251 Fast.
2746 3202 2805 3262 5,

1759 3273 1847 3323 53⁴
1863 3272 1894 3335 .)
1918 3300 1974 3311 -
1994 3273 2235 3337 ὺιωσναο]
2262 3274 2522 3324 «intactae
2538 3274 2807 3337 virginis.»

1758 3345 1966 3398 Nullam
1989 3347 2094 3397 hoc
2110 3385 2122 3408 ‚
2159 3348 2219 3396 ut
2240 3359 2510 3398 nonnemo
2533 3349 2682 3398 ratus
2706 3349 2805 3408 est,

1757 3420 1926 3471 habet
1957 3419 2328 3472 offensionem.
2366 3423 2500 3471 Nam
2534 3421 2579 3471 si
2607 3421 2809 3471 Teren-

1759 3496 1863 3544 tius
1909 3493 2092 3545 dicere
2137 3496 2309 3559 potuit
2350 3495 2478 3545 lieo.
2517 3495 2577 3555 4,
2613 3495 2674 3555 2,
2710 3494 2805 3544 70:

1757 3571 2081 3630 Narratque,
2132 3574 2190 3618 ut
2229 3570 2375 3633 viv-90
2419 3568 2485 3618 ab
2525 3581 2579 3618 se
2608 3569 2807 3632 income

1758 3644 1911 3694 maen
1941 3647 2050 3692 tum
2079 3644 2198 3693 siet:
2237 3643 2418 3706 quidni
2449 3644 2694 3694 Horatius
2715 3640 2812 3691 ab-

1760 3715 1932 3768 solute
1975 3717 2229 3781 inteqram
2273 3729 2372 3781 pro
2417 3716 2666 3767 inviolata
2710 3727 2810 3780 ap-

1759 3790 1960 3856 pellare
1994 3792 2230 3855 potuerit
2259 3792 2518 3841 Dianam?
2546 3818 2600 3827 —
2630 3791 2809 3841 Tenta-

1761 3866 1857 3931 tor]
1877 3878 2016 3916 nove
2034 3865 2258 3916 fortasse
2276 3865 2479 3915 dictum
2499 3866 2661 3928 (certe
2684 3853 2808 3915 alibi

1763 3953 1904 3991 nunc
1955 3953 2063 3991 non
2111 3940 2433 4001 invenitur),
2493 3940 2691 3990 iactum
2739 3937 2805 3988 ad

1763 4017 2026 4066 Graecum
2046 4028 2097 4064 v.
2124 4011 2453 4086 πειραστής,
2490 4011 2693 4086 πειρᾷν
2712 4010 2810 4062 κό-

1763 4105 1901 4162 ρην,
1936 4093 2199 4154 γυναῖκα.

1829 4164 1910 4213 72.
1956 4163 2037 4213 73.
2105 4161 2572 4228 Virginea-swina]
2623 4160 2809 4224 Diphi-

1764 4235 1848 4288 lus
1869 4249 1954 4301 ap.
1981 4237 2172 4287 Athen.
2199 4238 2250 4298 6,
2274 4251 2329 4301 p.
2355 4237 2453 4287 223
2483 4248 2544 4286 a:
2579 4230 2809 4300 Λητοῦς
