3234 4975
1227 400 1345 450 LlB.
1382 401 1465 450 111.
1538 403 1595 450 C.
1636 401 1673 449 1.

2484 397 2607 462 337

869 555 1151 641 Impetus
1194 563 1306 619 aut
1346 555 1609 621 orientis
1655 553 1890 632 Haedi,

702 714 842 777 Non
886 711 1266 779 verberatae
1311 710 1623 798 grandine
1666 712 1896 778 vineae

702 831 1097 920 Fundusque
1144 832 1451 908 mendax,
1501 833 1734 898 arbore
1779 851 1949 897 nunc
1994 852 2197 919 aquas

788 952 1129 1040 Culpante‚
1178 974 1347 1019 nunc
1392 955 1702 1018 torrentia
1732 966 1936 1040 ‘agros

878 1074 1133 1150 Sidera,
1181 1095 1352 1140 nunc
1394 1073 1642 1140 hiemes
1688 1074 1960 1160 iniquas.

710 1234 1047 1300 Contracta
1088 1233 1302 1320 pisces
1346 1250 1636 1318 aequora
1681 1232 1960 1296 sentiunt

709 1355 896 1419 Iactis
939 1355 1003 1417 in
1049 1352 1247 1419 altum
1290 1350 1611 1429 molibus;
1659 1350 1784 1416 huc
1828 1350 2133 1437 frequens

791 1475 1139 1541 Caementa
1184 1472 1457 1539 demittit
1501 1470 1876 1558 redemptor

585 1654 664 1704 35.
706 1654 909 1703 dimittit
941 1651 1098 1708 bd.L.

457 1803 567 1864 flde-
610 1800 757 1852 Ovid.
797 1801 931 1851 Fast.
969 1800 1027 1861 4,
1065 1800 1185 1851 645:
1232 1801 1393 1862 saepe
1414 1802 1506 1851 Ce-

455 1888 537 1924 res
562 1875 744 1936 primis
775 1876 1030 1924 dominum
1058 1875 1265 1938 fallebat
1297 1875 1352 1923 in
1388 1875 1505 1923 lior-

1576 1804 1746 1863 ponto.
1786 1800 1998 1851 Petron.
2035 1798 2163 1850 Bell.
2203 1800 2303 1850 civ.
2341 1801 2429 1851 87:
2480 1799 2629 1850 Aedi-

1577 1875 1735 1938 ficant
1767 1888 1899 1923 auro
1931 1875 2162 1936 sodomae
2194 1875 2262 1924 ad
2310 1875 2479 1924 sidera
2509 1877 2631 1924 mit-

457 1950 557 2005 bis;
609 1950 792 1998 contra
827 1948 922 1998 Od.
961 1948 1017 2008 3,
1058 1949 1147 2009 46,
1185 1949 1278 1998 30.
1333 1950 1508 2012 aequis
1581 1953 1721 2007 tunm
1755 1948 2094 2010 Eaepeuuntur
2122 1962 2287 2010 aquae
2306 1951 2466 2009 saxis,
2488 1962 2632 1999 mare

457 2028 596 2073 corta
623 2024 746 2086 fidos
776 2035 933 2072 meae.
975 2022 1054 2073 Ad
1079 2036 1128 2071 v.
1155 2023 1387 2085 culpante
1410 2022 1503 2072 cfr.
1581 2023 1809 2072 nascitur
1841 2024 1995 2072 amic.

457 2094 676 2147 Philam.
715 2096 869 2146 Mein.
906 2109 960 2160 p.
994 2095 1108 2146 393.
1140 2123 1195 2131 -
1221 2097 1317 2146 Hic
1341 2097 1510 2145 omni—

460 2168 561 2220 bus
602 2170 767 2220 vitam
806 2168 1012 2219 tribuit.
1069 2169 1283 2220 «Arbor
1319 2168 1509 2231 (colle-

461 2244 625 2302 ctive3
680 2241 856 2293 oleam
892 2246 1073 2293 tamen
1105 2245 1394 2307 praecipue
1428 2244 1512 2292 in-

461 2316 661 2381 telligas
685 2317 825 2379 licet,
849 2331 901 2367 v.
923 2319 1054 2381 Epp.
1084 2318 1131 2379 4,
1152 2318 1202 2377 8,
1227 2318 1295 2381 5.)
1321 2317 1512 2369 sterilis

461 2404 644 2441 coram
666 2391 882 2441 domino
906 2391 1098 2441 minaci
1122 2391 1334 2456 culpam
1362 2393 1515 2442 steri-

459 2464 614 2517 litatis
645 2466 829 2516 tribuit
855 2464 1018 2516 modo
1047 2465 1328 2527 imbribuS,
1350 2465 1511 2517 modo

460 2540 622 2590 nimio
669 2539 795 2591 solis
842 2543 1012 2591 aestui
1056 2554 1213 2603 agros
1256 2554 1357 2605 per
1397 2541 1513 2590 dies

462 2613 791 2664 caniculares
809 2615 1067 2676 exul-enti,
1095 2615 1258 2665 modo
1282 2614 1508 2677 frigori.»

468 2713 521 2723 —
561 2688 759 2752 Sidera]
796 2689 1184 2749 Sidet-ationem,
1221 2683 1514 2773 o’tmposso-

460 2756 690 2826 λισμόν,
711 2762 993 2823 vocabant,
1014 2762 1106 2812 ubi
1124 2761 1332 2826 plantae
1351 2763 1512 2812 nimia

468 2836 706 2886 siccitate
740 2838 861 2899 post
892 2838 1068 2886 ortum
1108 2835 1389 2886 Caniculae
1425 2838 1515 2886 aut

465 2911 654 2960 Cancri
674 2908 1074 2960 exarescebant.
1120 2909 1248 2961 Plin.
1265 2911 1328 2960 Η.
1349 2912 1410 2961 N.
1428 2911 1509 2971 47,

463 2983 545 3035 24.
574 2984 919 3048 Theophrast.
942 2984 1000 3034 C.
1022 2986 1078 3033 P.
1100 2985 1157 3043 ὅ,
1184 2986 1272 3033 ⁴0:
1294 2978 1514 3054 Ἀστρο-

458 3054 646 3122 βλῆτα
688 3056 798 3122 μὲν
844 3048 951 3109 οὖν
997 3055 1255 3144 ,adlecta
1297 3058 1513 3123 γίνεται

463 3126 535 3180 τὰ
567 3128 771 3193 φυτά·
801 3158 852 3194 -,
890 3123 1033 3181 ὅταν
1066 3127 1104 3198 ἡ
1139 3129 1213 3197 γῆ
1217 3126 1509 3220 §npavffijy'

458 3206 558 3256 καὶ
595 3202 681 3272 μὴ
725 3221 939 3267 excomm
983 3199 1168 3257 ἕλκειν
1204 3201 1507 3277 ὖγροτητω

459 3276 550 3329 διὸ
590 3281 691 3330 καὶ
732 3275 848 3331 ὑπὸ
891 3274 1111 3352 ἄστρον
1148 3281 1507 3345 (Caniculam)

464 3352 721 3404 πλεῖστα.

525 3423 607 3477 33.
663 3428 964 3491 Contracta]
1004 3429 1137 3478 καθ’
1183 3425 1511 3501 ὑπερβολὴν

461 3502 679 3552 minime
730 3501 1255 3564 reprehendendam:
1319 3506 1511 3570 «pisci—

460 3575 564 3626 bus
605 3575 734 3638 ipsis
777 3586 926 3625 mare
976 3575 1080 3624 iam
1113 3576 1322 3626 videtur
1354 3592 1513 3629 coar-

463 3651 685 3700 tatum.»
721 3650 1072 3711 Nequaquam
1096 3661 1226 3697 vero
1250 3663 1372 3701 cum
1395 3651 1510 3701 aliis

463 3721 713 3787 explicari
733 3724 936 3787 potest:
965 3723 1216 3774 «Piscinis
1240 3723 1514 3775 includun—

460 3801 549 3847 tur
579 3798 757 3861 pisces
798 3796 1166 3861 amplissimis,
1220 3811 1358 3860 quae
1406 3800 1512 3849 iam

462 3871 616 3935 quasi
663 3869 763 3921 alia
809 3873 977 3921 maria
1024 3873 1198 3922 sunt.»
1269 3871 1374 3921 Cfr.
1414 3873 1509 3921 Od.

461 3947 518 4006 2,
559 3946 650 4006 45,
701 3945 748 3995 4.
795 3945 980 3997 Tibull.
1019 3948 1077 4007 2,
1123 3946 1179 4007 3,
1229 3945 1309 3996 45.
1349 3946 1509 3996 Diss.:

462 4019 662 4070 Claud&
706 4024 756 4069 et
804 4021 1100 4070 indomitur:
1147 4020 1299 4070 moces
1340 4031 1510 4078 mare,

461 4093 619 4143 lenm-t
650 4099 708 4144 ut
738 4095 880 4143 intra
910 4095 1146 4158 Negliqat
1177 4094 1410 4144 hibernas
1424 4093 1514 4154 pi-

461 4169 556 4217 scis
600 4169 771 4218 adosse
810 4169 994 4218 minas.
1045 4167 1219 4219 Manil.
1270 4168 1331 4228 4,
1381 4167 1508 4217 263:

461 4242 804 4304 Litoribusqoe
824 4237 967 4292 novis
986 4255 1083 4304 per
1103 4243 1284 4292 lie-vum
1305 4242 1515 4291 illudere

629 4333 813 4379 nonu.
851 4345 960 4378 vot..
997 4333 1028 4378 l.
1091 4345 1167 4378 111).
1203 4345 1354 4379 amon
1419 4332 1487 4377 lll.

1650 2096 1730 2147 34.
1800 2096 1974 2160 Iactis]
2049 2095 2263 2146 «Verbo
2326 2098 2442 2161 ipso
2503 2111 2633 2149 usus

1586 2173 1671 2219 est
1702 2168 2126 2220 fabricantium.»
2185 2172 2368 2220 Senot..
2430 2172 2633 2222 Seneca

1585 2245 1805 2306 Thyest.
1843 2243 1964 2294 459:
2020 2249 2157 2292 retro
2198 2258 2343 2294 mare
2373 2246 2519 2295 lacta
2548 2246 2636 2309 fu—

1584 2330 1766 2381 yamus
1812 2317 1955 2366 mole.
2016 2343 2070 2353 -
2123 2316 2372 2382 frequens]
2427 2320 2636 2370 «multis

1587 2392 1766 2455 operis
1784 2403 1847 2440 ac
1870 2391 2040 2441 servis
2058 2390 2474 2441 circumdatus.»
2500 2393 2638 2443 Lub-

1586 2467 1686 2515 ker
1743 2466 1925 2517 nescio
1977 2477 2139 2529 quam
2182 2463 2325 2516 bene
2368 2467 2635 2532 interpre-

1585 2542 1733 2589 tatur
1776 2539 1845 2589 de
1890 2539 2233 2602 redemptore
2281 2541 2333 2590 in
2367 2541 2450 2590 bis
2486 2542 2637 2592 aedi-

1588 2612 1723 2663 ficiis
1758 2612 2133 2662 construendis
2167 2611 2367 2675 ubique
2404 2616 2459 2664 et
2489 2627 2637 2665 sem-

1588 2698 1688 2749 per
1721 2687 2025 2749 praesente.
2065 2686 2180 2733 Non
2203 2685 2393 2745 cred03
2431 2687 2636 2737 dictum

1589 2760 1689 2820 est,
1726 2762 1801 2819 ut,
1828 2759 2094 2809 indicante
2118 2758 2490 2821 mihiHalmio‚
2516 2774 2641 2811 con-

1587 2833 1811 2883 trarium
1819 2833 2004 2954 wSoplL
2043 2833 2172 2883 Oed.
2210 2835 2267 2883 R.
2306 2835 2426 2884 750:
2464 2831 2642 2885 Πότε-

1903 2921 1955 2957 ει
1999 2902 2246 2969 βαιός,
2299 2901 2343 2973 ἢ
2387 2903 2637 2970 πολλοὺς

1589 2978 1742 3041 ἔχων
1748 2905 1865 3031 ἐΑω
1891 2997 1998 3051 ρας
2031 2979 2285 3045 λοχίτας.

1654 3056 1735 3106 35.
1775 3056 2057 3121 caementa]
2096 3057 2238 3107 unde
2273 3055 2526 3108 Italorum
2560 3060 2636 3108 ci—

1583 3134 1750 3180 mento
1784 3129 1949 3195 (Kitt),
1986 3130 2160 3180 omnis
2191 3132 2401 3194 generis
2434 3131 2638 3196 lapides

1586 3207 1713 3254 sunt
1744 3206 1892 3267 parvi
1928 3203 2015 3254 vel
2037 3206 2366 3267 comminuti,
2404 3204 2639 3270 plerum·

1586 3291 1693 3341 que
1745 3276 1966 3341 pulvere
2015 3277 2301 3328 Puteolano
2348 3292 2637 3342 coagmen—

1587 3352 1679 3402 tati
1716 3353 1770 3401 et
1802 3351 1871 3401 ad
1906 3365 2091 3401 muros
2136 3352 2436 3403 sarciendos
2471 3353 2638 3403 desti-

1586 3426 1712 3485 nati,
1751 3429 2200 3490 opponunturque
2236 3427 2376 3477 saxis
2411 3426 2640 3490 quadra·-

1586 3501 1671 3551 tis.
1709 3501 1910 3550 vitruv.
1948 3500 1998 3562 8,
2036 3502 2093 3550 7:
2132 3506 2440 3550 caementum
2473 3502 2532 3551 de
2564 3504 2637 3550 si-

1584 3576 1678 3624 lice
1695 3575 1973 3638 frangatur
1991 3588 2054 3624 no
2079 3575 2291 3638 pravius
2310 3588 2464 3636 quam
2484 3574 2639 3624 libra-

1582 3650 1736 3699 rium.
1775 3648 1905 3699 Plin.
1945 3649 2004 3699 H.
2044 3651 2104 3699 N.
2145 3649 2234 3709 36,
2271 3649 2361 3710 22,
2399 3649 2489 3698 5⁴:
2524 3650 2636 3699 Μο-

1585 3724 1694 3772 dios
1718 3724 1939 3784 parietes
1967 3722 2158 3785 farcire
2191 3723 2370 3786 fractis
2405 3735 2637 3772 caemen-

1587 3797 1652 3846 tis
1683 3793 1988 3860 διάμικτον
2009 3802 2207 3846 vocant.
2237 3796 2362 3846 Plin.
2390 3797 2521 3860 Epp.
2551 3797 2631 3854 40,

1588 3870 1678 3920 48ε
1728 3872 1959 3933 parietes
2002 3875 2254 3920 camonto
2297 3871 2448 3920 modii
2478 3870 2632 3933 ’far-ti.

1588 3944 1683 3993 Est
1721 3945 1903 4006 igitur:
1961 3945 2142 3992 «inter
2183 3944 2318 3995 duos
2353 3958 2536 3994 muros
2571 3958 2637 3994 ex

1590 4016 1856 4079 lapidibus
1875 4016 2146 4078 quadratis
2164 4020 2499 4068 constructos
2518 4031 2638 4067 cae-

1590 4093 1770 4139 menta
1796 4103 1921 4139 cum
1948 4088 2244 4139 sufficiente
2269 4093 2521 4141 mortario
2545 4091 2639 4141 de-

1590 4163 1800 4213 mittit.»
1841 4190 1895 4199 —
1933 4163 2230 4228 redemptor]
2270 4161 2632 4234 «ἐργολάβος,

1590 4237 1714 4288 alibi
1750 4250 2021 4301 mancepS,
2061 4237 2113 4287 id
2150 4241 2253 4298 est,
2293 4239 2634 4296 architectuS,

2187 4330 2242 4373 22
