<?xml version="1.0" encoding="UTF-8"?>
<!DOCTYPE html PUBLIC "-//W3C//DTD XHTML 1.0 Transitional//EN"
    "http://www.w3.org/TR/xhtml1/DTD/xhtml1-transitional.dtd">
<html xmlns="http://www.w3.org/1999/xhtml" xml:lang="en" lang="en">
 <head>
  <title>
</title>
<meta http-equiv="Content-Type" content="text/html;charset=utf-8" />
  <meta name='ocr-system' content='tesseract 3.04.00' />
  <meta name='ocr-capabilities' content='ocr_page ocr_carea ocr_par ocr_line ocrx_word'/>
</head>
<body>
  <div class='ocr_page' id='page_1' title='image "./qhoratiusflaccu05baitgoog_0736.png"; bbox 0 0 3234 4975; ppageno 0'>
   <div class='ocr_carea' id='block_1_1' title="bbox 649 386 769 450">
    <p class='ocr_par' dir='ltr' id='par_1_1' title="bbox 649 386 769 450">
     <span class='ocr_line' id='line_1_1' title="bbox 649 386 769 450; baseline -0.017 0"><span class='ocrx_word' id='word_1_1' title='bbox 649 386 769 450; x_wconf 70' lang='lat'>704</span> 
     </span>
    </p>
   </div>
   <div class='ocr_carea' id='block_1_2' title="bbox 1457 390 2004 439">
    <p class='ocr_par' dir='ltr' id='par_1_2' title="bbox 1457 390 2004 439">
     <span class='ocr_line' id='line_1_2' title="bbox 1457 390 2004 439; baseline 0 -1"><span class='ocrx_word' id='word_1_2' title='bbox 1457 390 1713 438; x_wconf 77' lang='grc' dir='ltr'>ΗΟΒΑΤΙΙ</span> <span class='ocrx_word' id='word_1_3' title='bbox 1750 390 2004 439; x_wconf 76' lang='lat' dir='ltr'>EPODON</span> 
     </span>
    </p>
   </div>
   <div class='ocr_carea' id='block_1_3' title="bbox 1362 898 2043 960">
    <p class='ocr_par' dir='ltr' id='par_1_3' title="bbox 1362 898 2043 960">
     <span class='ocr_line' id='line_1_3' title="bbox 1362 898 2043 960; baseline -0.001 0"><span class='ocrx_word' id='word_1_4' title='bbox 1362 898 2043 960; x_wconf 67' lang='lat' dir='ltr'>mxl·</span> 
     </span>
    </p>
   </div>
   <div class='ocr_carea' id='block_1_4' title="bbox 808 1084 2816 1652">
    <p class='ocr_par' dir='ltr' id='par_1_4' title="bbox 812 1084 2015 1163">
     <span class='ocr_line' id='line_1_4' title="bbox 812 1084 2015 1163; baseline -0.004 -10"><span class='ocrx_word' id='word_1_5' title='bbox 812 1087 1002 1163; x_wconf 89' lang='lat' dir='ltr'>Petti‚</span> <span class='ocrx_word' id='word_1_6' title='bbox 1051 1085 1202 1150; x_wconf 82' lang='lat' dir='ltr'><strong>nihil</strong></span> <span class='ocrx_word' id='word_1_7' title='bbox 1249 1107 1351 1152; x_wconf 88' lang='lat' dir='ltr'>me</span> <span class='ocrx_word' id='word_1_8' title='bbox 1396 1086 1563 1151; x_wconf 90' lang='lat' dir='ltr'>sicut</span> <span class='ocrx_word' id='word_1_9' title='bbox 1606 1095 1796 1150; x_wconf 87' lang='lat' dir='ltr'>antea</span> <span class='ocrx_word' id='word_1_10' title='bbox 1841 1084 2015 1148; x_wconf 87' lang='lat' dir='ltr'>iuvat</span> 
     </span>
    </p>

    <p class='ocr_par' dir='ltr' id='par_1_5' title="bbox 808 1205 2555 1413">
     <span class='ocr_line' id='line_1_5' title="bbox 895 1205 2555 1291; baseline -0.002 -19"><span class='ocrx_word' id='word_1_11' title='bbox 895 1207 1195 1273; x_wconf 83' lang='lat' dir='ltr'><strong>Scribere</strong></span> <span class='ocrx_word' id='word_1_12' title='bbox 1237 1205 1596 1272; x_wconf 87' lang='lat' dir='ltr'>versiculos</span> <span class='ocrx_word' id='word_1_13' title='bbox 1642 1225 1862 1270; x_wconf 90' lang='lat' dir='ltr'>amore</span> <span class='ocrx_word' id='word_1_14' title='bbox 1907 1223 2294 1291; x_wconf 88' lang='lat' dir='ltr'>percussum</span> <span class='ocrx_word' id='word_1_15' title='bbox 2338 1206 2555 1290; x_wconf 82' lang='lat' dir='ltr'>gravi,</span> 
     </span>
     <span class='ocr_line' id='line_1_6' title="bbox 808 1326 2242 1413; baseline -0.002 -19"><span class='ocrx_word' id='word_1_16' title='bbox 808 1331 1071 1402; x_wconf 79' lang='lat' dir='ltr'>Amore,</span> <span class='ocrx_word' id='word_1_17' title='bbox 1118 1328 1229 1413; x_wconf 88' lang='lat' dir='ltr'>qui</span> <span class='ocrx_word' id='word_1_18' title='bbox 1275 1346 1380 1391; x_wconf 91' lang='lat' dir='ltr'>me</span> <span class='ocrx_word' id='word_1_19' title='bbox 1424 1335 1686 1413; x_wconf 89' lang='lat' dir='ltr'>praeter</span> <span class='ocrx_word' id='word_1_20' title='bbox 1731 1346 1956 1390; x_wconf 88' lang='lat' dir='ltr'>omnes</span> <span class='ocrx_word' id='word_1_21' title='bbox 2001 1326 2242 1412; x_wconf 81' lang='lat' dir='ltr'>expetit</span> 
     </span>
    </p>

    <p class='ocr_par' dir='ltr' id='par_1_6' title="bbox 811 1444 2816 1652">
     <span class='ocr_line' id='line_1_7' title="bbox 894 1444 2357 1534; baseline -0.001 -21"><span class='ocrx_word' id='word_1_22' title='bbox 894 1446 1187 1513; x_wconf 84' lang='lat' dir='ltr'>Mollibus</span> <span class='ocrx_word' id='word_1_23' title='bbox 1232 1447 1294 1510; x_wconf 89' lang='lat' dir='ltr'>in</span> <span class='ocrx_word' id='word_1_24' title='bbox 1339 1447 1561 1534; x_wconf 88' lang='lat' dir='ltr'>pueris</span> <span class='ocrx_word' id='word_1_25' title='bbox 1608 1456 1718 1511; x_wconf 89' lang='lat' dir='ltr'>aut</span> <span class='ocrx_word' id='word_1_26' title='bbox 1763 1445 1823 1509; x_wconf 91' lang='lat' dir='ltr'>in</span> <span class='ocrx_word' id='word_1_27' title='bbox 1868 1444 2100 1532; x_wconf 84' lang='lat' dir='ltr'><strong>puellis</strong></span> <span class='ocrx_word' id='word_1_28' title='bbox 2148 1466 2357 1512; x_wconf 90' lang='lat' dir='ltr'>urere.</span> 
     </span>
     <span class='ocr_line' id='line_1_8' title="bbox 811 1565 2816 1652; baseline -0.003 -18"><span class='ocrx_word' id='word_1_29' title='bbox 811 1569 929 1635; x_wconf 89' lang='lat' dir='ltr'>Hic</span> <span class='ocrx_word' id='word_1_30' title='bbox 972 1568 1195 1635; x_wconf 92' lang='lat' dir='ltr'>tertius</span> <span class='ocrx_word' id='word_1_31' title='bbox 1241 1565 1637 1643; x_wconf 81' lang='lat' dir='ltr'>December,</span> <span class='ocrx_word' id='word_1_32' title='bbox 1687 1587 1768 1632; x_wconf 86' lang='lat' dir='ltr'>ex</span> <span class='ocrx_word' id='word_1_33' title='bbox 1814 1587 1945 1652; x_wconf 90' lang='lat' dir='ltr'>quo</span> <span class='ocrx_word' id='word_1_34' title='bbox 1991 1565 2205 1632; x_wconf 81' lang='lat' dir='ltr'><strong>destiti</strong></span> <span class='ocrx_word' id='word_1_35' title='bbox 2775 1567 2816 1628; x_wconf 76' lang='lat'>5</span> 
     </span>
    </p>
   </div>
   <div class='ocr_carea' id='block_1_5' title="bbox 704 1760 2748 2047">
    <p class='ocr_par' dir='ltr' id='par_1_7' title="bbox 704 1760 2748 2047">
     <span class='ocr_line' id='line_1_9' title="bbox 771 1760 2748 1825; baseline -0.001 -10"><span class='ocrx_word' id='word_1_36' title='bbox 771 1766 855 1815; x_wconf 79' lang='lat' dir='ltr'>XI.</span> <span class='ocrx_word' id='word_1_37' title='bbox 893 1766 1056 1814; x_wconf 89' lang='lat' dir='ltr'>Inscr.</span> <span class='ocrx_word' id='word_1_38' title='bbox 1093 1761 1231 1825; x_wconf 79' lang='lat' dir='ltr'><strong>volg.</strong></span> <span class='ocrx_word' id='word_1_39' title='bbox 1284 1764 1361 1813; x_wconf 72' lang='lat' dir='ltr'>Aa</span> <span class='ocrx_word' id='word_1_40' title='bbox 1391 1763 1602 1814; x_wconf 77' lang='lat' dir='ltr'>Pettium</span> <span class='ocrx_word' id='word_1_41' title='bbox 1634 1760 1719 1812; x_wconf 88' lang='lat' dir='ltr'>vel</span> <span class='ocrx_word' id='word_1_42' title='bbox 1753 1762 2002 1822; x_wconf 73' lang='lat' dir='ltr'>Pontium,</span> <span class='ocrx_word' id='word_1_43' title='bbox 2041 1765 2096 1811; x_wconf 91' lang='lat' dir='ltr'>et</span> <span class='ocrx_word' id='word_1_44' title='bbox 2129 1763 2206 1813; x_wconf 89' lang='lat' dir='ltr'>sic</span> <span class='ocrx_word' id='word_1_45' title='bbox 2230 1775 2277 1813; x_wconf 89' lang='lat' dir='ltr'>c.</span> <span class='ocrx_word' id='word_1_46' title='bbox 2309 1788 2362 1799; x_wconf 93' lang='lat'>—</span> <span class='ocrx_word' id='word_1_47' title='bbox 2400 1765 2562 1814; x_wconf 81' lang='lat' dir='ltr'>Pectio</span> <span class='ocrx_word' id='word_1_48' title='bbox 2585 1765 2748 1813; x_wconf 73' lang='lat' dir='ltr'>antico</span> 
     </span>
     <span class='ocr_line' id='line_1_10' title="bbox 712 1836 2741 1901; baseline 0 -13"><span class='ocrx_word' id='word_1_49' title='bbox 712 1853 802 1889; x_wconf 78' lang='lat' dir='ltr'>suo</span> <span class='ocrx_word' id='word_1_50' title='bbox 835 1839 1048 1888; x_wconf 79' lang='lat' dir='ltr'>invisam</span> <span class='ocrx_word' id='word_1_51' title='bbox 1081 1838 1172 1887; x_wconf 75' lang='lat' dir='ltr'>sibi</span> <span class='ocrx_word' id='word_1_52' title='bbox 1202 1839 1427 1899; x_wconf 67' lang='lat' dir='ltr'>poeticen</span> <span class='ocrx_word' id='word_1_53' title='bbox 1459 1850 1560 1887; x_wconf 76' lang='lat' dir='ltr'>esse</span> <span class='ocrx_word' id='word_1_54' title='bbox 1600 1838 1655 1886; x_wconf 81' lang='lat' dir='ltr'>in</span> <span class='ocrx_word' id='word_1_55' title='bbox 1687 1836 1879 1885; x_wconf 75' lang='lat' dir='ltr'>cubicus</span> <span class='ocrx_word' id='word_1_56' title='bbox 1913 1838 2019 1900; x_wconf 88' lang='lat' dir='ltr'>(sic)</span> <span class='ocrx_word' id='word_1_57' title='bbox 2055 1850 2169 1886; x_wconf 77' lang='lat' dir='ltr'>suos</span> <span class='ocrx_word' id='word_1_58' title='bbox 2200 1839 2555 1901; x_wconf 72' lang='lat' dir='ltr'>irrumpentem</span> <span class='ocrx_word' id='word_1_59' title='bbox 2587 1840 2645 1888; x_wconf 90' lang='lat' dir='ltr'>B.</span> <span class='ocrx_word' id='word_1_60' title='bbox 2688 1863 2741 1873; x_wconf 92' lang='lat'><em>-</em></span> 
     </span>
     <span class='ocr_line' id='line_1_11' title="bbox 705 1907 2748 1975; baseline -0.001 -13"><span class='ocrx_word' id='word_1_61' title='bbox 705 1915 754 1963; x_wconf 94' lang='grc'>4.</span> <span class='ocrx_word' id='word_1_62' title='bbox 789 1913 919 1962; x_wconf 79' lang='lat' dir='ltr'>Pecti</span> <span class='ocrx_word' id='word_1_63' title='bbox 950 1911 1161 1970; x_wconf 86' lang='lat' dir='ltr'>BSTd‚F</span> <span class='ocrx_word' id='word_1_64' title='bbox 1210 1913 1332 1974; x_wconf 90' lang='lat' dir='ltr'>(non</span> <span class='ocrx_word' id='word_1_65' title='bbox 1366 1909 1472 1971; x_wconf 90' lang='lat' dir='ltr'>bc).</span> <span class='ocrx_word' id='word_1_66' title='bbox 1531 1935 1584 1946; x_wconf 92' lang='lat'><strong>—</strong></span> <span class='ocrx_word' id='word_1_67' title='bbox 1642 1912 1690 1960; x_wconf 91' lang='grc'>2.</span> <span class='ocrx_word' id='word_1_68' title='bbox 1737 1910 2030 1972; x_wconf 74' lang='lat' dir='ltr'>perculsum</span> <span class='ocrx_word' id='word_1_69' title='bbox 2062 1907 2177 1975; x_wconf 83' lang='grc' dir='ltr'>λμ,</span> <span class='ocrx_word' id='word_1_70' title='bbox 2232 1910 2419 1972; x_wconf 82' lang='lat' dir='ltr'>Aldus,</span> <span class='ocrx_word' id='word_1_71' title='bbox 2457 1913 2617 1962; x_wconf 86' lang='lat' dir='ltr'>LCtF.</span> <span class='ocrx_word' id='word_1_72' title='bbox 2671 1909 2748 1974; x_wconf 81' lang='lat' dir='ltr'>(Ut</span> 
     </span>
     <span class='ocr_line' id='line_1_12' title="bbox 704 1983 2737 2047; baseline -0 -12"><span class='ocrx_word' id='word_1_73' title='bbox 704 1998 831 2046; x_wconf 85' lang='lat' dir='ltr'>nos,</span> <span class='ocrx_word' id='word_1_74' title='bbox 869 1984 1119 2044; x_wconf 87' lang='lat' dir='ltr'>BbSTcd‚</span> <span class='ocrx_word' id='word_1_75' title='bbox 1157 1986 1289 2033; x_wconf 85' lang='lat' dir='ltr'>Pott.</span> <span class='ocrx_word' id='word_1_76' title='bbox 1330 1985 1384 2041; x_wconf 78' lang='grc'>4,</span> <span class='ocrx_word' id='word_1_77' title='bbox 1424 1983 1523 2045; x_wconf 79' lang='grc'>45.)</span> <span class='ocrx_word' id='word_1_78' title='bbox 1564 2008 1617 2019; x_wconf 93' lang='grc'><strong>-</strong></span> <span class='ocrx_word' id='word_1_79' title='bbox 1674 1983 1722 2034; x_wconf 71' lang='lat'>4.</span> <span class='ocrx_word' id='word_1_80' title='bbox 1764 1989 1855 2034; x_wconf 76' lang='lat' dir='ltr'>aut</span> <span class='ocrx_word' id='word_1_81' title='bbox 1878 1986 2054 2047; x_wconf 78' lang='lat' dir='ltr'>pueris</span> <span class='ocrx_word' id='word_1_82' title='bbox 2088 1984 2323 2035; x_wconf 88' lang='lat' dir='ltr'>malebat</span> <span class='ocrx_word' id='word_1_83' title='bbox 2356 1984 2640 2036; x_wconf 77' lang='lat' dir='ltr'>BentleiuS.</span> <span class='ocrx_word' id='word_1_84' title='bbox 2685 2010 2737 2021; x_wconf 93' lang='lat'>—</span> 
     </span>
    </p>
   </div>
   <div class='ocr_carea' id='block_1_6' title="bbox 710 2057 1151 2109">
    <p class='ocr_par' dir='ltr' id='par_1_8' title="bbox 710 2057 1151 2109">
     <span class='ocr_line' id='line_1_13' title="bbox 710 2057 1151 2109; baseline -0.007 0"><span class='ocrx_word' id='word_1_85' title='bbox 710 2060 759 2109; x_wconf 76' lang='lat'>5.</span> <span class='ocrx_word' id='word_1_86' title='bbox 798 2058 1065 2109; x_wconf 76' lang='lat' dir='ltr'>decembris</span> <span class='ocrx_word' id='word_1_87' title='bbox 1099 2057 1151 2107; x_wconf 90' lang='lat' dir='ltr'>d.</span> 
     </span>
    </p>
   </div>
   <div class='ocr_carea' id='block_1_7' title="bbox 639 2232 2816 2372">
    <p class='ocr_par' dir='ltr' id='par_1_9' title="bbox 639 2232 2816 2372">
     <span class='ocr_line' id='line_1_14' title="bbox 703 2232 2816 2299; baseline 0.002 -17"><span class='ocrx_word' id='word_1_88' title='bbox 703 2234 788 2283; x_wconf 78' lang='lat' dir='ltr'>xl.</span> <span class='ocrx_word' id='word_1_89' title='bbox 841 2234 1073 2296; x_wconf 83' lang='lat' dir='ltr'><strong>Lycisci,</strong></span> <span class='ocrx_word' id='word_1_90' title='bbox 1110 2235 1262 2297; x_wconf 87' lang='lat' dir='ltr'>pueri</span> <span class='ocrx_word' id='word_1_91' title='bbox 1296 2234 1481 2294; x_wconf 81' lang='lat' dir='ltr'>amati,</span> <span class='ocrx_word' id='word_1_92' title='bbox 1535 2246 1688 2283; x_wconf 89' lang='lat' dir='ltr'>arro-</span> <span class='ocrx_word' id='word_1_93' title='bbox 1762 2232 2063 2299; x_wconf 75' lang='grc' dir='ltr'><strong><em>πληγέντα,</em></strong></span> <span class='ocrx_word' id='word_1_94' title='bbox 2100 2236 2376 2298; x_wconf 88' lang='lat' dir='ltr'>tamquam</span> <span class='ocrx_word' id='word_1_95' title='bbox 2410 2234 2575 2297; x_wconf 80' lang='lat' dir='ltr'>flagro</span> <span class='ocrx_word' id='word_1_96' title='bbox 2610 2235 2693 2285; x_wconf 87' lang='lat' dir='ltr'>vel</span> <span class='ocrx_word' id='word_1_97' title='bbox 2721 2236 2816 2286; x_wconf 82' lang='lat' dir='ltr'>sti-</span> 
     </span>
     <span class='ocr_line' id='line_1_15' title="bbox 639 2306 2807 2372; baseline 0 -14"><span class='ocrx_word' id='word_1_98' title='bbox 639 2307 814 2371; x_wconf 82' lang='lat' dir='ltr'>gantia</span> <span class='ocrx_word' id='word_1_99' title='bbox 832 2320 895 2356; x_wconf 94' lang='lat' dir='ltr'>ac</span> <span class='ocrx_word' id='word_1_100' title='bbox 913 2307 1522 2372; x_wconf 85' lang='lat' dir='ltr'>superbiasummopere</span> <span class='ocrx_word' id='word_1_101' title='bbox 1543 2321 1690 2358; x_wconf 90' lang='lat' dir='ltr'>com-</span> <span class='ocrx_word' id='word_1_102' title='bbox 1762 2307 1923 2357; x_wconf 91' lang='lat' dir='ltr'>mulo.</span> <span class='ocrx_word' id='word_1_103' title='bbox 1991 2306 2290 2358; x_wconf 83' lang='lat' dir='ltr'>Archiloch.</span> <span class='ocrx_word' id='word_1_104' title='bbox 2330 2308 2380 2357; x_wconf 95' lang='lat' dir='ltr'>in</span> <span class='ocrx_word' id='word_1_105' title='bbox 2416 2308 2582 2371; x_wconf 88' lang='lat' dir='ltr'>Epod.</span> <span class='ocrx_word' id='word_1_106' title='bbox 2606 2309 2686 2358; x_wconf 89' lang='lat' dir='ltr'>Fr.</span> <span class='ocrx_word' id='word_1_107' title='bbox 2725 2310 2807 2359; x_wconf 80' lang='lat'>77.</span> 
     </span>
    </p>
   </div>
   <div class='ocr_carea' id='block_1_8' title="bbox 631 2381 1688 4220">
    <p class='ocr_par' dir='ltr' id='par_1_10' title="bbox 636 2381 1688 3614">
     <span class='ocr_line' id='line_1_16' title="bbox 639 2381 1682 2444; baseline -0.001 -13"><span class='ocrx_word' id='word_1_108' title='bbox 639 2383 842 2444; x_wconf 69' lang='lat' dir='ltr'>metm,</span> <span class='ocrx_word' id='word_1_109' title='bbox 880 2381 1124 2431; x_wconf 85' lang='lat' dir='ltr'>dolenter</span> <span class='ocrx_word' id='word_1_110' title='bbox 1146 2383 1336 2442; x_wconf 64' lang='lat' dir='ltr'>Penio,</span> <span class='ocrx_word' id='word_1_111' title='bbox 1375 2381 1541 2433; x_wconf 85' lang='lat' dir='ltr'>sodali</span> <span class='ocrx_word' id='word_1_112' title='bbox 1564 2394 1682 2442; x_wconf 84' lang='lat' dir='ltr'>suo,</span> 
     </span>
     <span class='ocr_line' id='line_1_17' title="bbox 639 2456 1685 2519; baseline -0.002 -12"><span class='ocrx_word' id='word_1_113' title='bbox 639 2456 835 2507; x_wconf 83' lang='lat' dir='ltr'>fatetur</span> <span class='ocrx_word' id='word_1_114' title='bbox 851 2457 1101 2507; x_wconf 83' lang='lat' dir='ltr'>miseram</span> <span class='ocrx_word' id='word_1_115' title='bbox 1119 2468 1273 2506; x_wconf 90' lang='lat' dir='ltr'>suam</span> <span class='ocrx_word' id='word_1_116' title='bbox 1286 2457 1504 2514; x_wconf 78' lang='lat' dir='ltr'>sortem,</span> <span class='ocrx_word' id='word_1_117' title='bbox 1546 2468 1685 2519; x_wconf 87' lang='lat' dir='ltr'>quae</span> 
     </span>
     <span class='ocr_line' id='line_1_18' title="bbox 637 2529 1686 2595; baseline -0.001 -15"><span class='ocrx_word' id='word_1_118' title='bbox 637 2532 817 2595; x_wconf 85' lang='lat' dir='ltr'>ipsum</span> <span class='ocrx_word' id='word_1_119' title='bbox 862 2530 1115 2581; x_wconf 81' lang='lat' dir='ltr'><strong>discussis</strong></span> <span class='ocrx_word' id='word_1_120' title='bbox 1162 2529 1462 2581; x_wconf 88' lang='lat' dir='ltr'>sanioribus</span> <span class='ocrx_word' id='word_1_121' title='bbox 1506 2531 1686 2580; x_wconf 89' lang='lat' dir='ltr'>consi-</span> 
     </span>
     <span class='ocr_line' id='line_1_19' title="bbox 639 2602 1688 2667; baseline 0 -14"><span class='ocrx_word' id='word_1_122' title='bbox 639 2603 721 2653; x_wconf 87' lang='lat' dir='ltr'>liis</span> <span class='ocrx_word' id='word_1_123' title='bbox 772 2605 932 2667; x_wconf 87' lang='lat' dir='ltr'>atque</span> <span class='ocrx_word' id='word_1_124' title='bbox 983 2602 1438 2667; x_wconf 83' lang='lat' dir='ltr'>obiurgationibus</span> <span class='ocrx_word' id='word_1_125' title='bbox 1482 2606 1688 2653; x_wconf 90' lang='lat' dir='ltr'>amico-</span> 
     </span>
     <span class='ocr_line' id='line_1_20' title="bbox 637 2677 1688 2740; baseline -0.001 -13"><span class='ocrx_word' id='word_1_126' title='bbox 637 2689 760 2727; x_wconf 86' lang='lat' dir='ltr'>rum</span> <span class='ocrx_word' id='word_1_127' title='bbox 794 2677 1044 2727; x_wconf 89' lang='lat' dir='ltr'>continuo</span> <span class='ocrx_word' id='word_1_128' title='bbox 1080 2678 1305 2738; x_wconf 88' lang='lat' dir='ltr'>amoris,</span> <span class='ocrx_word' id='word_1_129' title='bbox 1343 2680 1398 2726; x_wconf 90' lang='lat' dir='ltr'>et</span> <span class='ocrx_word' id='word_1_130' title='bbox 1432 2679 1548 2728; x_wconf 90' lang='lat' dir='ltr'>eius</span> <span class='ocrx_word' id='word_1_131' title='bbox 1572 2678 1688 2740; x_wconf 92' lang='lat' dir='ltr'>qui-</span> 
     </span>
     <span class='ocr_line' id='line_1_21' title="bbox 639 2749 1685 2815; baseline -0.002 -13"><span class='ocrx_word' id='word_1_132' title='bbox 639 2751 766 2802; x_wconf 86' lang='lat' dir='ltr'>dem</span> <span class='ocrx_word' id='word_1_133' title='bbox 799 2764 990 2815; x_wconf 88' lang='lat' dir='ltr'>parum</span> <span class='ocrx_word' id='word_1_134' title='bbox 1009 2752 1281 2815; x_wconf 81' lang='lat' dir='ltr'>prosperi,</span> <span class='ocrx_word' id='word_1_135' title='bbox 1318 2749 1522 2814; x_wconf 80' lang='lat' dir='ltr'><strong>laqueis</strong></span> <span class='ocrx_word' id='word_1_136' title='bbox 1546 2751 1685 2800; x_wconf 89' lang='lat' dir='ltr'>irre-</span> 
     </span>
     <span class='ocr_line' id='line_1_22' title="bbox 639 2824 1683 2888; baseline -0.002 -12"><span class='ocrx_word' id='word_1_137' title='bbox 639 2827 748 2876; x_wconf 85' lang='lat' dir='ltr'>tiat.</span> <span class='ocrx_word' id='word_1_138' title='bbox 807 2826 882 2875; x_wconf 81' lang='lat' dir='ltr'>Ex</span> <span class='ocrx_word' id='word_1_139' title='bbox 932 2838 1129 2875; x_wconf 75' lang='lat' dir='ltr'>mrscu.</span> <span class='ocrx_word' id='word_1_140' title='bbox 1198 2824 1468 2875; x_wconf 83' lang='lat' dir='ltr'>Adversus</span> <span class='ocrx_word' id='word_1_141' title='bbox 1519 2837 1683 2888; x_wconf 83' lang='lat' dir='ltr'>quem</span> 
     </span>
     <span class='ocr_line' id='line_1_23' title="bbox 637 2897 1685 2964; baseline 0 -15"><span class='ocrx_word' id='word_1_142' title='bbox 637 2901 814 2964; x_wconf 88' lang='lat' dir='ltr'>ipsum</span> <span class='ocrx_word' id='word_1_143' title='bbox 848 2900 1195 2962; x_wconf 86' lang='lat' dir='ltr'>interpretem</span> <span class='ocrx_word' id='word_1_144' title='bbox 1229 2897 1385 2948; x_wconf 86' lang='lat' dir='ltr'>nobis</span> <span class='ocrx_word' id='word_1_145' title='bbox 1417 2898 1576 2948; x_wconf 88' lang='lat' dir='ltr'>liceat</span> <span class='ocrx_word' id='word_1_146' title='bbox 1604 2899 1685 2949; x_wconf 80' lang='lat' dir='ltr'>af-</span> 
     </span>
     <span class='ocr_line' id='line_1_24' title="bbox 638 2972 1680 3034; baseline 0 -11"><span class='ocrx_word' id='word_1_147' title='bbox 638 2973 881 3032; x_wconf 83' lang='lat' dir='ltr'>firmare,</span> <span class='ocrx_word' id='word_1_148' title='bbox 927 2973 1104 3022; x_wconf 87' lang='lat' dir='ltr'>omnia</span> <span class='ocrx_word' id='word_1_149' title='bbox 1144 2972 1232 3021; x_wconf 88' lang='lat' dir='ltr'>hic</span> <span class='ocrx_word' id='word_1_150' title='bbox 1273 2974 1383 3022; x_wconf 88' lang='lat' dir='ltr'>tam</span> <span class='ocrx_word' id='word_1_151' title='bbox 1416 2973 1680 3034; x_wconf 88' lang='lat' dir='ltr'>iuvenilia,</span> 
     </span>
     <span class='ocr_line' id='line_1_25' title="bbox 638 3047 1686 3111; baseline 0.002 -15"><span class='ocrx_word' id='word_1_152' title='bbox 638 3047 963 3111; x_wconf 76' lang='lat' dir='ltr'>praefracta,</span> <span class='ocrx_word' id='word_1_153' title='bbox 999 3059 1129 3096; x_wconf 88' lang='lat' dir='ltr'>vere</span> <span class='ocrx_word' id='word_1_154' title='bbox 1163 3047 1396 3096; x_wconf 82' lang='lat' dir='ltr'>Romana</span> <span class='ocrx_word' id='word_1_155' title='bbox 1421 3059 1571 3107; x_wconf 83' lang='lat' dir='ltr'>esse,</span> <span class='ocrx_word' id='word_1_156' title='bbox 1609 3050 1686 3098; x_wconf 87' lang='lat' dir='ltr'>at-</span> 
     </span>
     <span class='ocr_line' id='line_1_26' title="bbox 638 3118 1683 3184; baseline 0.001 -15"><span class='ocrx_word' id='word_1_157' title='bbox 638 3133 744 3183; x_wconf 90' lang='lat' dir='ltr'>que</span> <span class='ocrx_word' id='word_1_158' title='bbox 778 3118 847 3169; x_wconf 88' lang='lat' dir='ltr'>ad</span> <span class='ocrx_word' id='word_1_159' title='bbox 880 3120 1035 3169; x_wconf 86' lang='lat' dir='ltr'>unius</span> <span class='ocrx_word' id='word_1_160' title='bbox 1073 3120 1268 3169; x_wconf 82' lang='lat' dir='ltr'><strong>Horatii</strong></span> <span class='ocrx_word' id='word_1_161' title='bbox 1300 3133 1588 3184; x_wconf 88' lang='lat' dir='ltr'>personam</span> <span class='ocrx_word' id='word_1_162' title='bbox 1610 3121 1683 3170; x_wconf 88' lang='lat' dir='ltr'>ita</span> 
     </span>
     <span class='ocr_line' id='line_1_27' title="bbox 637 3192 1684 3257; baseline 0 -14"><span class='ocrx_word' id='word_1_163' title='bbox 637 3192 850 3252; x_wconf 79' lang='lat' dir='ltr'>referri,</span> <span class='ocrx_word' id='word_1_164' title='bbox 898 3194 960 3240; x_wconf 91' lang='lat' dir='ltr'>ut</span> <span class='ocrx_word' id='word_1_165' title='bbox 991 3194 1163 3241; x_wconf 88' lang='lat' dir='ltr'>metro</span> <span class='ocrx_word' id='word_1_166' title='bbox 1199 3196 1422 3257; x_wconf 82' lang='lat' dir='ltr'>excepto</span> <span class='ocrx_word' id='word_1_167' title='bbox 1457 3193 1596 3243; x_wconf 89' lang='lat' dir='ltr'>nulla</span> <span class='ocrx_word' id='word_1_168' title='bbox 1632 3195 1684 3243; x_wconf 91' lang='lat' dir='ltr'>in</span> 
     </span>
     <span class='ocr_line' id='line_1_28' title="bbox 637 3265 1683 3318; baseline 0.002 -1"><span class='ocrx_word' id='word_1_169' title='bbox 637 3269 750 3317; x_wconf 85' lang='lat' dir='ltr'>toto</span> <span class='ocrx_word' id='word_1_170' title='bbox 785 3265 1021 3316; x_wconf 81' lang='lat' dir='ltr'>carmine</span> <span class='ocrx_word' id='word_1_171' title='bbox 1068 3266 1208 3316; x_wconf 80' lang='lat' dir='ltr'>insit.</span> <span class='ocrx_word' id='word_1_172' title='bbox 1239 3267 1460 3316; x_wconf 79' lang='lat' dir='ltr'>imitatio</span> <span class='ocrx_word' id='word_1_173' title='bbox 1497 3269 1683 3318; x_wconf 84' lang='lat' dir='ltr'>Graeci</span> 
     </span>
     <span class='ocr_line' id='line_1_29' title="bbox 637 3340 1685 3404; baseline 0.001 -13"><span class='ocrx_word' id='word_1_174' title='bbox 637 3341 857 3391; x_wconf 88' lang='lat' dir='ltr'>alicuius</span> <span class='ocrx_word' id='word_1_175' title='bbox 908 3340 1174 3390; x_wconf 78' lang='lat' dir='ltr'>carminis.</span> <span class='ocrx_word' id='word_1_176' title='bbox 1244 3340 1479 3404; x_wconf 85' lang='lat' dir='ltr'>Scriptus</span> <span class='ocrx_word' id='word_1_177' title='bbox 1527 3343 1685 3392; x_wconf 81' lang='lat' dir='ltr'>vide-</span> 
     </span>
     <span class='ocr_line' id='line_1_30' title="bbox 637 3414 1680 3480; baseline 0 -14"><span class='ocrx_word' id='word_1_178' title='bbox 637 3417 724 3466; x_wconf 88' lang='lat' dir='ltr'>tur</span> <span class='ocrx_word' id='word_1_179' title='bbox 771 3415 978 3480; x_wconf 85' lang='lat' dir='ltr'>epodus</span> <span class='ocrx_word' id='word_1_180' title='bbox 1039 3428 1177 3465; x_wconf 89' lang='lat' dir='ltr'>anno</span> <span class='ocrx_word' id='word_1_181' title='bbox 1236 3415 1351 3464; x_wconf 84' lang='grc'><strong>720.</strong></span> <span class='ocrx_word' id='word_1_182' title='bbox 1415 3414 1498 3464; x_wconf 89' lang='lat' dir='ltr'>vel</span> <span class='ocrx_word' id='word_1_183' title='bbox 1564 3417 1680 3466; x_wconf 85' lang='grc'>724.</span> 
     </span>
     <span class='ocr_line' id='line_1_31' title="bbox 637 3489 1683 3542; baseline -0.002 0"><span class='ocrx_word' id='word_1_184' title='bbox 637 3491 744 3542; x_wconf 69' lang='lat' dir='ltr'>Cir.</span> <span class='ocrx_word' id='word_1_185' title='bbox 781 3491 1000 3541; x_wconf 89' lang='lat' dir='ltr'>Franke.</span> <span class='ocrx_word' id='word_1_186' title='bbox 1054 3490 1312 3539; x_wconf 76' lang='lat' dir='ltr'>ffirchner</span> <span class='ocrx_word' id='word_1_187' title='bbox 1361 3489 1560 3540; x_wconf 88' lang='lat' dir='ltr'>rettulit</span> <span class='ocrx_word' id='word_1_188' title='bbox 1614 3490 1683 3540; x_wconf 89' lang='lat' dir='ltr'>ad</span> 
     </span>
     <span class='ocr_line' id='line_1_32' title="bbox 636 3565 844 3614; baseline 0 0"><span class='ocrx_word' id='word_1_189' title='bbox 636 3578 684 3614; x_wconf 89' lang='lat' dir='ltr'>a.</span> <span class='ocrx_word' id='word_1_190' title='bbox 730 3565 844 3614; x_wconf 76' lang='lat'><strong>7⁴7.</strong></span> 
     </span>
    </p>

    <p class='ocr_par' dir='ltr' id='par_1_11' title="bbox 631 3635 1685 4220">
     <span class='ocr_line' id='line_1_33' title="bbox 701 3635 1685 3700; baseline -0.002 -12"><span class='ocrx_word' id='word_1_191' title='bbox 701 3641 749 3688; x_wconf 97' lang='grc'>4.</span> <span class='ocrx_word' id='word_1_192' title='bbox 788 3639 836 3689; x_wconf 93' lang='grc'>2.</span> <span class='ocrx_word' id='word_1_193' title='bbox 893 3638 1033 3700; x_wconf 73' lang='lat' dir='ltr'>Petti]</span> <span class='ocrx_word' id='word_1_194' title='bbox 1081 3637 1166 3687; x_wconf 88' lang='lat' dir='ltr'>Sic</span> <span class='ocrx_word' id='word_1_195' title='bbox 1200 3650 1397 3687; x_wconf 90' lang='lat' dir='ltr'>nomen</span> <span class='ocrx_word' id='word_1_196' title='bbox 1432 3635 1685 3686; x_wconf 86' lang='lat' dir='ltr'>scribitur</span> 
     </span>
     <span class='ocr_line' id='line_1_34' title="bbox 637 3709 1683 3775; baseline -0.004 -11"><span class='ocrx_word' id='word_1_197' title='bbox 637 3713 797 3764; x_wconf 84' lang='lat' dir='ltr'>etiam</span> <span class='ocrx_word' id='word_1_198' title='bbox 843 3713 899 3761; x_wconf 90' lang='lat' dir='ltr'>in</span> <span class='ocrx_word' id='word_1_199' title='bbox 948 3712 1209 3775; x_wconf 86' lang='lat' dir='ltr'>Inscriptt.</span> <span class='ocrx_word' id='word_1_200' title='bbox 1247 3723 1311 3760; x_wconf 88' lang='lat' dir='ltr'>ac</span> <span class='ocrx_word' id='word_1_201' title='bbox 1359 3709 1602 3761; x_wconf 84' lang='lat' dir='ltr'>firmatur</span> <span class='ocrx_word' id='word_1_202' title='bbox 1652 3724 1683 3760; x_wconf 89' lang='lat' dir='ltr'>a</span> 
     </span>
     <span class='ocr_line' id='line_1_35' title="bbox 634 3783 1685 3848; baseline -0.003 -10"><span class='ocrx_word' id='word_1_203' title='bbox 634 3786 798 3838; x_wconf 78' lang='lat' dir='ltr'>Mario</span> <span class='ocrx_word' id='word_1_204' title='bbox 848 3785 1115 3835; x_wconf 83' lang='lat' dir='ltr'>Victorino</span> <span class='ocrx_word' id='word_1_205' title='bbox 1165 3798 1219 3848; x_wconf 90' lang='lat' dir='ltr'>p.</span> <span class='ocrx_word' id='word_1_206' title='bbox 1256 3783 1371 3835; x_wconf 76' lang='grc'><strong>235.</strong></span> <span class='ocrx_word' id='word_1_207' title='bbox 1425 3783 1582 3835; x_wconf 83' lang='lat' dir='ltr'>Gaisf.</span> <span class='ocrx_word' id='word_1_208' title='bbox 1631 3787 1685 3835; x_wconf 87' lang='lat' dir='ltr'>et</span> 
     </span>
     <span class='ocr_line' id='line_1_36' title="bbox 634 3856 1679 3921; baseline 0 -12"><span class='ocrx_word' id='word_1_209' title='bbox 634 3856 787 3909; x_wconf 82' lang='lat' dir='ltr'>Atilio</span> <span class='ocrx_word' id='word_1_210' title='bbox 844 3859 1214 3909; x_wconf 81' lang='lat' dir='ltr'>Fortunatiano</span> <span class='ocrx_word' id='word_1_211' title='bbox 1273 3871 1327 3921; x_wconf 88' lang='lat' dir='ltr'>p.</span> <span class='ocrx_word' id='word_1_212' title='bbox 1381 3858 1495 3909; x_wconf 87' lang='grc'><strong>362.</strong></span> <span class='ocrx_word' id='word_1_213' title='bbox 1549 3858 1679 3909; x_wconf 86' lang='lat' dir='ltr'><strong>ibid.</strong></span> 
     </span>
     <span class='ocr_line' id='line_1_37' title="bbox 633 3931 1678 3997; baseline -0.005 -12"><span class='ocrx_word' id='word_1_214' title='bbox 633 3931 733 3985; x_wconf 82' lang='lat' dir='ltr'>Alii</span> <span class='ocrx_word' id='word_1_215' title='bbox 752 3933 909 3993; x_wconf 67' lang='lat' dir='ltr'>Pacci,</span> <span class='ocrx_word' id='word_1_216' title='bbox 945 3935 1005 3983; x_wconf 90' lang='lat' dir='ltr'>ut</span> <span class='ocrx_word' id='word_1_217' title='bbox 1029 3934 1237 3994; x_wconf 71' lang='lat' dir='ltr'>Vacuus,</span> <span class='ocrx_word' id='word_1_218' title='bbox 1279 3933 1531 3983; x_wconf 76' lang='lat' dir='ltr'>Vectienus</span> <span class='ocrx_word' id='word_1_219' title='bbox 1551 3946 1678 3997; x_wconf 88' lang='lat' dir='ltr'>pro:</span> 
     </span>
     <span class='ocr_line' id='line_1_38' title="bbox 637 4006 1685 4070; baseline 0.001 -15"><span class='ocrx_word' id='word_1_220' title='bbox 637 4006 824 4056; x_wconf 75' lang='lat' dir='ltr'>Vettius</span> <span class='ocrx_word' id='word_1_221' title='bbox 872 4009 973 4057; x_wconf 88' lang='lat' dir='ltr'>cet.</span> <span class='ocrx_word' id='word_1_222' title='bbox 1041 4008 1295 4058; x_wconf 86' lang='lat' dir='ltr'>Ceterum</span> <span class='ocrx_word' id='word_1_223' title='bbox 1343 4007 1553 4070; x_wconf 83' lang='lat' dir='ltr'>ignotus</span> <span class='ocrx_word' id='word_1_224' title='bbox 1600 4008 1685 4057; x_wconf 87' lang='lat' dir='ltr'>est</span> 
     </span>
     <span class='ocr_line' id='line_1_39' title="bbox 634 4080 1683 4132; baseline 0 -2"><span class='ocrx_word' id='word_1_225' title='bbox 634 4080 722 4131; x_wconf 86' lang='lat' dir='ltr'>hic</span> <span class='ocrx_word' id='word_1_226' title='bbox 746 4080 943 4131; x_wconf 86' lang='lat' dir='ltr'>Horatii</span> <span class='ocrx_word' id='word_1_227' title='bbox 977 4080 1190 4132; x_wconf 82' lang='lat' dir='ltr'>sodalis.</span> <span class='ocrx_word' id='word_1_228' title='bbox 1221 4108 1278 4119; x_wconf 92' lang='lat'><em>-</em></span> <span class='ocrx_word' id='word_1_229' title='bbox 1315 4081 1543 4131; x_wconf 78' lang='lat' dir='ltr'>Scribere</span> <span class='ocrx_word' id='word_1_230' title='bbox 1563 4094 1683 4130; x_wconf 81' lang='lat' dir='ltr'>vor-</span> 
     </span>
     <span class='ocr_line' id='line_1_40' title="bbox 631 4155 1680 4220; baseline 0 -15"><span class='ocrx_word' id='word_1_231' title='bbox 631 4155 828 4217; x_wconf 68' lang='lat' dir='ltr'>sieulos]</span> <span class='ocrx_word' id='word_1_232' title='bbox 872 4155 987 4205; x_wconf 84' lang='lat' dir='ltr'>Non</span> <span class='ocrx_word' id='word_1_233' title='bbox 1021 4157 1135 4206; x_wconf 90' lang='lat' dir='ltr'>sine</span> <span class='ocrx_word' id='word_1_234' title='bbox 1175 4155 1351 4206; x_wconf 86' lang='lat' dir='ltr'>taedio</span> <span class='ocrx_word' id='word_1_235' title='bbox 1387 4155 1455 4205; x_wconf 86' lang='lat' dir='ltr'>de</span> <span class='ocrx_word' id='word_1_236' title='bbox 1500 4156 1680 4220; x_wconf 88' lang='lat' dir='ltr'>priore</span> 
     </span>
    </p>
   </div>
   <div class='ocr_carea' id='block_1_9' title="bbox 635 4228 1678 4294">
    <p class='ocr_par' dir='ltr' id='par_1_12' title="bbox 635 4228 1678 4294">
     <span class='ocr_line' id='line_1_41' title="bbox 635 4228 1678 4294; baseline 0.003 -15"><span class='ocrx_word' id='word_1_237' title='bbox 635 4241 734 4279; x_wconf 87' lang='lat' dir='ltr'>suo</span> <span class='ocrx_word' id='word_1_238' title='bbox 775 4228 950 4280; x_wconf 88' lang='lat' dir='ltr'>studio</span> <span class='ocrx_word' id='word_1_239' title='bbox 991 4228 1237 4292; x_wconf 86' lang='lat' dir='ltr'>loquitur.</span> <span class='ocrx_word' id='word_1_240' title='bbox 1280 4256 1335 4267; x_wconf 88' lang='lat'>·-</span> <span class='ocrx_word' id='word_1_241' title='bbox 1365 4229 1678 4294; x_wconf 68' lang='lat' dir='ltr'>percu-tm]</span> 
     </span>
    </p>
   </div>
   <div class='ocr_carea' id='block_1_10' title="bbox 1755 2376 2814 4295">
    <p class='ocr_par' dir='ltr' id='par_1_13' title="bbox 1755 2376 2814 4075">
     <span class='ocr_line' id='line_1_42' title="bbox 1759 2376 2807 2449; baseline 0.002 -17"><span class='ocrx_word' id='word_1_242' title='bbox 1759 2383 1930 2444; x_wconf 78' lang='lat' dir='ltr'>Bergk</span> <span class='ocrx_word' id='word_1_243' title='bbox 1963 2395 2014 2446; x_wconf 88' lang='lat' dir='ltr'>p.</span> <span class='ocrx_word' id='word_1_244' title='bbox 2052 2381 2175 2433; x_wconf 76' lang='lat'><strong>484:</strong></span> <span class='ocrx_word' id='word_1_245' title='bbox 2212 2378 2510 2447; x_wconf 81' lang='grc' dir='ltr'><em>Δύστηνος</em></span> <span class='ocrx_word' id='word_1_246' title='bbox 2544 2376 2807 2449; x_wconf 65' lang='grc' dir='ltr'>’ἔγκειμαι</span> 
     </span>
     <span class='ocr_line' id='line_1_43' title="bbox 1761 2449 2813 2528; baseline 0.003 -22"><span class='ocrx_word' id='word_1_247' title='bbox 1761 2452 1953 2523; x_wconf 72' lang='grc' dir='ltr'><em>πόθῳ,</em></span> <span class='ocrx_word' id='word_1_248' title='bbox 1989 2449 2283 2520; x_wconf 67' lang='grc' dir='ltr'><strong><em>Ἅψυχος,</em></strong></span> <span class='ocrx_word' id='word_1_249' title='bbox 2332 2455 2621 2528; x_wconf 75' lang='grc' dir='ltr'><strong><em>χαλεπῇσι</em></strong></span> <span class='ocrx_word' id='word_1_250' title='bbox 2658 2456 2813 2509; x_wconf 76' lang='grc' dir='ltr'>θεῶν</span> 
     </span>
     <span class='ocr_line' id='line_1_44' title="bbox 1761 2524 2813 2602; baseline 0.005 -24"><span class='ocrx_word' id='word_1_251' title='bbox 1761 2524 2034 2601; x_wconf 71' lang='grc' dir='ltr'>ὀδύνῃσιν</span> <span class='ocrx_word' id='word_1_252' title='bbox 2089 2525 2251 2596; x_wconf 78' lang='grc' dir='ltr'>ἕκητι</span> <span class='ocrx_word' id='word_1_253' title='bbox 2312 2531 2689 2602; x_wconf 73' lang='grc' dir='ltr'><strong><em>Πεπαρμένος</em></strong></span> <span class='ocrx_word' id='word_1_254' title='bbox 2743 2531 2813 2583; x_wconf 77' lang='grc' dir='ltr'>δι’</span> 
     </span>
     <span class='ocr_line' id='line_1_45' title="bbox 1761 2598 2814 2668; baseline 0.005 -15"><span class='ocrx_word' id='word_1_255' title='bbox 1761 2598 1996 2655; x_wconf 80' lang='grc' dir='ltr'><strong>ὀστέων.</strong></span> <span class='ocrx_word' id='word_1_256' title='bbox 2071 2604 2248 2668; x_wconf 78' lang='lat' dir='ltr'>virgil.</span> <span class='ocrx_word' id='word_1_257' title='bbox 2300 2609 2391 2656; x_wconf 90' lang='lat' dir='ltr'>Ge.</span> <span class='ocrx_word' id='word_1_258' title='bbox 2434 2609 2491 2667; x_wconf 84' lang='grc'>2,</span> <span class='ocrx_word' id='word_1_259' title='bbox 2547 2606 2669 2657; x_wconf 70' lang='lat'>476:</span> <span class='ocrx_word' id='word_1_260' title='bbox 2726 2608 2814 2658; x_wconf 80' lang='lat' dir='ltr'>in-</span> 
     </span>
     <span class='ocr_line' id='line_1_46' title="bbox 1759 2681 2807 2743; baseline 0.003 -15"><span class='ocrx_word' id='word_1_261' title='bbox 1759 2681 1894 2742; x_wconf 65' lang='lat' dir='ltr'>genti</span> <span class='ocrx_word' id='word_1_262' title='bbox 1919 2693 2186 2741; x_wconf 72' lang='lat' dir='ltr'>permissus</span> <span class='ocrx_word' id='word_1_263' title='bbox 2218 2692 2406 2729; x_wconf 81' lang='lat' dir='ltr'>amore.</span> <span class='ocrx_word' id='word_1_264' title='bbox 2449 2682 2580 2731; x_wconf 84' lang='lat' dir='ltr'>Aen.</span> <span class='ocrx_word' id='word_1_265' title='bbox 2607 2681 2656 2743; x_wconf 80' lang='lat'>9,</span> <span class='ocrx_word' id='word_1_266' title='bbox 2682 2681 2807 2731; x_wconf 75' lang='lat'>⁴97:</span> 
     </span>
     <span class='ocr_line' id='line_1_47' title="bbox 1758 2753 2813 2817; baseline 0.002 -15"><span class='ocrx_word' id='word_1_267' title='bbox 1758 2766 1943 2817; x_wconf 71' lang='lat' dir='ltr'>maqno</span> <span class='ocrx_word' id='word_1_268' title='bbox 1961 2753 2170 2802; x_wconf 74' lang='lat' dir='ltr'>laudum</span> <span class='ocrx_word' id='word_1_269' title='bbox 2182 2767 2447 2814; x_wconf 69' lang='lat' dir='ltr'>percussus</span> <span class='ocrx_word' id='word_1_270' title='bbox 2467 2767 2656 2816; x_wconf 71' lang='lat' dir='ltr'>maore,</span> <span class='ocrx_word' id='word_1_271' title='bbox 2694 2768 2813 2806; x_wconf 86' lang='lat' dir='ltr'>cer-</span> 
     </span>
     <span class='ocr_line' id='line_1_48' title="bbox 1760 2827 2813 2892; baseline 0.005 -17"><span class='ocrx_word' id='word_1_272' title='bbox 1760 2828 1870 2876; x_wconf 86' lang='lat' dir='ltr'>tam</span> <span class='ocrx_word' id='word_1_273' title='bbox 1932 2827 2303 2877; x_wconf 85' lang='lat' dir='ltr'>auctoritatem</span> <span class='ocrx_word' id='word_1_274' title='bbox 2363 2830 2665 2892; x_wconf 83' lang='lat' dir='ltr'>praestante</span> <span class='ocrx_word' id='word_1_275' title='bbox 2709 2831 2813 2879; x_wconf 88' lang='lat' dir='ltr'>Lu-</span> 
     </span>
     <span class='ocr_line' id='line_1_49' title="bbox 1760 2900 2809 2964; baseline 0.003 -15"><span class='ocrx_word' id='word_1_276' title='bbox 1760 2902 1889 2950; x_wconf 90' lang='lat' dir='ltr'>cret.</span> <span class='ocrx_word' id='word_1_277' title='bbox 1931 2901 1989 2961; x_wconf 87' lang='grc'>4,</span> <span class='ocrx_word' id='word_1_278' title='bbox 2028 2900 2152 2950; x_wconf 75' lang='lat'>922:</span> <span class='ocrx_word' id='word_1_279' title='bbox 2204 2902 2317 2950; x_wconf 84' lang='lat' dir='ltr'>acri</span> <span class='ocrx_word' id='word_1_280' title='bbox 2358 2903 2600 2952; x_wconf 75' lang='lat' dir='ltr'>Percussit</span> <span class='ocrx_word' id='word_1_281' title='bbox 2638 2903 2809 2964; x_wconf 60' lang='lat' dir='ltr'>thyrso</span> 
     </span>
     <span class='ocr_line' id='line_1_50' title="bbox 1757 2975 2810 3038; baseline 0.004 -15"><span class='ocrx_word' id='word_1_282' title='bbox 1757 2975 1922 3024; x_wconf 78' lang='lat' dir='ltr'>laudis</span> <span class='ocrx_word' id='word_1_283' title='bbox 1965 2987 2074 3036; x_wconf 65' lang='lat' dir='ltr'>spes</span> <span class='ocrx_word' id='word_1_284' title='bbox 2119 2988 2311 3038; x_wconf 68' lang='lat' dir='ltr'><strong><em>mayna</em></strong></span> <span class='ocrx_word' id='word_1_285' title='bbox 2357 2988 2523 3025; x_wconf 70' lang='lat' dir='ltr'>meum</span> <span class='ocrx_word' id='word_1_286' title='bbox 2569 2989 2684 3037; x_wconf 88' lang='lat' dir='ltr'>cor,</span> <span class='ocrx_word' id='word_1_287' title='bbox 2739 2978 2810 3027; x_wconf 76' lang='lat' dir='ltr'>Ee</span> 
     </span>
     <span class='ocr_line' id='line_1_51' title="bbox 1757 3050 2811 3113; baseline 0.003 -15"><span class='ocrx_word' id='word_1_288' title='bbox 1757 3050 1907 3098; x_wconf 59' lang='lat' dir='ltr'>simma</span> <span class='ocrx_word' id='word_1_289' title='bbox 1937 3050 2141 3099; x_wconf 73' lang='lat' dir='ltr'>incussit</span> <span class='ocrx_word' id='word_1_290' title='bbox 2183 3062 2386 3099; x_wconf 77' lang='lat' dir='ltr'>suavem</span> <span class='ocrx_word' id='word_1_291' title='bbox 2416 3052 2488 3099; x_wconf 86' lang='lat' dir='ltr'>mi</span> <span class='ocrx_word' id='word_1_292' title='bbox 2537 3052 2591 3099; x_wconf 79' lang='lat' dir='ltr'>in</span> <span class='ocrx_word' id='word_1_293' title='bbox 2632 3056 2811 3113; x_wconf 70' lang='lat' dir='ltr'>pectus</span> 
     </span>
     <span class='ocr_line' id='line_1_52' title="bbox 1758 3124 2802 3175; baseline 0.003 -3"><span class='ocrx_word' id='word_1_294' title='bbox 1758 3135 1981 3173; x_wconf 82' lang='lat' dir='ltr'>amorem</span> <span class='ocrx_word' id='word_1_295' title='bbox 2027 3125 2309 3173; x_wconf 66' lang='lat' dir='ltr'>Musam.</span> <span class='ocrx_word' id='word_1_296' title='bbox 2383 3124 2614 3174; x_wconf 86' lang='lat' dir='ltr'>Nimium</span> <span class='ocrx_word' id='word_1_297' title='bbox 2662 3125 2717 3175; x_wconf 88' lang='lat' dir='ltr'>h.</span> <span class='ocrx_word' id='word_1_298' title='bbox 2766 3125 2802 3175; x_wconf 85' lang='grc' dir='ltr'>Ι.</span> 
     </span>
     <span class='ocr_line' id='line_1_53' title="bbox 1760 3197 2808 3262; baseline 0.003 -16"><span class='ocrx_word' id='word_1_299' title='bbox 1760 3197 1897 3246; x_wconf 79' lang='lat' dir='ltr'>foret</span> <span class='ocrx_word' id='word_1_300' title='bbox 1942 3197 2230 3258; x_wconf 69' lang='lat' dir='ltr'>peretum</span> <span class='ocrx_word' id='word_1_301' title='bbox 2284 3197 2413 3247; x_wconf 89' lang='lat' dir='ltr'>Cod.</span> <span class='ocrx_word' id='word_1_302' title='bbox 2473 3197 2694 3262; x_wconf 88' lang='lat' dir='ltr'>Guelpb.</span> <span class='ocrx_word' id='word_1_303' title='bbox 2750 3202 2808 3249; x_wconf 86' lang='lat' dir='ltr'>et</span> 
     </span>
     <span class='ocr_line' id='line_1_54' title="bbox 1757 3268 2802 3333; baseline 0.001 -13"><span class='ocrx_word' id='word_1_304' title='bbox 1757 3268 1893 3320; x_wconf 84' lang='lat' dir='ltr'>Atilii</span> <span class='ocrx_word' id='word_1_305' title='bbox 1937 3268 1972 3318; x_wconf 94' lang='lat' dir='ltr'>l.</span> <span class='ocrx_word' id='word_1_306' title='bbox 2009 3268 2043 3318; x_wconf 94' lang='lat' dir='ltr'>l.</span> <span class='ocrx_word' id='word_1_307' title='bbox 2104 3269 2225 3333; x_wconf 80' lang='lat' dir='ltr'>(cfr.</span> <span class='ocrx_word' id='word_1_308' title='bbox 2262 3271 2470 3321; x_wconf 86' lang='lat' dir='ltr'>Lucret.</span> <span class='ocrx_word' id='word_1_309' title='bbox 2520 3272 2576 3332; x_wconf 83' lang='lat'>6,</span> <span class='ocrx_word' id='word_1_310' title='bbox 2629 3272 2802 3333; x_wconf 66' lang='lat' dir='ltr'>ast),</span> 
     </span>
     <span class='ocr_line' id='line_1_55' title="bbox 1758 3343 2801 3408; baseline 0.003 -15"><span class='ocrx_word' id='word_1_311' title='bbox 1758 3343 1902 3408; x_wconf 84' lang='lat' dir='ltr'>quod</span> <span class='ocrx_word' id='word_1_312' title='bbox 1949 3343 2141 3393; x_wconf 88' lang='lat' dir='ltr'>dicitur</span> <span class='ocrx_word' id='word_1_313' title='bbox 2184 3344 2252 3394; x_wconf 89' lang='lat' dir='ltr'>de</span> <span class='ocrx_word' id='word_1_314' title='bbox 2301 3346 2606 3396; x_wconf 80' lang='lat' dir='ltr'>vehementi</span> <span class='ocrx_word' id='word_1_315' title='bbox 2657 3348 2766 3396; x_wconf 88' lang='lat' dir='ltr'>ictu</span> <span class='ocrx_word' id='word_1_316' title='bbox 2788 3384 2801 3406; x_wconf 88' lang='lat'>,</span> 
     </span>
     <span class='ocr_line' id='line_1_56' title="bbox 1755 3417 2805 3482; baseline 0.004 -16"><span class='ocrx_word' id='word_1_317' title='bbox 1755 3417 1902 3467; x_wconf 85' lang='lat' dir='ltr'>velut</span> <span class='ocrx_word' id='word_1_318' title='bbox 1945 3420 2029 3468; x_wconf 89' lang='lat' dir='ltr'>est</span> <span class='ocrx_word' id='word_1_319' title='bbox 2078 3418 2387 3477; x_wconf 69' lang='lat' dir='ltr'>electi-icus.</span> <span class='ocrx_word' id='word_1_320' title='bbox 2449 3421 2539 3482; x_wconf 89' lang='lat' dir='ltr'>qui</span> <span class='ocrx_word' id='word_1_321' title='bbox 2591 3419 2805 3471; x_wconf 87' lang='lat' dir='ltr'>intimos</span> 
     </span>
     <span class='ocr_line' id='line_1_57' title="bbox 1755 3489 2808 3557; baseline 0.004 -16"><span class='ocrx_word' id='word_1_322' title='bbox 1755 3489 1842 3541; x_wconf 87' lang='lat' dir='ltr'>vel</span> <span class='ocrx_word' id='word_1_323' title='bbox 1890 3493 2129 3556; x_wconf 87' lang='lat' dir='ltr'>corporis</span> <span class='ocrx_word' id='word_1_324' title='bbox 2161 3490 2247 3541; x_wconf 82' lang='lat' dir='ltr'>vel</span> <span class='ocrx_word' id='word_1_325' title='bbox 2282 3493 2443 3542; x_wconf 89' lang='lat' dir='ltr'>animi</span> <span class='ocrx_word' id='word_1_326' title='bbox 2477 3505 2672 3544; x_wconf 84' lang='lat' dir='ltr'>nervos</span> <span class='ocrx_word' id='word_1_327' title='bbox 2703 3508 2808 3557; x_wconf 86' lang='lat' dir='ltr'>pe-</span> 
     </span>
     <span class='ocr_line' id='line_1_58' title="bbox 1759 3566 2800 3629; baseline 0.002 -14"><span class='ocrx_word' id='word_1_328' title='bbox 1759 3567 1932 3616; x_wconf 86' lang='lat' dir='ltr'>netrat</span> <span class='ocrx_word' id='word_1_329' title='bbox 1973 3568 2191 3629; x_wconf 86' lang='lat' dir='ltr'>tamque</span> <span class='ocrx_word' id='word_1_330' title='bbox 2234 3566 2430 3616; x_wconf 86' lang='lat' dir='ltr'>acriter</span> <span class='ocrx_word' id='word_1_331' title='bbox 2467 3571 2800 3629; x_wconf 86' lang='lat' dir='ltr'>commovet,</span> 
     </span>
     <span class='ocr_line' id='line_1_59' title="bbox 1758 3640 2803 3705; baseline 0.003 -17"><span class='ocrx_word' id='word_1_332' title='bbox 1758 3641 1817 3689; x_wconf 91' lang='lat' dir='ltr'>ut</span> <span class='ocrx_word' id='word_1_333' title='bbox 1848 3653 2015 3705; x_wconf 87' lang='lat' dir='ltr'>prope</span> <span class='ocrx_word' id='word_1_334' title='bbox 2039 3642 2286 3691; x_wconf 82' lang='lat' dir='ltr'>attonitos</span> <span class='ocrx_word' id='word_1_335' title='bbox 2315 3653 2413 3691; x_wconf 88' lang='lat' dir='ltr'>nos</span> <span class='ocrx_word' id='word_1_336' title='bbox 2447 3640 2653 3691; x_wconf 88' lang='lat' dir='ltr'>reddat.</span> <span class='ocrx_word' id='word_1_337' title='bbox 2693 3641 2803 3692; x_wconf 80' lang='lat' dir='ltr'>Cfr.</span> 
     </span>
     <span class='ocr_line' id='line_1_60' title="bbox 1758 3714 2809 3778; baseline 0.002 -15"><span class='ocrx_word' id='word_1_338' title='bbox 1758 3714 1925 3778; x_wconf 88' lang='lat' dir='ltr'>Epod.</span> <span class='ocrx_word' id='word_1_339' title='bbox 1964 3715 2023 3773; x_wconf 85' lang='lat'>7,</span> <span class='ocrx_word' id='word_1_340' title='bbox 2076 3714 2157 3764; x_wconf 87' lang='grc'>46.</span> <span class='ocrx_word' id='word_1_341' title='bbox 2217 3714 2540 3777; x_wconf 74' lang='lat' dir='ltr'>(Percussum</span> <span class='ocrx_word' id='word_1_342' title='bbox 2587 3715 2809 3766; x_wconf 82' lang='lat' dir='ltr'>exhibet</span> 
     </span>
     <span class='ocr_line' id='line_1_61' title="bbox 1758 3787 2807 3852; baseline 0 -15"><span class='ocrx_word' id='word_1_343' title='bbox 1758 3800 1881 3837; x_wconf 91' lang='lat' dir='ltr'>cum</span> <span class='ocrx_word' id='word_1_344' title='bbox 1928 3788 2122 3838; x_wconf 86' lang='lat' dir='ltr'>nostris</span> <span class='ocrx_word' id='word_1_345' title='bbox 2164 3787 2294 3838; x_wconf 86' lang='lat' dir='ltr'>Cod.</span> <span class='ocrx_word' id='word_1_346' title='bbox 2334 3790 2554 3852; x_wconf 86' lang='lat' dir='ltr'>Franeq.</span> <span class='ocrx_word' id='word_1_347' title='bbox 2592 3792 2647 3839; x_wconf 89' lang='lat' dir='ltr'>et</span> <span class='ocrx_word' id='word_1_348' title='bbox 2692 3790 2807 3839; x_wconf 75' lang='lat' dir='ltr'>Ma-</span> 
     </span>
     <span class='ocr_line' id='line_1_62' title="bbox 1760 3860 2809 3914; baseline 0.001 -3"><span class='ocrx_word' id='word_1_349' title='bbox 1760 3863 1867 3912; x_wconf 91' lang='lat' dir='ltr'>rius</span> <span class='ocrx_word' id='word_1_350' title='bbox 1890 3863 2191 3912; x_wconf 86' lang='lat' dir='ltr'>Victorinus</span> <span class='ocrx_word' id='word_1_351' title='bbox 2214 3860 2248 3912; x_wconf 88' lang='lat' dir='ltr'>l.</span> <span class='ocrx_word' id='word_1_352' title='bbox 2274 3862 2308 3912; x_wconf 94' lang='lat' dir='ltr'>l.</span> <span class='ocrx_word' id='word_1_353' title='bbox 2348 3863 2453 3913; x_wconf 85' lang='lat' dir='ltr'>Cfr.</span> <span class='ocrx_word' id='word_1_354' title='bbox 2481 3864 2697 3914; x_wconf 87' lang='lat' dir='ltr'>omnino</span> <span class='ocrx_word' id='word_1_355' title='bbox 2722 3862 2809 3913; x_wconf 91' lang='lat' dir='ltr'>El-</span> 
     </span>
     <span class='ocr_line' id='line_1_63' title="bbox 1756 3934 2811 3999; baseline 0.001 -13"><span class='ocrx_word' id='word_1_356' title='bbox 1756 3934 1906 3986; x_wconf 89' lang='lat' dir='ltr'>lendt</span> <span class='ocrx_word' id='word_1_357' title='bbox 1936 3935 2005 3986; x_wconf 87' lang='lat' dir='ltr'>ad</span> <span class='ocrx_word' id='word_1_358' title='bbox 2039 3937 2148 3986; x_wconf 86' lang='lat' dir='ltr'>Cic.</span> <span class='ocrx_word' id='word_1_359' title='bbox 2186 3935 2255 3985; x_wconf 88' lang='lat' dir='ltr'>de</span> <span class='ocrx_word' id='word_1_360' title='bbox 2290 3937 2375 3987; x_wconf 91' lang='lat' dir='ltr'>Or.</span> <span class='ocrx_word' id='word_1_361' title='bbox 2402 3938 2461 3999; x_wconf 89' lang='grc'>2,</span> <span class='ocrx_word' id='word_1_362' title='bbox 2489 3938 2552 3987; x_wconf 85' lang='lat'>70</span> <span class='ocrx_word' id='word_1_363' title='bbox 2571 3975 2583 3997; x_wconf 94' lang='lat'>‚</span> <span class='ocrx_word' id='word_1_364' title='bbox 2608 3937 2722 3987; x_wconf 82' lang='grc'><strong>285.</strong></span> <span class='ocrx_word' id='word_1_365' title='bbox 2751 3939 2811 3987; x_wconf 85' lang='lat' dir='ltr'>et</span> 
     </span>
     <span class='ocr_line' id='line_1_64' title="bbox 1760 4010 2802 4075; baseline 0 -14"><span class='ocrx_word' id='word_1_366' title='bbox 1760 4012 1930 4061; x_wconf 83' lang='lat' dir='ltr'>Haase</span> <span class='ocrx_word' id='word_1_367' title='bbox 1979 4012 2032 4059; x_wconf 89' lang='lat' dir='ltr'>in</span> <span class='ocrx_word' id='word_1_368' title='bbox 2082 4011 2259 4060; x_wconf 88' lang='lat' dir='ltr'>Diario</span> <span class='ocrx_word' id='word_1_369' title='bbox 2306 4010 2518 4062; x_wconf 88' lang='lat' dir='ltr'>Halensi</span> <span class='ocrx_word' id='word_1_370' title='bbox 2562 4011 2707 4062; x_wconf 75' lang='lat'>⁴842.</span> <span class='ocrx_word' id='word_1_371' title='bbox 2745 4024 2802 4075; x_wconf 86' lang='lat' dir='ltr'>p.</span> 
     </span>
    </p>

    <p class='ocr_par' dir='ltr' id='par_1_14' title="bbox 1757 4155 2810 4295">
     <span class='ocr_line' id='line_1_65' title="bbox 1822 4155 2810 4222; baseline 0.002 -15"><span class='ocrx_word' id='word_1_372' title='bbox 1822 4156 1872 4207; x_wconf 83' lang='lat'>3.</span> <span class='ocrx_word' id='word_1_373' title='bbox 1910 4156 1957 4207; x_wconf 76' lang='lat'>4.</span> <span class='ocrx_word' id='word_1_374' title='bbox 2007 4161 2212 4218; x_wconf 74' lang='lat' dir='ltr'>praetor</span> <span class='ocrx_word' id='word_1_375' title='bbox 2242 4157 2430 4222; x_wconf 71' lang='lat' dir='ltr'>munes]</span> <span class='ocrx_word' id='word_1_376' title='bbox 2473 4156 2641 4207; x_wconf 73' lang='lat' dir='ltr'>cultra</span> <span class='ocrx_word' id='word_1_377' title='bbox 2673 4155 2810 4209; x_wconf 86' lang='lat' dir='ltr'>alios</span> 
     </span>
     <span class='ocr_line' id='line_1_66' title="bbox 1757 4231 2806 4295; baseline 0.002 -16"><span class='ocrx_word' id='word_1_378' title='bbox 1757 4243 1998 4282; x_wconf 83' lang='lat' dir='ltr'>omnes.»</span> <span class='ocrx_word' id='word_1_379' title='bbox 2035 4232 2216 4280; x_wconf 74' lang='lat' dir='ltr'>Senot..</span> <span class='ocrx_word' id='word_1_380' title='bbox 2250 4232 2439 4282; x_wconf 86' lang='lat' dir='ltr'>Cicero</span> <span class='ocrx_word' id='word_1_381' title='bbox 2464 4231 2806 4295; x_wconf 80' lang='lat' dir='ltr'>frequenter:</span> 
     </span>
    </p>
   </div>
  </div>
 </body>
</html>
