3234 4975
682 393 804 457 464

1447 393 1704 443 nomm
1732 367 2077 466 ‘camisum

936 551 1022 614 Te
1065 546 1257 613 Liber
1300 555 1392 622 et,
1441 547 1494 612 si
1541 547 1705 614 laeta
1750 546 1985 624 aderit,
2035 548 2249 614 Venus

939 670 1317 756 Segnesque
1361 667 1603 734 nodum
1649 663 1903 734 solvere
1950 667 2204 734 Gratiae

1018 788 1346 887 Viyaeque
1389 787 1752 874 producent
1793 787 2128 864 lucernae,

1102 911 1269 974 Dum
1314 909 1573 975 rediens
1615 908 1792 995 fugat
1832 918 2002 975 astra
2051 908 2366 975 Phoebus.

814 1108 895 1158 24.
933 1107 1062 1170 fugit
1094 1106 1150 1154 τ.

683 1285 913 1342 riuntur,
954 1282 1170 1346 copiose
1203 1278 1410 1344 collegit
1428 1280 1642 1330 Liibker
1670 1293 1723 1344 p.

684 1357 798 1408 488.
845 1355 991 1406 Plato
1035 1355 1103 1405 de
1139 1356 1294 1418 Legg.
1334 1356 1380 1403 4.
1418 1368 1469 1417 p.
1508 1353 1625 1405 649.
1663 1356 1722 1403 A.

684 1431 833 1481 Ovid.
869 1432 930 1480 Α.
967 1434 1027 1481 Α.
1079 1431 1137 1490 4,
1175 1429 1304 1479 237:
1371 1430 1497 1478 V‘ma
1530 1433 1729 1491 parant

682 1506 879 1554 animos
922 1505 1214 1567 faciuntque
1255 1503 1504 1553 caloribus
1547 1508 1693 1566 aptos
1709 1517 1726 1551 .·

683 1579 822 1628 Cura
866 1578 997 1641 Γαρίι
1037 1577 1193 1627 multo
1233 1577 1539 1636 diluiturque
1568 1589 1724 1625 mro.

686 1653 818 1702 Tunc
863 1652 1069 1703 veniunt
1114 1652 1279 1700 risus:
1353 1656 1471 1700 tunc
1530 1663 1730 1712 pauper

682 1741 876 1777 cornua
906 1728 1093 1777 sumit:
1155 1726 1287 1775 Tunc
1319 1726 1462 1775 dolor
1495 1731 1541 1774 et
1573 1737 1728 1774 curae

682 1815 913 1866 maeque
956 1801 1137 1863 frontis
1184 1798 1304 1848 abit.
1386 1799 1517 1848 Time
1566 1799 1732 1860 aperit

681 1881 866 1926 ηιοηίοε
913 1888 1036 1924 aevo
1078 1874 1346 1923 rarissima
1383 1877 1552 1922 nostro
1593 1873 1730 1922 Sim-

679 1950 905 2012 plicitate,
942 1953 1079 1998 arces
1108 1947 1385 1996 ammiane
1417 1947 1522 1995 deo.

749 2024 833 2072 2⁴.
871 2023 953 2072 22.
989 2022 1032 2070 si
1065 2021 1227 2085 ἱασια]
1265 2025 1426 2083 atque
1459 2019 1580 2069 ideo
1600 2031 1732 2082 pro-

683 2097 829 2162 pitia.
872 2123 927 2133 —
971 2096 1143 2160 Venus]
1179 2094 1392 2145 Talibus
1427 2095 1572 2144 enim
1605 2107 1733 2143 con-

686 2171 837 2220 viviis
886 2171 1027 2219 inter
1076 2170 1279 2220 amicos
1329 2170 1541 2219 intimos
1586 2166 1733 2217 cele—

684 2244 851 2295 bratis
883 2242 1061 2295 faciles
1083 2244 1285 2294 amicae
1321 2242 1729 2302 adhibebantur,

683 2321 745 2368 ut
792 2319 876 2368 est
922 2316 1199 2380 aliquoties
1250 2316 1390 2381 apud
1437 2317 1727 2367 Horatium.

689 2418 744 2428 -
782 2392 1059 2456 Semesque
1089 2392 1275 2441 nodum
1306 2390 1516 2453 solvere]
1562 2401 1733 2438 «nun-

686 2478 851 2529 quam
884 2464 1204 2517 solventes.»
1294 2464 1471 2528 Eurip.
1520 2460 1728 2528 Hippol.

687 2539 842 2590 ⁴⁴47:
894 2541 1154 2606 συζυγίαι
1201 2535 1465 2609 Χάριτες.
1526 2540 1730 2587 Seneca

686 2613 755 2663 de
805 2614 1035 2664 Benefic.
1093 2616 1151 2673 4,
1208 2614 1266 2663 3:
1342 2614 1479 2662 Num
1529 2612 1728 2671 dicam,

686 2700 846 2749 quare
876 2692 976 2737 tros
1009 2688 1222 2737 Gratiae
1252 2690 1299 2735 et
1332 2698 1489 2748 quare
1537 2696 1734 2733 sorores

614 2820 619 2824 ⁴
684 2762 782 2810 sint
803 2766 852 2811 et
877 2774 1037 2822 quare
1065 2760 1300 2810 manibus
1328 2758 1561 2821 implexis
1577 2756 1604 2807 P
1624 2783 1649 2794 -
1666 2783 1691 2793 ·
1709 2782 1735 2793 -

687 2836 818 2898 Quid
848 2835 929 2884 ille
965 2835 1202 2884 consertis
1238 2833 1468 2883 manibus
1500 2833 1554 2881 in
1575 2844 1626 2881 se
1648 2844 1733 2880 re—

685 2910 941 2960 deuntium
968 2907 1188 2958 chorus?
1231 2906 1327 2957 Alii
1362 2907 1503 2957 nodo
1538 2906 1606 2955 ad
1637 2919 1731 2955 zo-

686 2996 813 3033 nam
851 2982 1018 3033 relato
1068 2980 1332 3045 explicant
1388 2981 1729 3031 «decentes»

691 3056 803 3119 (Od.
830 3056 879 3116 4,
904 3055 953 3116 4,
981 3057 1047 3116 6.)
1083 3057 1150 3105 At
1169 3053 1376 3104 vid.0d.
1407 3056 1454 3114 4,
1481 3054 1561 3114 30,
1590 3055 1639 3102 5.
1679 3053 1726 3113 3,

690 3131 771 3189 ⁴9,
799 3130 878 3179 47.
919 3128 1135 3192 (Eadem
1170 3127 1562 3179 constructione
1584 3127 1727 3190 Virg.

688 3204 816 3253 Aen.
857 3203 945 3264 ⁴⁴,
983 3202 1109 3251 736:
1147 3202 1211 3252 At
1240 3215 1732 3264 non—-seanos-—

1800 1282 2109 1342 Exspectare
2153 1281 2349 1345 dapes.)
2407 1284 2610 1334 Gratias
2663 1284 2856 1334 iunctis

1803 1355 2050 1406 manibus
2110 1355 2422 1406 incedentes
2472 1357 2593 1406 vide
2647 1359 2698 1407 in
2751 1359 2855 1407 Ara

1801 1428 2159 1492 Borghesiana
2178 1430 2411 1480 visconti
2426 1431 2650 1480 Monam.
2675 1430 2858 1480 Gabini

1802 1503 1928 1566 2199·
1955 1516 2006 1553 a.
2035 1503 2081 1552 b.
2108 1516 2152 1552 c.
2191 1501 2377 1553 Miiller
2396 1504 2608 1554 Denkm.
2636 1505 2692 1554 T.
2721 1505 2853 1554 XIII.

1803 1575 1883 1626 43.
1927 1604 1982 1614 —
2021 1577 2258 1640 Gratiae]
2295 1579 2409 1627 sine
2443 1578 2700 1641 imagine:
2750 1579 2858 1627 «iu—

1804 1651 1963 1701 cundi
1997 1665 2061 1702 ac
2097 1650 2257 1716 lepidi
2290 1665 2570 1703 sermones
2605 1666 2636 1701 a
2668 1653 2857 1716 quavis

1804 1724 2145 1776 altercatione
2173 1727 2390 1786 remoti,
2427 1728 2488 1776 ut
2509 1727 2669 1777 decet
2689 1727 2860 1777 homi·

1804 1813 1903 1851 nes
1926 1801 2072 1850 omni
2104 1801 2210 1850 vita
2245 1802 2405 1864 atque
2440 1802 2585 1851 victu
2619 1799 2856 1851 excultos

1804 1877 1965 1938 atque
2007 1872 2318 1939 expolitos.»

1869 1949 1952 1999 23.
2010 1949 2187 2012 Vicae]
2243 1948 2555 1999 «ardentes»
2576 1987 2588 2010 ,
2652 1952 2709 2000 ut
2752 1949 2856 2000 alio

1804 2025 1958 2086 tropo
1993 2023 2089 2074 Od.
2118 2024 2174 2084 3,
2200 2023 2262 2084 8,
2289 2023 2368 2074 ⁴4.
2422 2024 2595 2086 vigiles
2626 2025 2859 2074 lucemus

1805 2097 1948 2146 dixit.
1999 2124 2055 2133 -
2112 2097 2173 2146 Te
2191 2123 2221 2132 -
2243 2123 2272 2132 -
2287 2097 2592 2161 producent]
2637 2099 2854 2162 proprie

1788 2171 2136 2234 convivium,
2178 2171 2295 2220 «cui
2328 2172 2411 2230 tu,
2446 2172 2733 2234 amphora,
2772 2173 2854 2222 vi-

1806 2258 1937 2296 num
1959 2245 2279 2295 ministras.»
2317 2245 2424 2293 Sat.
2453 2246 2500 2305 ⁴,
2527 2247 2576 2305 5,
2603 2246 2703 2297 70:
2740 2259 2856 2297 coo-

1805 2333 1927 2369 nam
1958 2320 2296 2381 produximus
2332 2319 2502 2380 ἃὶαηι,
2539 2320 2626 2369 hic
2658 2322 2854 2381 vinum,

1807 2395 1958 2444 cuius
1991 2406 2092 2457 ope
2129 2392 2257 2443 illud
2290 2394 2522 2444 maxime
2559 2395 2853 2459 perficitur.

1806 2470 1915 2518 lam
1986 2480 2114 2517 vero
2174 2468 2540 2519 conviviorum
2600 2470 2854 2530 numina,

1807 2541 1988 2600 Liber,
2041 2542 2247 2603 Venus,
2303 2543 2509 2593 Gratiae
2532 2581 2544 2604 ,
2589 2544 2694 2593 hoc
2729 2557 2856 2595 cum

1805 2612 2029 2666 Messala
2092 2613 2475 2667 celebrandum
2535 2618 2859 2681 protendant

1805 2701 1976 2752 usque
2020 2688 2090 2738 ad
2134 2690 2363 2752 primam
2406 2688 2584 2740 lucem
2617 2704 2720 2740 nec
2753 2703 2858 2741 un-

1805 2774 1970 2825 quam
1994 2763 2395 2826 exstinguentur
2416 2762 2686 2826 lucernae,
2715 2777 2854 2828 quae

1804 2836 1952 2899 ipsae
1988 2835 2282 2886 admodum
2307 2838 2516 2901 poetice
2550 2838 2857 2889 numinibus

1806 2908 1904 2960 Illis
1954 2908 2180 2960 hilarem
2228 2913 2680 2975 compotationem
2728 2926 2857 2977 pro-

1806 2983 2123 3035 ducentibus
2164 2986 2450 3035 sociantur.
2526 2989 2763 3051 Proper-t.
2803 2986 2852 3047 4,

1807 3059 1855 3119 6,
1893 3058 1985 3108 85:
2043 3060 2128 3108 Sic
2157 3065 2350 3111 noctem
2375 3066 2596 3123 patera,
2654 3063 2725 3111 sic
2759 3062 2856 3111 du—

1805 3144 1920 3181 cam
1950 3134 2201 3194 cao-mine,
2254 3136 2407 3186 donec
2451 3136 2650 3186 lniioiat
2682 3136 2858 3186 radios

1806 3206 1861 3254 in
1892 3218 2009 3256 ntea
2040 3208 2164 3257 vina
2197 3208 2315 3259 dies.

1625 3598 1994 3621 ΙΙ
