3234 4975
1160 414 1277 464 LlB.
1320 413 1356 461 Ι.
1428 413 1486 460 C.
1525 409 1609 458 Vl.

2457 395 2539 460 47

714 573 966 642 Laudes
1010 571 1251 660 egregii
1297 565 1597 636 Caesaris
1641 574 1708 629 et
1749 572 1891 628 tuas

886 663 1090 782 Culpa
1134 692 1433 759 deterere
1478 686 1713 773 ingeni.

716 892 875 973 Quis
919 891 1185 955 Martem
1227 885 1443 951 tunica
1486 891 1726 950 tectum
1769 875 2176 944 adamantina

711 1013 916 1100 Digne
961 1006 1339 1096 scripserit?
1383 1013 1493 1071 aut
1534 1001 1804 1090 pulvere
1848 998 2076 1064 Troico

714 1136 977 1224 Nigrum
1020 1130 1381 1204 Merionen,
1430 1134 1539 1192 aut
1582 1142 1709 1209 ope
1753 1117 2031 1187 Palladis
2462 1115 2515 1180 4.

884 1250 1179 1342 Tydiden
1223 1248 1481 1335 superis
1523 1243 1798 1332 parem?

511 1524 590 1575 44.
633 1522 777 1573 Troio
810 1521 1029 1570 auctore
1062 1517 1124 1566 N.
1163 1512 1378 1565 Heinsio
1412 1511 1465 1560 F.
1508 1535 1563 1544 -
1602 1508 1683 1557 45.
1722 1505 1994 1555 Merionen»
2026 1504 2116 1552 ST.

382 1761 435 1808 in
468 1754 687 1807 vasibus
710 1753 925 1804 Graecis
948 1752 1106 1802 etiam
1134 1743 1422 1798 ΟΔΤΤΕΥ.

385 1830 626 1884 Gerhard
664 1831 869 1892 Vasenq.
905 1840 961 1891 p.
1000 1825 1099 1888 49.)

447 1909 496 1957 8.
531 1906 723 1967 Pelopis
755 1902 970 1965 domun]
1013 1913 1080 1950 ex
1113 1898 1264 1948 cuius
1299 1895 1429 1946 faci-

383 1972 602 2024 noribus
636 1970 1073 2033 argumentorum
1105 1963 1427 2026 tragicorum

383 2048 537 2110 longa
588 2046 757 2096 series
808 2040 1107 2092 ducebatur
1148 2049 1320 2100 usque
1361 2033 1429 2083 ad

384 2124 651 2171 Oresteas.
723 2118 1055 2167 «Oenomaus
1092 2113 1234 2163 enim
1269 2124 1300 2160 a
1336 2122 1431 2172 ge-

384 2208 514 2245 nero
533 2192 746 2256 Pelope,
766 2191 1028 2252 Thyestae
1048 2186 1201 2237 liberi
1222 2184 1290 2234 ab
1317 2184 1431 2234 eius

385 2269 543 2319 imtre
576 2269 765 2326 Atreu,
811 2266 1004 2315 Atreus
1048 2261 1116 2311 ab
1160 2259 1429 2322 Aegistho,

383 2345 748 2405 Agamemnon
772 2353 803 2388 a
823 2336 1268 2401 Clytaemnestra,
1294 2333 1430 2382 haec

386 2418 442 2465 et
471 2415 752 2478 Aegisthus
786 2411 996 2462 adulter
1029 2409 1097 2460 ab
1134 2410 1319 2459 Oreste
1344 2419 1434 2457 oc-

387 2493 479 2542 cisi
513 2492 654 2550 sunt,
692 2490 906 2538 Orestes
939 2488 1053 2551 ipse
1078 2499 1109 2534 a
1132 2484 1297 2534 Furiis
1320 2481 1432 2546 agi-

389 2569 579 2616 tatus.»
616 2565 860 2614 Domum.
902 2590 958 2597 —-
996 2561 1218 2610 Videtur
1252 2560 1431 2607 autem

387 2640 469 2690 his
502 2638 682 2689 verbis
717 2638 882 2701 ipsius
924 2636 1066 2685 Varii
1107 2632 1431 2697 tragoediam

388 2714 676 2775 Thyestem
711 2711 1027 2775 significare.
1089 2709 1339 2761 Ceterum
1363 2705 1431 2755 de

392 2786 723 2852 Cyclicorum
775 2782 1026 2848 Νόστοις
1076 2781 1237 2834 nolim
1280 2780 1435 2844 equi-

393 2863 518 2913 dem
549 2862 637 2911 hic
673 2863 930 2925 cogitare,
968 2863 1027 2911 ut
1055 2859 1294 2910 fecerunt
1326 2854 1430 2905 alii.

392 2938 501 2987 Hoc
549 2936 724 3000 potius
766 2935 1027 2998 significat
1067 2933 1136 2984 ad
1175 2932 1435 2995 tragicum

393 3024 558 3074 genus
592 3025 700 3061 non
738 3012 915 3061 minus
949 3021 1235 3059 nervorum
1268 3004 1436 3056 subli-

393 3087 692 3149 mitatisque
727 3098 890 3149 quam
924 3084 994 3134 ad
1028 3084 1261 3133 carmina
1284 3082 1436 3145 epica

395 3174 607 3223 requiri.

459 3235 507 3284 9.
542 3233 780 3297 grandia]
820 3234 1171 3295 «argumenta
1207 3231 1357 3295 epica
1383 3231 1439 3279 et

398 3308 591 3371 tragica
635 3308 826 3357 nostris
868 3306 1069 3356 viribus
1102 3307 1435 3369 superiora.»

461 3382 540 3431 40.
578 3381 800 3446 Imbellis]
828 3382 965 3430 «otio
987 3382 1193 3430 tantum
1217 3382 1271 3429 et
1294 3392 1441 3430 amo—

399 3455 544 3506 ribus
578 3458 785 3520 aptae.»
816 3481 871 3490 —
897 3455 1041 3518 lyrae
1068 3457 1219 3506 Musa
1243 3455 1436 3518 potens]

398 3532 456 3580 ut
487 3529 583 3580 Od.
624 3531 672 3591 4,
710 3529 759 3588 3,
799 3530 856 3578 4;
903 3530 1023 3580 diva
1058 3535 1232 3592 potens
1265 3530 1433 3591 cypri.

463 3605 541 3654 42.
578 3602 804 3654 Tralatio
837 3618 867 3653 a
902 3602 1134 3665 metallo,
1171 3603 1315 3668 quod
1337 3616 1438 3652 usu

402 3678 662 3739 detor-itm,
709 3680 1025 3728 extenuatur
1057 3691 1121 3728 ac
1154 3676 1437 3742 splendore

400 3754 651 3816 privatur.

467 3826 544 3876 43.
602 3827 737 3891 Οωζς]
774 3828 1163 3877 Sententiarum
1196 3828 1439 3878 iunctura

402 3902 536 3951 haec
569 3903 675 3952 est:
733 3903 885 3952 «Non
931 3904 1013 3952 est
1047 3902 1225 3951 autem
1261 3902 1439 3952 euius-

402 3977 481 4026 vis
528 3977 751 4026 Martem
801 3977 978 4040 ipsum
1035 3979 1089 4027 et
1135 3976 1439 4040 praeclaros

402 4048 516 4101 illos
549 4051 740 4102 heroas
770 4051 1099 4112 Homericos,
1135 4051 1327 4115 quibus
1349 4065 1442 4115 pa-

404 4137 492 4173 res
523 4136 621 4173 vos
662 4126 815 4185 estis,
861 4125 1080 4188 dignum
1122 4126 1175 4176 in
1218 4124 1440 4176 modum

406 4197 704 4257 celebrare;
742 4198 796 4249 id
828 4198 974 4263 quod
996 4202 1176 4251 tamen
1197 4203 1441 4265 praesta-

408 4270 483 4321 bit
514 4271 699 4323 Varius
730 4287 938 4324 meus.»
988 4301 1042 4313 -
1086 4274 1318 4338 Martem]
1362 4277 1439 4325 De

1502 1751 1681 1803 Martis
1747 1745 2064 1812 imaginibus
2130 1745 2358 1809 antiquis
2422 1743 2545 1793 vide

1502 1823 1950 1877 Raoul-Rochette
1999 1822 2137 1871 Mon.
2184 1821 2315 1869 ined.
2360 1832 2414 1883 p.
2460 1819 2541 1868 54.

1505 1912 1658 1962 seqq.
1719 1898 1951 1948 Homero
2008 1898 2092 1946 est
2137 1889 2548 1965 χαλκεοθώρηξ

1503 1974 1578 2024 Ex
1612 1970 1779 2022 altero
1812 1984 1929 2021 voc.
1957 1970 2238 2021 Homerico
2271 1968 2549 2029 χαλκοχι-

1504 2061 1619 2097 των
1642 2047 1814 2096 mica
1834 2044 2170 2096 substituitur
2191 2045 2548 2095 Romanorum

1502 2119 1724 2180 loricae;
1762 2133 2088 2184 quamquam
2109 2120 2332 2169 amicam
2351 2131 2449 2182 pro
2470 2118 2548 2167 lo-

1502 2198 1620 2246 rica
1642 2209 1923 2259 usurpans,
1961 2195 2197 2255 minime,
2234 2197 2295 2244 ut
2314 2190 2548 2244 nonnulli

1505 2271 1704 2335 opinati
1728 2271 1869 2330 sunt,
1905 2269 2191 2333 improprie
2215 2266 2422 2317 locutus
2445 2267 2544 2327 est,

1505 2345 1770 2409 siquidem
1804 2345 1973 2394 Varro
2007 2344 2063 2393 L.
2101 2344 2158 2394 L.
2201 2344 2251 2403 5,
2295 2341 2376 2393 24.
2422 2341 2549 2391 lori-

1504 2433 1619 2469 cam
1653 2432 1720 2469 ex
1753 2416 1923 2468 anulis
1946 2418 2242 2468 consectam
2266 2418 2422 2466 vocat
2449 2416 2551 2479 sor·-

1501 2509 1647 2546 ream
1699 2496 1938 2545 tunicam.
2026 2494 2247 2543 Adamas
2263 2531 2280 2554 ,
2334 2494 2548 2556 proprie

1504 2569 1772 2633 poeticum
1810 2568 1929 2617 ferri
1965 2570 2020 2617 et
2052 2566 2317 2630 chalybiS,
2363 2568 2548 2630 postea

1504 2643 1694 2707 lapidis
1727 2643 1942 2705 pretiosi
1967 2655 2180 2700 nomen,
2216 2640 2303 2690 vel
2332 2643 2551 2703 propter

1507 2720 1717 2781 gratum
1751 2729 1944 2765 sonum
1986 2729 2017 2764 a
2055 2715 2226 2779 poetis
2266 2716 2552 2777 usurpatur

1506 2804 1603 2856 pro
1636 2791 1792 2854 ferro,
1829 2803 1959 2839 aere.
2016 2789 2156 2851 Virg.
2191 2791 2322 2838 Aen.
2350 2788 2398 2849 6,
2424 2788 2547 2837 552:

1505 2867 1661 2916 Porta
1692 2866 1906 2914 adversa
1936 2865 2110 2927 ingens
2140 2863 2391 2924 solidoque
2419 2863 2551 2910 ada-

1507 2945 1679 2990 mante
1710 2939 1983 2989 columnae.
2031 2939 2268 3001 Propert.
2307 2937 2355 2998 3,
2385 2937 2464 2996 44,
2490 2937 2546 2986 9:

1510 3014 1697 3065 Colchis
1716 3015 1991 3078 flaqramcs
2011 3013 2344 3061 adamantina
2363 3010 2452 3060 sub
2467 3012 2551 3060 iw-

1508 3102 1579 3153 9a
1627 3093 1800 3137 tauros
1848 3087 1980 3149 Egit.
2059 3084 2330 3136 claudian.
2390 3086 2548 3135 Cons.

1510 3161 1668 3212 Prob.
1707 3164 1761 3211 et
1792 3159 1975 3223 olyhr.
2021 3160 2109 3210 99:
2165 3161 2374 3210 Mavors
2420 3160 2553 3208 ada-

1508 3241 1677 3285 mante
1731 3238 1976 3284 coruscat.
2061 3235 2230 3284 Etiam
2288 3235 2339 3283 in
2393 3246 2553 3297 prosa

1512 3311 1749 3360 oratione
1784 3310 2071 3372 usurpatur
2103 3307 2417 3372 plerumque
2442 3309 2553 3356 tro-

1509 3385 1645 3448 pice.
1700 3382 1844 3433 Plato
1895 3384 2047 3444 Gorg.
2102 3382 2214 3431 509.
2272 3384 2332 3431 A.
2388 3377 2554 3445 σιδη-

1513 3462 1637 3529 ροῖς
1701 3457 1800 3506 καὶ
1864 3448 2272 3520 ἀδαμαντίνοις
2336 3451 2549 3521 λόγοις.

1512 3532 1804 3583 Aeschines
1839 3533 2020 3580 contra
2073 3531 2214 3580 Ctes.
2249 3543 2304 3593 p.
2341 3528 2453 3580 478.
2491 3531 2548 3579 R.

1579 3605 1661 3656 ⁴4.
1719 3605 1829 3656 Hoc
1864 3604 2013 3654 dicit:
2056 3605 2381 3654 «Caesarem
2416 3604 2471 3653 et
2500 3606 2554 3652 te

1513 3680 1670 3743 digne
1703 3678 1951 3729 versibus
1985 3677 2258 3728 celebrare
2293 3677 2437 3727 haud
2459 3678 2558 3728 mi-

1514 3769 1613 3806 nus
1648 3753 1859 3805 difficile
1896 3756 1979 3803 est
2001 3766 2164 3817 quam
2188 3753 2400 3802 Homeri
2424 3753 2556 3803 deos

1510 3832 1672 3893 atque
1706 3829 1951 3878 heroas.»

1578 3905 1660 3954 45.
1695 3901 1929 3967 Nigr-mn]
1969 3898 2336 3963 «squalentem
2360 3903 2415 3950 et
2434 3899 2557 3965 pul-

1511 3991 1640 4029 vere
1665 3977 2026 4040 coopertum.»
2060 3973 2172 4024 Val.
2200 3973 2367 4024 Flacc.
2396 3977 2443 4037 4,
2471 3974 2549 4024 43ι

1511 4053 1712 4113 Solymo
1752 4051 2037 4114 uiprantem
2069 4049 2277 4111 pulvere
2321 4049 2551 4112 fratrem.

1518 4153 1573 4162 —
1624 4124 1898 4189 Merionen]
1970 4123 2242 4175 Idomenei
2290 4124 2552 4186 aurigam3

1512 4198 1639 4266 θοῷ·
1673 4192 1994 4261 ἀτάλαντος
2010 4192 2180 4269 Ἄρηϊ
2207 4199 2290 4247 est
2321 4194 2464 4246 Iliad.
2501 4211 2553 4257 v,

1513 4275 1626 4324 528.
1699 4274 1797 4334 Qui
1831 4274 2005 4323 mirati
2046 4275 2169 4323 sunt
2210 4270 2352 4321 hunc
2392 4270 2558 4333 potis-
