3234 4975
637 383 762 448 506

1409 389 1666 441 nomm
1701 391 2054 470 ‹aniissmniiv

892 543 1313 609 Fastidiosam
1359 544 1595 611 desere
1640 546 1895 633 copiam
1938 557 2004 614 et

888 664 1121 731 Molem
1161 666 1590 753 propinquam
1634 666 1917 733 nubibus
1964 667 2222 746 arduis;

2732 673 2808 736 io

974 786 1211 853 Omitte
1256 786 1474 853 mirari
1519 785 1751 855 beatae

1054 908 1326 974 Fumum
1370 919 1436 975 et
1477 928 1639 996 opes
1684 910 2154 998 strepitumque
2205 915 2464 979 Romae.

882 1064 1275 1153 Plerumque
1318 1073 1539 1154 gratae
1584 1065 1891 1134 divitibus
1935 1068 2114 1136 vices

881 1186 1289 1275 Mundaeque
1343 1208 1545 1274 parvo
1591 1187 1714 1256 sub
1757 1187 1893 1255 lare
1936 1209 2297 1278 pauperum

966 1310 1226 1376 Coenae
1270 1310 1411 1375 sine
1455 1308 1705 1376 aulaeis
1749 1320 1816 1376 et
1858 1320 2036 1377 ostro

1049 1429 1398 1497 Sollicitam
1440 1430 1812 1519 explicuere
1855 1431 2145 1499 frontem.

624 1647 746 1709 viia,
778 1653 959 1710 sortes,
997 1649 1127 1712 Quid
1154 1650 1285 1712 potis
1303 1649 1452 1699 Aeaei
1472 1648 1674 1697 moenia

630 1721 851 1786 Teleqoni
871 1720 899 1772 P

690 1797 739 1844 9.
780 1795 858 1845 to.
912 1795 1259 1860 Fastidiosam]
1313 1808 1483 1859 «quae
1534 1807 1672 1844 nan-

585 1905 588 1908 *
623 1882 772 1919 seam
807 1882 871 1919 ac
904 1869 1141 1921 taedium
1172 1871 1359 1934 parit.»
1389 1896 1442 1906 —
1468 1868 1669 1933 Molem]

620 1943 809 1993 turrim
856 1942 1081 2007 (Pala-rt)
1114 1943 1565 1995 Maecenatianam
1616 1944 1668 1993 in

621 2015 754 2067 colle
800 2017 1097 2082 Esquiline,
1157 2032 1187 2069 e
1222 2030 1327 2082 qua
1377 2020 1517 2068 Nero
1564 2019 1670 2067 Ro—

620 2103 741 2140 mae
765 2090 1071 2143 incendium
1094 2093 1338 2157 inspexit.
1363 2093 1522 2155 (Suet.
1540 2094 1663 2142 Ner.

620 2164 720 2226 38.)
779 2166 836 2215 In
877 2166 992 2216 eius
1031 2166 1221 2217 vicinia
1264 2167 1378 2229 ipse
1421 2167 1667 2218 Horatius

619 2240 870 2291 humatus
904 2243 1001 2292 est.
1074 2240 1267 2306 (Solcho
1303 2243 1481 2293 turres
1521 2242 1668 2306 lieren

612 2315 1010 2376 pyramidausoh
1028 2318 1134 2367 und
1154 2318 1588 2381 terrasoensvnniq
1612 2317 1668 2367 in

616 2388 696 2438 die
725 2388 876 2440 Hohe.
925 2391 1226 2442 Bosrrican.
1265 2392 1349 2441 Sic
1378 2393 1564 2456 postea
1589 2391 1669 2441 di-

617 2466 703 2515 cta
748 2467 832 2516 est
872 2466 1058 2517 moles
1098 2467 1410 2530 Hadriana.)
1459 2495 1515 2503 -
1554 2467 1666 2517 Hoc

616 2538 769 2590 dicit:
826 2539 975 2591 «Noli
1015 2554 1234 2606 semper
1274 2543 1472 2592 Romae
1513 2553 1667 2591 com-

616 2615 877 2672 morari;»
931 2614 1129 2666 idcirco
1161 2627 1504 2679 nequaquam
1539 2627 1665 2664 cum

614 2688 828 2751 Nibbyo
852 2688 1084 2753 (Viagyyio
1108 2691 1145 2740 1.
1173 2703 1227 2753 p.
1257 2689 1387 2751 ⁴74.)
1416 2689 1515 2740 hos
1537 2701 1664 2739 ver-

614 2774 708 2812 sus
747 2763 815 2812 ad
851 2762 1190 2826 magnificum
1224 2762 1350 2813 illud
1388 2764 1665 2813 Maecena·

614 2837 679 2887 tis
701 2835 1057 2897 Tiburtinum,
1096 2838 1247 2887 cuius
1276 2838 1565 2900 parietinas
1586 2836 1662 2887 ibi

612 2907 884 2970 describit,
924 2910 1125 2960 referre
1149 2923 1453 2975 possumus.
1486 2938 1541 2947 -
1568 2925 1663 2961 ar-

610 2983 738 3047 duis]
776 2981 1179 3034 «sublimibus»

678 3056 758 3105 it.
799 3057 877 3106 ⁴2.
916 3057 1110 3121 Ontitte]
1145 3058 1359 3108 Minime
1385 3070 1509 3108 cum
1532 3059 1660 3108 Bur-

612 3142 810 3180 manno
843 3129 910 3180 ad
947 3128 1209 3194 Sulpiciae
1244 3134 1350 3182 Sat.
1388 3132 1436 3181 9.
1477 3132 1662 3196 legen-

611 3202 743 3251 dnm
777 3202 818 3251 0
850 3203 1015 3264 mitte,
1052 3217 1178 3255 cum
1215 3205 1489 3256 anacrusis
1522 3206 1659 3258 iam-

609 3276 728 3326 bica
752 3276 804 3325 in
837 3277 941 3326 boc
970 3278 1125 3327 tertio
1148 3279 1399 3343 strophae
1425 3279 1657 3332 alcaicae

606 3363 771 3402 versu
810 3353 1106 3415 reperiatur
1145 3354 1307 3404 etiam
1341 3355 1437 3405 Od.
1467 3357 1523 3415 i,
1564 3356 1653 3417 46,

607 3426 688 3475 49.
736 3425 825 3485 47,
863 3427 910 3475 7.
960 3427 1052 3485 29,
1089 3427 1137 3476 7.
1183 3426 1273 3490 37,
1314 3429 1393 3479 ⁴5.
1453 3429 1549 3480 Od.
1592 3431 1652 3491 2,

605 3499 660 3560 3,
699 3499 747 3550 3.
786 3500 877 3560 20,
917 3501 996 3550 Η.
1028 3528 1083 3537 -
1110 3501 1298 3567 beatae]
1334 3502 1653 3567 «opulentae

605 3587 670 3624 ac
705 3572 1068 3638 splendidae.»
1117 3604 1170 3612 -
1207 3578 1652 3641 mirari-Famam]

605 3643 761 3719 παρὰ
778 3646 1149 3719 προσδοκίαν,
1176 3653 1310 3702 Nam
1326 3653 1510 3702 miram·
1532 3665 1655 3716 pro-

600 3723 716 3786 prie
750 3722 981 3774 refertur
1001 3724 1067 3774 ad
1091 3738 1207 3788 opes
1228 3725 1524 3786 dumtaxat3
1564 3739 1654 3777 ve-

602 3808 726 3846 rum
759 3797 857 3847 has
891 3799 1214 3850 comitantur
1247 3801 1420 3851 omnis
1442 3802 1652 3863 generis

1748 1648 1963 1711 proprie
2006 1649 2378 1713 accipiendum
2424 1654 2524 1703 est.
2596 1654 2799 1704 Seneca

1748 1722 1844 1787 Ep.
1872 1721 1995 1774 ⁴04:
2019 1726 2804 1790 utprtnmyravitatomurbis

1746 1797 1933 1847 messi
1977 1803 2026 1848 et
2072 1798 2215 1848 illm
2259 1801 2462 1850 odorem
2511 1801 2800 1852 culina-mn

1747 1873 1849 1921 cet.
1892 1898 1948 1908 —
1986 1873 2235 1935 sareptam
2266 1886 2372 1925 non
2405 1876 2490 1926 est
2513 1876 2798 1939 «strepitus

1745 1944 2111 2010 tumultusque
2179 1948 2544 1999 conviviorum
2605 1948 2799 2000 lautio-

1745 2032 1916 2081 rum»,
1941 2022 2002 2070 ut
2022 2019 2258 2071 nonnulli
2278 2020 2479 2082 volunt,
2506 2024 2603 2074 sed
2629 2026 2796 2074 «stre-

1743 2093 1885 2157 pitus
1919 2092 2004 2144 ille
2038 2093 2190 2147 Urbis
2228 2098 2520 2148 nocturnus
2553 2111 2617 2148 ac
2653 2098 2796 2148 diur-

1743 2179 1914 2228 nus»,
1950 2167 2019 2218 de
2054 2179 2164 2231 quo
2196 2169 2517 2221 lamentatur
2556 2172 2685 2236 Epp.
2729 2174 2791 2234 2,

1809 2354 1887 2403 43.
1930 2354 2008 2404 ⁴4.
2050 2355 2197 2417 vices]
2242 2356 2672 2408 «vicissitudines
2706 2358 2789 2407 in-

1743 2429 1825 2478 ter
1859 2441 2128 2480 summam
2164 2431 2401 2495 copiam,
2452 2444 2557 2496 qua
2602 2431 2790 2483 divites

1741 2503 1933 2553 cotidie
1969 2503 2130 2555 veluti
2165 2505 2492 2567 obruuntur,
2532 2507 2585 2555 et
2618 2508 2787 2558 vitam

1741 2576 2121 2641 simpliciorem
2177 2579 2303 2643 ipsis
2357 2592 2618 2644 persaepe
2672 2579 2789 2644 pla·
2871 2612 2884 2617 -

1742 2654 1924 2702 cent.»
1982 2682 2035 2689 -—
2088 2654 2336 2719 Mundae]
2391 2657 2634 2713 «tersae,
2688 2654 2787 2706 sed

1742 2725 2022 2789 frugales.»
2081 2729 2187 2778 Sat.
2221 2729 2279 2790 2,
2324 2729 2382 2789 2,
2425 2730 2516 2778 65:
2570 2730 2790 2780 Mundus

1739 2801 1858 2861 erit,
1896 2802 1983 2862 qui
2015 2815 2115 2851 non
2148 2804 2358 2865 offendet
2388 2800 2615 2852 sordibus
2636 2809 2787 2866 atque

1736 2875 1795 2924 In
1827 2880 2064 2925 nazaram
2088 2880 2293 2938 partem
2324 2877 2485 2926 cultus
2514 2878 2682 2927 miser.
2725 2906 2779 2914 —

1731 2950 2038 3012 menan]
2051 2948 2173 2999 «ubi
2185 2963 2309 3000 cum
2322 2948 2671 3015 locupletibus
2685 2950 2784 3003 illis

1737 3025 2168 3087 comparentur.»
2204 3024 2428 3074 Omnino
2457 3028 2565 3076 tres
2587 3025 2784 3089 gradus

1736 3098 1919 3148 statuit
1949 3098 2155 3147 Seneca
2190 3096 2258 3148 de
2299 3097 2580 3163 Tranquill.
2618 3113 2703 3150 an.
2729 3100 2777 3150 8:

1729 3175 2107 3236 paupertatem,
2144 3171 2393 3233 inopiam,
2434 3178 2712 3237 egestam.

1802 3286 1880 3335 ⁴5.
1921 3283 2001 3334 ⁴6.
2055 3283 2161 3333 sine
2192 3283 2399 3348 aulaeis]
2441 3282 2547 3335 Cir.
2584 3284 2776 3343 Sat.2‚

1732 3358 1791 3419 8,
1828 3356 1939 3417 54„
1985 3356 2077 3407 ubi
2123 3356 2329 3407 Schol.:
2394 3357 2780 3408 «Consuetudo

1731 3432 1876 3495 apud
1911 3431 2157 3494 antiquos
2191 3429 2313 3487 init,
2359 3434 2417 3479 ut
2450 3429 2636 3481 aulaea
2675 3431 2778 3482 sub

1731 3517 1975 3555 cameras
1997 3504 2304 3563 tenderent,
2331 3506 2414 3567 ut,
2441 3505 2486 3555 si
2509 3504 2638 3567 quid
2661 3502 2780 3569 pul-

1730 3579 1871 3629 veris
1913 3578 2164 3638 caderet,
2217 3576 2286 3627 ab
2329 3578 2456 3641 ipsis
2501 3579 2778 3642 excipere-

1732 3655 1867 3702 tur.»
1919 3680 1972 3688 —
2020 3657 2211 3702 ormam
2258 3651 2519 3714 significat
2568 3655 2778 3716 stragu-

1730 3726 1834 3777 lam
1869 3728 2104 3786 vestem,
2159 3726 2532 3790 peristromata
2572 3738 2778 3790 purpu-

1729 3813 1838 3851 rea.
1877 3801 2019 3863 Virg.
2058 3802 2187 3851 Aen,
2224 3802 2277 3859 5,
2319 3799 2439 3849 m:
2488 3805 2623 3850 ostro
2655 3801 2776 3850 Por-

602 3869 907 3930 molestiae;
946 3885 1010 3922 ex
1046 3872 1243 3936 quibus
1266 3876 1648 3936 memorantur,
1725 3876 1869 3939 ῥιιεαο
1888 3881 2063 3935 vastos,
2102 3888 2133 3924 a
2155 3888 2206 3925 v.
2235 3867 2516 3943 ὄστρειον,
2542 3885 2622 3937 pr.
2649 3886 2776 3925 suc-

601 3957 740 4009 quae
776 3946 1007 3997 maxime
1045 3947 1096 3996 in
1130 3960 1322 3998 sensus
1357 3948 1648 4009 incurrunt,
1729 3962 1823 4000 cus
1866 3950 2085 3999 muricis
2130 3950 2353 4012 eiusque
2395 3946 2541 3997 color
2569 3961 2776 4013 pnrpu-

597 4021 764 4083 fwmas
797 4022 853 4070 et
872 4021 1119 4083 strepitus.
1159 4022 1373 4071 mmm»
1394 4022 1478 4071 vix
1503 4022 1650 4071 recte
1728 4036 1870 4075 reus.
1911 4024 2144 4087 bottiger
2176 4023 2241 4073 kl.
2269 4023 2411 4073 Schr.
2440 4024 2476 4073 1.
2504 4034 2624 4086 pag.
2651 4020 2769 4072 424:

600 4094 955 4160 explicaveris
978 4095 1207 4159 tropice:
1239 4108 1463 4146 «vanam
1486 4096 1653 4147 hono·
1727 4097 1926 4149 aulaeis
1961 4101 2016 4149 et
2060 4101 2207 4150 ostro
2251 4098 2385 4147 nicht
2424 4096 2609 4147 aulaea
2645 4109 2774 4159 pur-

600 4171 671 4220 ris
690 4184 753 4220 ac
778 4169 1038 4221 felicitatis
1060 4171 1301 4233 speciem
1314 4186 1358 4229 »ς
1387 4183 1478 4219 «sa
1498 4176 1652 4221 trom-

1727 4184 1917 4236 purea,
1955 4175 2169 4223 :ondam
2202 4170 2387 4223 aulaea
2421 4172 2534 4221 sind
2564 4172 2643 4221 aio
2675 4183 2773 4219 wn-

591 4257 743 4307 pemo
773 4245 979 4307 nance»
1035 4244 1048 4306 i,
1066 4242 1511 4308 Vanderbourg.).
1550 4245 1648 4296 sed
1726 4252 1801 4296 ter
1835 4247 1922 4297 der
1957 4247 2116 4298 Docke
2148 4251 2546 4310 ammomum
2575 4245 2774 4296 monk-
