3234 4975
1213 428 1330 477 Lm.
1370 429 1428 476 ΙΙ.
1502 428 1560 476 C.
1598 426 1727 475 XIV.

2467 419 2590 482 289

851 585 1049 672 Rugis
1093 594 1158 649 et
1200 583 1453 648 instanti
1498 592 1801 648 senectae

934 703 1172 770 Afferet
1215 702 1696 790 indomitaeque
1740 702 1967 776 morti,
2002 737 2087 748 —

766 866 938 941 Non,
986 862 1040 928 si
1084 862 1392 939 trecenis,
1438 869 1758 949 quotquot
1799 867 1954 925 eunt
1996 856 2166 929 dies,
2556 858 2595 918 5

768 984 1022 1061 Amice,
1069 982 1290 1070 places
1336 979 1840 1047 illacrimabilem

851 1103 1121 1170 Plutona
1164 1103 1401 1179 tauriS‚
1449 1103 1561 1190 qui
1605 1112 1705 1168 ter
1747 1099 2031 1188 amplum

945 1225 1292 1313 Geryonen
1337 1223 1699 1311 Tityonque
1744 1222 1902 1287 tristi

562 1388 612 1437 3.
647 1387 885 1437 Ruris‘l'.
928 1386 1069 1434 —5.
1109 1385 1309 1433 tricenis
1352 1381 1568 1441 Bchd‚
1617 1381 1926 1431 trecentisS.
1970 1380 2111 1430 -6,
2143 1381 2435 1444 placens‘l'.
2478 1408 2534 1418 —

496 1460 909 1511 Mammabilem
956 1458 1128 1509 BSTd.

497 1537 552 1586 et
584 1534 752 1586 Bentl.
793 1536 924 1597 (Non
958 1534 1076 1595 ΒΤ.)

431 1687 653 1739 prorsus
702 1675 935 1724 enormis
983 1672 1228 1722 videatur
1277 1672 1479 1736 hyper-

433 1747 583 1808 bola,
622 1746 736 1811 lege
774 1749 881 1797 Liv.
919 1749 1011 1807 22,
1050 1748 1141 1796 ⁴0:
1191 1746 1346 1795 bubus
1375 1746 1480 1795 Iovi

433 1824 660 1873 trecentis
700 1822 815 1872 fleri
857 1824 1042 1872 votum
1077 1823 1187 1882 est,
1241 1848 1295 1858 -
1345 1821 1476 1885 etoett]

436 1896 764 1961 «procedunt
813 1899 973 1959 atque
1026 1896 1179 1947 nobis
1225 1894 1477 1946 abeunt.»

434 1971 566 2035 Epp.
588 1971 646 2030 2,
671 1971 730 2030 2,
756 1972 846 2020 55:
885 1968 1481 2035 Singuladenobisamc

426 2045 745 2106 praedantur
775 2049 957 2095 euntes.
995 2043 1160 2094 Plaut.
1193 2043 1387 2094 Bacch.
1425 2042 1476 2100 ὅ,

434 2118 493 2177 2,
530 2118 704 2167 85:12
742 2119 871 2168 dies:
904 2119 973 2168 ite
1010 2119 1145 2167 intro
1178 2115 1475 2167 comtum.

436 2192 638 2240 Seneca
686 2191 825 2243 Med.
875 2191 1000 2241 399:
1058 2191 1220 2254 scynis
1265 2189 1345 2236 hic
1391 2187 1482 2237 ibit

435 2264 572 2313 dies?
622 2292 675 2301 —
723 2265 957 2316 Plutonis
1003 2266 1175 2326 imago
1221 2263 1394 2312 exstat
1425 2263 1480 2313 in

437 2338 714 2403 praeclaro
747 2352 876 2390 vase
900 2338 1164 2390 Canusino
1187 2335 1332 2399 apud
1353 2334 1483 2387 Mul-

436 2409 515 2461 ler
546 2413 754 2463 Denkm.
793 2414 832 2463 1.
871 2415 931 2460 N.
969 2411 1082 2460 275.

502 2525 549 2574 6.
596 2524 776 2586 Amice]
811 2523 1107 2585 postposita
1152 2519 1304 2572 solita
1345 2534 1474 2570 ana-

436 2600 578 2651 crusi
618 2598 770 2659 longa
816 2595 1055 2658 (brevem
1102 2599 1281 2646 tamen
1316 2595 1482 2645 habet

435 2675 488 2722 in
528 2672 686 2721 huius
719 2671 930 2733 generis
970 2670 1215 2721 versibus
1260 2671 1481 2734 quater-

435 2745 650 2807 decies),
688 2745 792 2794 hac
825 2743 1139 2794 allocutione
1174 2745 1339 2794 utitur
1358 2745 1482 2807 post

435 2832 528 2869 eas
543 2857 555 2879 ,
582 2831 720 2881 quae
744 2822 868 2868 sunt
887 2831 938 2867 v.
962 2819 1031 2879 4.,
1059 2819 1182 2881 quia
1201 2832 1264 2868 ea
1283 2819 1481 2869 omissa

434 2896 604 2943 totum
637 2905 855 2943 carmen
891 2905 1072 2942 merae
1104 2893 1482 2956 reprehensio-

435 2968 515 3017 nis
537 2968 777 3030 speciem
811 2966 1055 3017 haberet.
1094 2968 1225 3028 Fuit,
1264 2968 1354 3029 qui
1378 2967 1482 3016 hoc

434 3054 539 3091 non
569 3042 999 3093 animadvertens
1027 3043 1356 3106 proponeret
1381 3042 1485 3091 dies

434 3117 675 3178 danique,
713 3115 860 3178 quod
891 3129 993 3180 per
1024 3129 1083 3165 se
1119 3128 1335 3179 quoque
1360 3127 1484 3179 spe-

435 3192 635 3240 ctatum
686 3189 755 3239 ab
808 3190 953 3239 omni
1007 3191 1220 3254 poetica
1276 3191 1482 3241 ratione

434 3265 658 3314 nimium
692 3266 951 3327 quantum
984 3263 1254 3315 abhorret.
1322 3264 1484 3315 Cete-

434 3349 557 3388 rum
591 3337 686 3387 cfr.
713 3338 809 3387 Od.
835 3338 895 3398 2,
933 3338 993 3400 9,
1030 3339 1088 3388 δε
1126 3338 1292 3388 Amice
1319 3338 1479 3402 Valqi.

439 3439 493 3449 —
547 3412 959 3477 illacrimabilem]
1015 3413 1280 3462 Formavit
1324 3426 1376 3462 v.
1415 3413 1485 3463 ad

435 3487 697 3536 Graecum
737 3480 1089 3557 ἀδάκρυτος,
1133 3480 1481 3550 ἄκλαυστος,

437 3560 559 3623 «qui
593 3563 701 3610 tam
736 3560 903 3612 durus
939 3563 1022 3611 est
1050 3562 1211 3623 atque
1235 3559 1488 3624 implaca-

433 3631 578 3694 bilis,
617 3635 677 3684 ut
708 3634 777 3684 ad
811 3633 1058 3684 lacrimas
1096 3635 1150 3684 et
1182 3634 1486 3684 misericor-

436 3706 579 3757 diam
593 3706 733 3758 nullo
744 3711 903 3773 pacto
914 3709 1243 3759 commoveri
1269 3709 1481 3770 queat»;

438 3779 782 3845 similiterque
835 3781 1017 3832 Plauto
1072 3780 1202 3845 (Mil.
1247 3779 1386 3831 Glor.
1429 3782 1481 3841 2,

438 3856 495 3915 6,
544 3854 645 3916 63.)
696 3857 1028 3921 incoyicabilis
1076 3859 1182 3917 est,
1237 3857 1326 3919 qui
1377 3867 1483 3904 non

437 3928 649 3990 cogitat.
685 3928 794 3979 Alia
811 3930 1190 3995 significatione
1214 3929 1488 3993 usurpavit

502 4113 550 4162 7.
614 4117 692 4162 ter
745 4116 1079 4182 amm]
1055 4111 1481 4187 τρισώματον,

437 4184 626 4251 triplici
670 4188 971 4255 eodemque
1017 4192 1214 4255 ingenti
1260 4202 1483 4256 corpore

436 4263 791 4326 praeditum.»

611 4356 793 4402 flotin.
830 4369 938 4402 vot..
977 4358 1008 4402 l.
1072 4369 1132 4402 tn
1163 4368 1317 4402 aaron
1349 4356 1416 4400 111.

1181 1485 1234 1494 —-
1283 1458 1331 1506 7.
1369 1456 1717 1506 PlutoniaeT.
1768 1482 1821 1491 -
1861 1454 1909 1503 8.
1948 1454 2226 1515 Geryonem
2265 1454 2426 1515 bScd,
2432 1456 2538 1506 LCt

1623 1671 1670 1720 8.
1728 1668 2004 1733 Geryonen]
2041 1670 2356 1731 Chrysaoris
2391 1672 2445 1719 et
2479 1668 2600 1719 Cal-

1552 1744 1778 1795 lirrhoes
1813 1742 1996 1802 filium,
2032 1741 2278 1803 βασιλέα
2307 1736 2602 1810 Ἐρυθείας

1552 1816 1658 1884 τῆς
1700 1814 1887 1883 νήσου
1933 1814 2039 1883 τῆς
2081 1815 2185 1867 νῦν
2218 1814 2464 1888 Γάδειρα
2496 1833 2603 1867 κα·

1553 1891 1853 1957 λουμένης.
1914 1891 2086 1942 Schol.
2144 1889 2272 1942 Plat.
2320 1904 2441 1957 pag.
2484 1891 2599 1942 942.

1552 1966 1648 2015 Ed
1676 1968 1909 2017 nostrae.
1959 1966 2139 2029 Eurip.
2166 1966 2322 2016 Herc.
2350 1965 2450 2016 sur.
2476 1964 2600 2016 424.

1552 2031 1774 2109 υδραν-
1745 2039 2020 2101 -βέλεσιν
2074 2034 2441 2104 ἀμφέβαλλε,
2500 2035 2605 2090 τὸν

1547 2110 1920 2201 τρισώματον
1985 2108 2138 2164 οἷσιν
2200 2108 2340 2165 ἔκτα
2402 2109 2603 2185 βοτῆρ

1547 2182 1861 2257 ’.Ερυθείας
1888 2189 2097 2239 Lucret.
2125 2189 2181 2248 5,
2207 2189 2298 2239 28:
2334 2191 2608 2250 tripectora

1552 2263 1812 2325 teroemini
1842 2264 1920 2311 vis
1951 2263 2224 2323 Ger-nonar.
2290 2263 2433 2326 Virg.
2470 2266 2603 2313 Aen.

1553 2337 1610 2397 6,
1664 2337 1789 2388 289:
1858 2338 2114 2401 Geryones
2162 2337 2517 2399 Harpyiaeque
2559 2341 2609 2386 et

1551 2412 1721 2475 foma
1768 2411 2063 2474 mcor-poris
2113 2411 2339 2461 νηῶν-(ιο.
2424 2412 2605 2473 Imago

1554 2486 1670 2536 eius
1719 2484 1788 2536 ab
1842 2483 2066 2536 Hercule
2124 2484 2354 2537 confossi
2413 2488 2499 2536 est
2551 2484 2605 2534 in

1551 2561 1776 2609 Momm.
1831 2560 1941 2609 dell’
1989 2561 2107 2609 Ιηει.
2163 2560 2301 2608 arch.
2345 2560 2401 2609 Τ.
2444 2559 2505 2608 V.
2547 2572 2602 2623 p.

1553 2633 1669 2683 234.
1694 2632 1840 2684 Aliae
1874 2635 1927 2684 in
1952 2631 2192 2683 Gerhard
2218 2635 2426 2696 Vasenq.
2451 2633 2514 2682 Π.
2542 2633 2599 2682 Τ.

1555 2707 1682 2757 clv.
1718 2708 1777 2757 B.
1817 2719 1970 2771 seqq.
2008 2706 2087 2756 Ibi
2110 2706 2227 2757 eius
2249 2718 2446 2755 nomen
2475 2706 2605 2755 scri-

1555 2780 1700 2830 bitur
1756 2780 2142 2831 CAPVF'ONES.
2202 2806 2255 2814 —
2312 2779 2605 2843 Tityonque]

1555 2854 1750 2919 Odyss.
1788 2853 1840 2915 λ,
1878 2855 2000 2905 576:
2040 2854 2155 2905 Καὶ
2188 2848 2395 2904 Τιτυὸν
2430 2849 2603 2914 εἶδον,

1554 2929 1733 2995 Γαίης
1765 2927 2055 3000 ἐρικυδέος
2089 2924 2272 2979 υἱόν·
2292 2925 2463 2993 Λητὼ
2493 2923 2607 2998 γὰρ

1556 2997 1813 3071 ἧλκησε,
1865 3000 2002 3067 Διὸς
2056 3000 2272 3075 κυδρὴν
2321 2999 2611 3073 παρακοι-

1555 3080 1964 3144 τιν.1υρρίιοι·
2018 3077 2169 3128 Elara
2184 3117 2196 3139 ‚
2284 3079 2609 3129 orchomeni

1557 3154 1689 3215 filia,
1760 3155 1985 3218 potitus,
2064 3154 2278 3204 Iunonis
2344 3154 2606 3218 suspicio-

1558 3242 1685 3278 nem
1739 3228 1967 3288 veritus,
2027 3241 2148 3278 eam
2198 3229 2251 3276 in
2300 3228 2461 3277 Terra
2508 3226 2608 3277 de-

1557 3302 1703 3352 fodit.
1750 3303 1912 3352 Terra
1954 3302 2153 3364 ingenti
2195 3302 2397 3351 statura
2438 3299 2605 3351 filium

1558 3376 1747 3437 edidit,
1801 3375 1892 3439 qui
1934 3376 2116 3437 Tityus
2158 3376 2460 3424 nominatus
2503 3377 2602 3424 est.

1557 3452 1709 3501 Hunc
1742 3450 1974 3500 Latonae
1999 3461 2183 3498 amore
2207 3451 2424 3512 captum
2447 3448 2605 3510 eique

1556 3525 1666 3574 vim
1701 3523 1893 3573 afferre
1928 3524 2184 3572 conatum
2207 3519 2291 3571 vel
2314 3519 2498 3585 Apollo
2521 3519 2606 3570 vel

1557 3600 1725 3649 Diana
1776 3596 1950 3662 (Pind.
2002 3596 2156 3659 Pyth.
2209 3595 2269 3656 4,
2324 3595 2466 3657 460.)
2520 3593 2607 3645 vel

1558 3672 1720 3723 ambo
1738 3671 1940 3735 sagittis
1956 3670 2286 3721 transfixere.
2312 3671 2371 3720 In
2388 3671 2607 3719 Tartaro

1558 3748 1605 3796 ei
1651 3760 1750 3810 per
1793 3749 1902 3796 tota
1945 3758 2142 3796 novem
2183 3746 2367 3808 iugera
2409 3756 2606 3808 corpus

1557 3822 1857 3885 porrigitur.
1911 3820 2054 3884 Virg.
2100 3825 2231 3871 Aen.
2278 3820 2335 3881 6,
2387 3819 2502 3869 696.
2546 3846 2601 3855 -

1555 3895 1704 3958 tristt]
1738 3895 1878 3958 Virg.
1917 3896 2010 3945 Ge.
2051 3894 2110 3955 4,
2156 3895 2279 3946 478:
2335 3896 2468 3957 Quos
2500 3896 2606 3944 cir-

1556 3981 1672 4017 cum
1703 3968 1849 4017 limus
1879 3968 2025 4031 niver
2058 3972 2104 4017 et
2138 3969 2371 4032 desonnis
2407 3969 2606 4018 arundo

1557 4041 1728 4102 Cocyti
1740 4042 1989 4103 tardaque
2000 4041 2154 4103 palus
2167 4042 2608 4093 tumebit-'sm

1553 4114 1743 4177 Alliyat
1776 4119 1823 4164 et
1854 4116 2021 4165 novies
2051 4115 2182 4176 Styx
2201 4116 2447 4179 &uternam
2466 4119 2608 4166 0004·-

1554 4192 1660 4251 cet,
1730 4188 1926 4239 Horatii
1981 4191 2267 4253 compescit,
2341 4187 2605 4241 «inclusos

1557 4265 1759 4315 tenet.»

2216 4359 2267 4401 49
