3234 4975
1614 407 1871 458 noum!

994 561 1300 629 Romulae
1346 563 1521 649 genti
1564 562 1716 630 date
1761 584 2034 652 remque
2088 563 2469 653 prolemque

1165 684 1242 749 Et
1282 681 1487 751 decus
1533 704 1727 750 omne
1755 686 1768 748 1

995 854 1314 939 Quaeque
1357 871 1480 917 vos
1524 851 1738 919 bobus
1783 862 2132 918 veneratur
2176 851 2338 918 albis

996 972 1223 1040 Clarus
1265 970 1587 1040 Anchisae
1633 973 2036 1061 Venerisque
2080 973 2343 1061 sanguis
2371 1025 2385 1049 ,

2751 975 2835 1037 ἓ

996 1097 1329 1181 impetret,
1377 1093 1663 1161 bellante
1714 1093 1930 1181 prior,
1979 1095 2296 1161 iacentem

1164 1217 1357 1282 Lenis
1403 1215 1470 1280 in
1524 1214 1812 1282 hostem!

791 1414 873 1466 49.
914 1414 1109 1477 Quique
1139 1415 1274 1463 Pott.
1314 1414 1374 1473 9,
1404 1415 1496 1475 45,
1520 1414 1642 1475 22..
1680 1414 1797 1464 LtF.
1840 1414 1919 1477 (Ut
1951 1427 2081 1476 nos,
2118 1413 2246 1475 Bbc,
2270 1412 2335 1475 β,
2372 1426 2453 1478 pr.
2491 1429 2526 1462 κ
2563 1417 2648 1464 «et
2679 1413 2768 1463 alii

728 1489 898 1551 duo»,
936 1489 1006 1550 C,
1044 1487 1235 1549 Bentl„
1272 1488 1391 1551 NJ.)
1433 1515 1486 1524 —
1524 1487 1758 1538 bubo-sb.
1790 1515 1844 1524 —
1881 1490 1964 1538 54.
2000 1489 2212 1550 Imperet
2246 1488 2381 1538 Pott.
2414 1487 2630 1553 plures,
2668 1489 2767 1539 LtF

727 1566 852 1626 (nou
875 1562 1025 1625 Bbc).
1065 1564 1140 1613 Ex
1158 1578 1280 1628 μω,
1317 1575 1399 1626 pr.
1436 1578 1472 1612 κ
1507 1565 1562 1612 et
1594 1578 1628 1612 ν
1660 1564 1783 1626 post
1817 1562 2113 1626 Cruquium
2146 1563 2375 1613 con-exit
2398 1561 2680 1613 Bentleius.
2711 1590 2763 1598 -

722 1638 805 1687 52.
842 1638 1028 1688 Laetus
1058 1637 1119 1687 B.

656 1823 881 1877 prorsus
924 1814 1173 1862 contenta
1219 1813 1304 1862 est
1347 1813 1453 1862 vita
1487 1815 1543 1862 et
1581 1814 1706 1863 ante

656 1888 775 1936 acta
818 1886 873 1934 et
914 1898 1006 1946 ea,
1060 1898 1199 1949 quae
1244 1885 1550 1936 etiamnunc
1603 1886 1706 1951 ipsi

657 1971 916 2010 concessa
986 1960 1131 2009 est.»
1200 1957 1524 2010 uouendum
1591 1962 1710 2009 erat

656 2036 880 2098 propter
929 2045 1216 2096 perversas
1268 2031 1523 2084 lectiones
1566 2046 1709 2084 ωπο-

653 2108 804 2158 cmtts
827 2107 1062 2169 placidae
1095 2110 1149 2157 et
1174 2107 1434 2169 placidam
1474 2109 1704 2168 quietem.

665 2209 718 2218 —
756 2181 818 2231 V.
858 2183 907 2231 4.
961 2181 1121 2243 igitur
1160 2182 1317 2232 huius
1351 2182 1604 2246 strophae
1639 2182 1705 2232 ad

656 2256 988 2306 iuventutem
1013 2255 1259 2317 refertur,
1288 2270 1340 2305 v.
1362 2257 1412 2306 2.
1434 2255 1503 2306 ad
1525 2269 1705 2318 senes,

656 2329 853 2393 quibus
900 2330 1002 2380 hae
1050 2330 1198 2394 ipsae
1246 2343 1438 2395 preces
1495 2330 1707 2393 egregie

655 2402 870 2469 placere
906 2403 1204 2464 debebant3
1257 2418 1310 2454 v.
1345 2404 1376 2454 3
1410 2405 1466 2453 et
1497 2403 1545 2454 4.
1584 2404 1709 2454 uni-

656 2491 876 2530 versum
894 2477 1149 2543 populum
1161 2480 1458 2530 Romanum
1475 2477 1712 2543 comple—

656 2555 902 2612 ctuntur-3
955 2566 1062 2617 qua
1095 2552 1464 2604 distributione
1514 2566 1708 2616 magna

656 2639 783 2677 cum
826 2629 940 2676 arte
985 2640 1116 2678 usus
1160 2628 1245 2678 est
1296 2630 1471 2691 poeta.
1514 2652 1569 2663 —
1607 2628 1711 2677 Ro-

654 2701 841 2766 miae]
877 2714 976 2765 pro
999 2701 1289 2762 Romuleae,
1325 2703 1384 2750 ut
1416 2701 1511 2751 od.
1550 2700 1610 2760 t.
1646 2703 1706 2762 5,

658 2777 706 2825 4.
748 2801 804 2812 -
840 2775 1060 2840 remque]
1098 2787 1293 2840 «opum
1326 2775 1705 2826 affluentiam.»

658 2874 716 2885 —
744 2849 1055 2913 prolemque]
1091 2862 1187 2912 qao
1220 2846 1552 2911 colliquescit
1580 2860 1705 2898 cum

654 2936 706 2973 v.
743 2937 861 2988 seq.
921 2924 999 2975 Cf.
1026 2923 1123 2975 Od.
1151 2922 1209 2984 4,
1236 2924 1297 2985 2,
1324 2923 1405 2973 22.
1434 2924 1517 2974 23.

717 2997 896 3049 49-52.
935 2998 1187 3061 Quaeque]
1216 2998 1311 3047 «Et
1343 3011 1507 3060 quae,
1533 2996 1706 3047 boves

654 3070 804 3122 albas
838 3072 1036 3134 (Verss.
1072 3070 1255 3134 Sibyll.
1284 3071 1385 3134 42.)
1422 3070 1575 3123 vobis
1610 3072 1709 3122 im-

655 3144 880 3205 molans,
914 3158 1013 3195 vos
1041 3146 1295 3209 precatur
1317 3147 1602 3208 Augustus,
1641 3157 1706 3194 ea

655 3221 1067 3282 consequatur.»
1104 3220 1349 3270 Caesaris
1372 3219 1590 3283 quidem
1614 3231 1710 3268 no-

655 3308 807 3356 men,
847 3294 965 3357 ipso
999 3291 1316 3344 sine'dubio
1350 3294 1428 3344 sic
1460 3293 1702 3353 volente,

656 3382 756 3434 per
815 3369 988 3418 totum
1054 3380 1276 3418 carmen
1344 3369 1567 3418 tacetur.
1645 3392 1700 3403 —

655 3446 832 3508 Longe
867 3455 998 3493 vero
1032 3442 1308 3508 pulchrior
1329 3445 1413 3494 est
1435 3444 1550 3507 ipsa
1574 3454 1709 3506 quo-

654 3532 760 3583 que
795 3518 1056 3570 sententia
1089 3531 1251 3568 verae
1275 3518 1432 3568 huius
1464 3515 1705 3567 lectionis

654 3594 834 3658 (etiam
868 3592 999 3643 Cod.
1033 3593 1277 3656 Franeq.)
1327 3604 1491 3655 quam
1537 3591 1706 3640 inter-

652 3668 888 3733 polatae:
927 3668 1120 3729 Quique
1141 3667 1465 3728 --lmperen
1503 3666 1704 3716 namin

652 3743 738 3795 illa
773 3744 876 3793 hoc
910 3743 1069 3792 inest:
1112 3753 1281 3803 nquae
1317 3743 1442 3791 vota
1474 3738 1559 3790 ille
1583 3753 1706 3790 sus-

653 3819 780 3883 cipit
828 3830 926 3882 pro
992 3815 1160 3867 salute
1224 3815 1433 3879 imperii
1481 3814 1705 3864 Romani

654 3904 860 3956 proque
877 3891 1233 3954 prosperitate
1246 3901 1467 3940 suorum
1485 3889 1702 3950 civium,

654 3979 719 4016 ea
754 3967 868 4014 rata
902 3964 1097 4024 flant;»
1136 3964 1190 4013 iu
1223 3963 1324 4013 hac
1357 3960 1583 4027 simplex
1625 3962 1704 4011 rei

653 4040 864 4090 divinae
899 4038 1176 4089 faciundae
1220 4037 1445 4096 mentio;
1497 4037 1706 4098 imperet

653 4116 834 4164 autem
884 4112 1172 4177 explicant:
1227 4111 1563 4162 «dominetur
1607 4112 1701 4160 toti

654 4193 920 4239 terrarum
969 4185 1152 4247 orbi»,
1207 4188 1267 4236 ut
1308 4185 1403 4235 Od.
1440 4186 1497 4245 3,
1547 4185 1603 4246 6,
1648 4186 1697 4235 5.

652 4260 1119 4327 interpolationem
1170 4273 1298 4310 vero
1348 4262 1522 4310 ortam
1575 4271 1698 4310 esse

1783 1815 2009 1879 apparet
2041 1826 2109 1863 ex
2130 1814 2460 1876 ignoratione
2481 1814 2831 1864 constructio-

1783 1888 1866 1937 nis
1898 1887 2133 1937 vcncrari
2154 1888 2374 1949 aliquem
2393 1887 2587 1949 eliquata
2611 1888 2686 1949 (ut
2710 1900 2831 1949 pro-

1782 1962 1912 2024 cari,
1931 1974 2152 2023 poscere,
2171 1961 2448 2023 postulare,
2475 1974 2663 2024 roqarc
2683 1962 2831 2024 cet.),

1785 2048 1924 2098 quae
1973 2048 2037 2086 ex
2084 2035 2381 2099 antiquiore
2415 2036 2690 2086 Latinitate
2740 2049 2834 2085 re-

1784 2111 1930 2160 tenta
1954 2112 2038 2159 est
2071 2111 2233 2160 etiam
2256 2109 2325 2159 ab
2348 2112 2408 2160 A.
2435 2111 2664 2160 Caecina
2686 2109 2830 2175 apud

1786 2185 1893 2235 Cic.
1931 2184 2001 2234 ad
2034 2185 2179 2235 Fam.
2217 2184 2272 2245 6,
2311 2185 2370 2233 7:
2408 2185 2496 2245 qm·
2527 2184 2688 2234 mua
2717 2186 2834 2235 daos

1781 2259 2006 2307 usnemu
2053 2262 2168 2307 sinit
2213 2263 2393 2307 contra
2439 2257 2545 2308 einis
2589 2257 2827 2317 salutatu

1785 2330 1970 2394 sicque
2004 2332 2111 2381 Sat.
2137 2331 2196 2391 2,
2233 2332 2291 2393 2,
2330 2331 2452 2383 ⁴24:
2487 2332 2559 2382 Ac
2588 2337 2836 2382 emata

1784 2406 1953 2467 Ceres,
1991 2406 2067 2455 ita
2098 2405 2261 2456 cadmo
2293 2412 2518 2471 sarpa-et
2549 2407 2672 2457 alto.
2716 2408 2824 2456 Sat.

1782 2481 1841 2541 2,
1881 2480 1936 2541 6,
1973 2479 2033 2530 8:
2070 2480 2128 2530 Sa·
2158 2494 2371 2531 veneror
2405 2482 2630 2546 (precor)
2653 2481 2834 2531 stiam

1782 2554 1907 2604 nihil
1936 2554 2132 2604 horum.
2173 2582 2228 2589 —
2253 2555 2511 2616 Anchisae]
2549 2553 2830 2605 Pulchram

1782 2629 2046 2679 Anchisae
2071 2628 2141 2678 ab
2165 2631 2342 2679 Aenea
2367 2630 2419 2679 in
2442 2627 2682 2678 humeris
2703 2641 2833 2692 por-

1783 2703 1875 2753 tati
1909 2703 2196 2765 imaginem
2229 2702 2353 2752 vide
2387 2703 2441 2751 iu
2463 2701 2703 2752 Get-hard
2731 2703 2832 2752 Va—

1781 2790 1917 2840 ma.
1975 2778 2061 2826 111.
2110 2777 2168 2827 Τ.
2218 2777 2457 2826 ccxvn.
2515 2804 2570 2812 —
2624 2776 2833 2827 bdlante

1773 2852 1941 2912 prior,
1963 2850 2162 2915 ·L0m‘s]
2190 2851 2399 2912 «itaque
2421 2850 2503 2900 dis
2535 2850 2830 2902 faventibus

1782 2936 2002 2987 semper
2017 2924 2189 2974 victor
2210 2923 2444 2974 hostium
2472 2924 2691 2985 evadat,
2717 2923 2832 2975 cle-

1783 3000 1993 3049 menter
2015 3001 2220 3058 autem,
2258 3000 2316 3047 ut
2339 2998 2500 3049 decet
2523 2999 2698 3048 virum
2720 2998 2831 3048 for-

1781 3075 1892 3122 tem
1913 3074 2115 3136 pariter
2135 3085 2200 3121 ac
2221 3085 2574 3135 generosum,
2612 3072 2829 3123 domitis

1781 3148 2019 3210 parcat.»
2076 3145 2218 3208 Virg.
2254 3147 2385 3196 Aen.
2427 3147 2486 3207 6,
2523 3145 2648 3197 854:
2699 3148 2832 3197 Par—

1779 3233 1892 3270 cere
1937 3219 2165 3270 subiectis
2196 3224 2244 3269 ot
2285 3220 2530 3270 debellare
2573 3221 2824 3282 anper-laos.

1781 3296 1936 3359 Prop.
1964 3295 2024 3356 3,
2052 3294 2140 3354 49,
2166 3294 2258 3343 28:
2299 3293 2499 3356 (Minos)
2530 3294 2694 3344 Victor
2716 3300 2828 3345 erat

1779 3370 2034 3431 quanwis,
2071 3381 2262 3430 aequus
2293 3369 2348 3417 in
2379 3368 2513 3418 hoste
2541 3369 2655 3431 nait.

1844 3442 2014 3495 64-66.
2041 3443 2229 3503 Modus]
2249 3442 2490 3492 Parthus.
2513 3444 2646 3493 Nota
2664 3456 2829 3506 quam

1781 3519 1934 3567 caute
1982 3518 2155 3566 totum
2202 3528 2303 3579 per
2344 3528 2563 3565 carmen
2608 3529 2829 3568 omnem

1779 3590 2044 3643 bellorum
2075 3590 2333 3651 civilium,
2370 3603 2510 3654 quae
2545 3592 2829 3656 imperium

1778 3663 2177 3726 laceraverant,
2251 3663 2336 3714 vel
2410 3664 2830 3717 occultissimam

1780 3741 2107 3790 mentionem
2157 3738 2358 3788 devitet
2405 3750 2469 3788 ac
2518 3736 2587 3788 de
2632 3739 2831 3788 exteris

1780 3813 2056 3865 dumtaxat
2108 3812 2412 3864 nationibus
2467 3811 2536 3862 ab
2592 3813 2830 3875 Augusto

1779 3888 1994 3941 domitis
2045 3885 2321 3951 loquatur,
2374 3887 2491 3937 tum
2539 3899 2591 3935 v.
2637 3887 2720 3935 57.
2759 3885 2830 3937 de

1779 3962 1884 4013 flde
1931 3976 1997 4012 ac
2041 3974 2177 4026 pace
2213 3960 2282 4010 ab
2324 3960 2520 4010 eodem
2565 3961 2826 4010 restituta.

1783 4063 1838 4074 —
1883 4036 2124 4101 Albanas]
2162 4037 2555 4086 «Romanorum
2594 4046 2662 4084 ex
2695 4032 2830 4084 Alba

1777 4112 1952 4174 Longa
1987 4113 2279 4161 ortorum.»
2321 4135 2374 4147 -
2401 4108 2659 4172 responsa]
2697 4109 2836 4158 «edi-

1775 4189 1859 4234 cta
1891 4182 1976 4234 illa
2008 4184 2143 4235 Iulia
2178 4183 2289 4246 (od.
2322 4183 2382 4244 4,
2421 4184 2509 4243 45,
2546 4182 2669 4245 22.),
2698 4195 2834 4245 quo-

1776 4258 1939 4309 modo
1973 4258 2264 4310 seditiones
2300 4258 2573 4309 intestinas
2609 4268 2833 4320 compo-
