3234 4975
1197 405 1316 455 LIB.
1356 405 1418 454 11.
1490 405 1547 454 C.
1585 404 1715 455 XVI.

2457 404 2581 468 303

745 558 1034 645 Mugiunt
1074 577 1345 633 vaccae,
1398 556 1512 623 tibi
1558 556 1719 624 tollit
1762 558 2072 625 hinnitum

741 681 904 766 Apta
947 677 1282 766 quadrigis
1327 698 1532 766 equa,
1580 688 1645 745 te
1691 678 1792 746 bis
1834 679 1985 747 Afro

911 800 1154 866 Murice
1199 799 1431 866 tinctae

2495 678 2578 742 35

741 956 1029 1023 Vestiunt
1069 954 1295 1023 lanae:
1343 954 1495 1021 mihi
1541 976 1744 1044 parva
1789 976 1940 1022 rura
1994 967 2059 1023 et

746 1076 1052 1164 Spiritum
1098 1076 1328 1143 Graiae
1374 1087 1636 1143 tenuem
1686 1078 2008 1144 Camenae

740 1199 943 1263 Parca
987 1217 1116 1262 non
1161 1195 1440 1263 mendax
1484 1195 1666 1264 dedit
1711 1208 1776 1264 et
1818 1196 2167 1321 malignum

922 1319 1249 1406 Spernere
1293 1316 1540 1406 volgus.

2494 1323 2578 1387 40

537 1496 617 1548 34.
654 1497 735 1548 35.
772 1496 947 1561 ιιεηηεη
974 1498 1095 1546 rum
1127 1502 1252 1559 apta
1284 1497 1339 1546 T.
1384 1524 1438 1533 -
1479 1495 1579 1560 (ιο.
1619 1495 1796 1548 nabet
1824 1496 2003 1560 υοιφκ
2034 1498 2103 1560 c)

404 1655 664 1718 hinnitmn]
721 1655 853 1704 Nota
911 1651 1184 1704 elisionem
1235 1655 1289 1703 in
1343 1652 1449 1703 fine

405 1742 455 1776 v.
492 1728 667 1777 'tinnit'
701 1728 851 1790 Apta.

471 1802 551 1852 35.
587 1802 734 1866 Apta]
761 1815 866 1852 non
891 1802 1148 1862 «iuncta»,
1185 1801 1286 1851 sed
1310 1801 1453 1852 «ido-

407 1890 558 1926 nea».
599 1903 654 1912 —
691 1876 839 1939 equa]
877 1874 1127 1938 Equabus
1161 1875 1214 1924 in
1242 1876 1446 1939 primis,

406 1963 512 1999 non
546 1951 726 2013 cquis,
779 1948 1070 1998 utebantur
1111 1950 1164 1999 in
1200 1951 1451 2000 certami-

407 2023 578 2074 nibus.
634 2024 776 2086 Virg.
824 2026 915 2073 Ge.
957 2024 1012 2083 ⁴,
1063 2023 1152 2072 59:
1211 2025 1451 2074 Eliadum

398 2099 601 2161 palmas
629 2098 814 2160 Epiros
844 2109 1110 2159 equavm.

470 2172 551 2222 36.
587 2172 794 2235 Murice]
843 2170 1009 2235 Epod.
1050 2172 1138 2231 42,
1185 2172 1278 2219 24;
1332 2173 1451 2223 Mu-

403 2247 590 2295 ricibus
624 2247 785 2307 Tyriis
815 2247 1032 2294 iteratae
1061 2246 1249 2294 vellera
1281 2246 1446 2296 lanae

405 2322 534 2384 Epp.
570 2322 628 2381 2,
664 2322 724 2381 2,
764 2320 887 2369 484;
921 2323 1077 2368 vestes
1109 2320 1318 2369 Gaetulo
1338 2334 1449 2369 mu-

403 2395 505 2443 rico
538 2396 737 2455 tinctae,
781 2391 1032 2454 δίβαφα;
1086 2406 1322 2457 purpura
1368 2395 1451 2443 ni—

403 2469 654 2531 gricante.
723 2468 907 2518 Μαι-εκ
942 2480 972 2517 e
1001 2480 1199 2530 genere
1224 2469 1454 2519 testace-

404 2556 582 2604 orum,
621 2542 712 2606 qui
746 2541 815 2591 ad
849 2542 1168 2604 Phoenices,
1221 2543 1447 2601 Africae,

405 2618 693 2667 Laconicae
761 2615 911 2666 litora
967 2617 1035 2666 ab
1094 2617 1450 2670 urinatoribus

405 2691 799 2741 extrahebatur.
880 2692 986 2740 Suo
1036 2703 1185 2741 more
1233 2692 1337 2741 hoc
1379 2692 1450 2741 ita

404 2764 743 2829 amplificavit
758 2766 1000 2815 Lucanus
1019 2766 1100 2825 ⁴0,
1123 2765 1218 2815 423
1235 2780 1245 2814 ;
1274 2767 1451 2814 Strata

402 2840 615 2897 micarum
657 2839 802 2899 Tyrio
835 2852 1051 2900 quorum
1070 2852 1200 2901 pars
1217 2840 1451 2889 maz-ima

400 2914 517 2975 linco
550 2914 700 2963 Cocta
732 2912 837 2974 diu,
870 2914 1014 2962 virus
1045 2927 1148 2963 non
1179 2927 1280 2963 uno
1303 2914 1451 2963 ducit

405 2991 551 3038 abito.
619 2986 752 3037 Vide
787 2988 1099 3037 Excursum.

470 3062 550 3112 37.
579 3075 751 3124 parva
781 3062 1011 3125 rura]«
987 3060 1254 3124 «agellum
1296 3061 1451 3111 Sabi—

405 3149 593 3186 num.»
677 3134 1024 3197 Bacchylides
1093 3137 1296 3198 Fragm.
1364 3136 1447 3185 28.

403 3210 600 3271 Bergk:
638 3202 718 3258 Οὐ
750 3206 911 3268 βοῶν
945 3205 1184 3278 πάρεστι
1213 3205 1448 3274 σώματ,

406 3297 539 3335 cvra
572 3279 808 3367 χρυσός,
844 3297 978 3332 ουτε
1012 3279 1334 3372 πορφύρεα
1355 3280 1454 3334 τά·

403 3371 607 3423 κητες,
666 3351 814 3404 ἀλλὰ
867 3353 1058 3420 θυμὸς
1112 3352 1358 3422 εὐμενὴς
1420 3356 1446 3411 ΙΙ

404 3427 614 3482 Μοῦσά
648 3445 709 3480 τε
740 3429 976 3496 γλυκεῖα
1017 3433 1116 3481 καὶ
1149 3432 1450 3484 Βοιωτίοι-

405 3521 499 3557 σιν
532 3505 594 3556 ἐν
631 3505 948 3566 σκύφοισιν
985 3518 1143 3565 οινος
1176 3500 1331 3570 ἡδύς.

470 3581 549 3630 38.
576 3578 839 3642 Spiritmn]
866 3576 1315 3642 ἐνθουσιασμόν.
1338 3583 1445 3633 Cfr.

405 3653 501 3703 Od.
538 3652 596 3715 4,
633 3654 690 3714 6,
728 3653 809 3702 29.
871 3652 993 3701 Sine
1030 3651 1277 3703 Camenae
1314 3655 1451 3705 ima—

405 3726 552 3789 gine:
591 3726 926 3777 «facultatem
960 3725 1251 3788 poeticam,
1294 3729 1454 3777 Grae-

405 3801 482 3850 cis
525 3798 622 3850 illis
662 3800 934 3851 veteribus
975 3798 1119 3848 haud
1160 3799 1447 3862 indignam,

406 3874 675 3935 ingenium
704 3877 1016 3938 promptum
1050 3876 1210 3937 atque
1245 3875 1454 3923 animo-

1520 1647 1710 1723 ὁρμῆς
1742 1667 1804 1703 τε
1834 1658 1960 1715 τοῖς
1992 1659 2305 1717 σοφισταῖς
2329 1645 2466 1725 ἦρξε
2488 1685 2520 1696 -
2542 1683 2571 1693 ·

1521 1729 1622 1778 καὶ.
1676 1724 2021 1793 πνεύματος.
2086 1756 2141 1765 -
2195 1731 2405 1796 tenum]
2458 1733 2574 1781 Non

1521 1802 1782 1865 significat
1813 1802 2156 1866 «particulam
2191 1803 2425 1867 aliquam
2461 1805 2574 1854 exi—

1521 1889 1681 1939 guam
1715 1877 1955 1940 spiritus,
1994 1876 2198 1927 vividae
2234 1877 2370 1929 illius
2404 1876 2573 1928 facul-

1521 1952 1643 2001 tatis
1693 1953 2003 2015 poeticae»,
2057 1954 2116 2002 ut
2164 1954 2353 2003 lanum
2404 1953 2577 2003 secuti

1522 2024 1710 2075 salsam
1745 2026 2065 2076 modestiam
2100 2027 2314 2076 Horatio
2338 2027 2578 2077 tribuen-

1520 2101 1602 2149 tes
1629 2100 1863 2161 Eschen,
1890 2101 2093 2159 Preiss,
2131 2101 2387 2163 Schmidt,
2413 2102 2569 2162 VoSS,

1519 2173 1739 2234 Binder,
1778 2176 1972 2223 Garve:
2024 2176 2118 2224 ein
2161 2177 2368 2239 wenta
2402 2176 2575 2226 Geist

1519 2245 1604 2295 vel
1628 2248 1724 2295 ein
1746 2248 2029 2297 Prdblein
2053 2249 2249 2307 Θαίδα
2287 2249 2386 2298 sed
2411 2249 2573 2299 «sub-

1520 2319 1667 2371 tilem
1723 2324 1882 2384 atque
1952 2323 2310 2384 ingeniosum,
2378 2324 2567 2386 sein,

1518 2400 1688 2453 πανιυς
1726 2398 1786 2445 ut
1818 2398 1876 2445 A.
1916 2398 1972 2445 P.
2010 2395 2105 2447 46;
2138 2397 2199 2446 In
2229 2397 2392 2446 verbis
2421 2399 2574 2447 otiam

1519 2469 1680 2519 tenuis
1727 2475 1999 2532 cautis-sque
2042 2472 2275 2522 serendis.
2348 2472 2456 2522 Cic.
2502 2471 2572 2523 de

1520 2543 1605 2591 Or.
1635 2542 1691 2602 3,
1719 2544 1807 2592 52ε
1846 2545 2015 2593 oratio
2038 2546 2276 2606 --plena
2300 2547 2566 2607 quaedam,

1519 2617 2265 2680 scdtamentercsettenuis,
2319 2634 2421 2668 non
2462 2621 2569 2670 sim

1518 2691 1687 2739 nemis
1718 2703 1779 2739 ac
1809 2690 2016 2740 viribus.
2084 2690 2234 2740 Idem
2258 2692 2328 2741 ad
2350 2694 2456 2742 Att.
2486 2694 2569 2752 42,

1520 2765 1577 2813 6:
1615 2769 1810 2813 tenuem
1841 2765 2091 2834 θεωρίαν
2114 2777 2240 2815 mox
2270 2768 2427 2815 vocat
2448 2779 2575 2815 acu-

1519 2842 1626 2887 toem
1648 2842 1694 2887 et
1712 2851 1936 2901 gravem.
1976 2837 2226 2889 Martialis
2251 2840 2307 2900 6,
2346 2837 2440 2900 64,
2482 2839 2569 2888 ⁴7:

1520 2918 1688 2962 tenues
1736 2913 1978 2974 Athenae,
2032 2912 2294 2976 similique
2345 2913 2573 2976 imagine

1521 2984 1652 3036 Plin.
1692 2987 1824 3051 Epp.
1864 2988 1922 3047 2,
1960 2950 2016 3036 3.
2058 2988 2315 3051 praefatio
2347 2987 2570 3051 gracilis.

1521 3063 1780 3124 panegyr.
1818 3063 1873 3112 in
1907 3062 2082 3113 Pison.
2118 3062 2245 3112 23οε
2282 3062 2577 3126 gracilis-u·

1518 3136 1715 3185 Horati.
1754 3134 1919 3186 Aliter
1952 3137 2113 3186 etiam
2147 3138 2436 3186 Baxterus.
2476 3140 2577 3186 «to-

1519 3223 1696 3271 nnam,
1723 3211 1845 3273 quja
1870 3223 1958 3261 res
1982 3210 2211 3273 grandes
2231 3224 2337 3261 non
2354 3210 2571 3273 attigit.»

1522 3284 1628 3333 Sed
1662 3297 1785 3334 cum
1821 3283 1888 3334 de
1924 3288 2031 3335 tota
2064 3288 2389 3335 Graecorum
2423 3285 2574 3347 poesi

1522 3357 1687 3420 lyrica
1722 3357 1985 3422 loquatur,
2022 3361 2339 3409 tenuitatem
2375 3358 2476 3407 hac
2499 3358 2576 3407 si—

1521 3432 1854 3494 gnificatione
1880 3435 1928 3482 ei
1952 3432 2187 3482 tribuere
2211 3445 2317 3482 non
2339 3432 2571 3494 poterat.

1586 3505 1668 3554 39.
1714 3520 1815 3555 non
1854 3507 2090 3570 mendax]
2129 3507 2313 3555 «cuius
2353 3502 2568 3553 decreta

1522 3579 1574 3628 in
1610 3580 1870 3642 cuiusque
1907 3580 2137 3630 hominis
2184 3580 2302 3628 ortu
2335 3588 2576 3640 pronun-

1522 3652 1645 3701 tiata
1699 3654 1905 3702 certum
1955 3665 2175 3716 semper
2215 3649 2419 3700 habent
2461 3650 2576 3699 exi-

1521 3728 1689 3776 tum.»
1759 3727 1936 3777 Carm.
1972 3728 2089 3776 Sec.
2116 3727 2198 3776 25.
2225 3727 2423 3774 Parcae
2449 3725 2575 3774 sunt

1519 3813 1738 3849 veraces.
1765 3800 1978 3850 Persius
2000 3802 2031 3849 5
2049 3838 2062 3860 ,
2099 3798 2164 3849 48
2186 3812 2198 3846 :
2233 3800 2399 3847 Parca
2419 3802 2574 3847 tenax

1519 3874 1644 3921 veri.
1692 3900 1747 3909 -
1781 3873 2077 3936 malignum]
2116 3870 2384 3922 «invidum
2408 3873 2571 3935 atque

403 3959 578 3997 sum.»
614 3946 697 3996 Sic
721 3948 904 3998 Graeci
927 3942 1170 4012 πνεῦμα.
1206 3944 1447 3997 Philostr.
1522 3946 1763 4008 iniquum
1795 3945 2113 4010 plerumque
2138 3946 2192 3995 in
2229 3958 2351 4007 eos,
2388 3945 2479 4009 qui
2518 3946 2571 3995 in

404 4021 506 4070 vit.
555 4020 716 4083 soph.
764 4033 820 4085 p.
865 4020 964 4072 492
1013 4017 1117 4071 θ’.;
1176 4020 1452 4092 Γοργίας·
1523 4016 1879 4083 qualicunque
1913 4031 2111 4083 genere
2147 4017 2460 4071 excellunt.»

1347 4194 1642 4207 -ᾷ
