3234 4975
655 410 777 475 738

1460 413 1717 464 nolum
1752 413 2009 465 EPODON

908 570 1255 655 Postquam
1302 566 1540 635 relictis
1585 559 1927 636 moenibus
1972 591 2087 637 rex
2130 571 2405 658 procidit

905 689 1046 754 Heu
1091 689 1447 775 pervicacis
1493 690 1576 755 ad
1623 690 1828 776 pedes
1872 690 2156 757 Achillei.

908 810 1137 880 Setosa
1179 808 1360 875 duris
1404 830 1647 877 exuere
1690 809 1969 897 pellibus
2752 813 2826 878 15

905 930 1237 997 Laboriosi
1286 930 1566 1016 remiges
1621 930 1827 997 Ulixei·

901 1049 1164 1117 Volente
1212 1050 1396 1117 Circa
1445 1050 1770 1130 membra3
1817 1060 1969 1118 tunc
2012 1072 2195 1119 mens
2239 1062 2304 1118 et
2355 1073 2554 1119 sonus

901 1169 1216 1256 Relapsus
1267 1179 1463 1257 atque
1507 1179 1698 1236 nctus
1752 1169 1815 1234 in
1856 1169 2066 1237 voltus
2116 1170 2340 1238 honor.

899 1288 1062 1355 Dedi
1116 1289 1270 1355 satis
1311 1309 1642 1378 superque
1689 1311 2048 1376 poenarum
2093 1290 2237 1366 tibi,

899 1411 1124 1474 Amata
1171 1407 1382 1474 nautis
1431 1408 1701 1475 multum
1753 1418 1819 1476 et
1863 1409 2279 1477 institoribus.

902 1528 1088 1614 Fugit
1133 1527 1426 1594 iuventas
1473 1538 1537 1593 et
1585 1528 1999 1595 verecundus
2045 1528 2227 1596 color

903 1645 1181 1734 Reliquit
1232 1666 1384 1713 ossa
1430 1646 1600 1733 pelle
1652 1648 1883 1715 amicta
1925 1647 2176 1729 lurida;

776 1818 857 1867 47.
895 1815 1036 1867 Circe
1066 1814 1203 1877 ch,
1249 1813 1469 1866 Bentleii
1504 1828 1693 1867 omnes
1725 1819 1941 1881 praeter
1974 1831 2114 1869 corr.
2149 1817 2210 1882 β,
2235 1819 2358 1871 LCt.
2398 1820 2478 1883 (Ut
2508 1833 2638 1883 nos,
2676 1822 2746 1883 B,

712 1891 943 1942 Pottierii
977 1890 1026 1951 3,
1052 1890 1112 1951 7,
1139 1890 1221 1949 8.,
1258 1887 1500 1940 Valerius
1532 1890 1739 1942 Probus
1772 1905 1826 1956 p.
1866 1892 2010 1944 ⁴446.
2048 1892 2126 1955 P.)
2166 1921 2223 1930 —
2269 1894 2349 1944 48.
2387 1895 2589 1944 Relatus
2619 1894 2749 1957 Bbc,

716 1967 817 2016 LC.
874 1966 952 2028 (Ut
982 1977 1108 2024 nos,
1147 1965 1204 2025 Τ,
1239 1961 1316 2023 βκ
1353 1977 1509 2014 «cum
1544 1966 1781 2029 quinque
1831 1964 1945 2015 aliis
1979 1964 2226 2025 Bentleii,
2281 1968 2370 2030 qui
2421 1979 2544 2017 cum
2594 1969 2743 2018 Torr.

712 2037 984 2103 praetulit,
1021 2039 1154 2087 Pott.
1191 2049 1310 2098 sex,
1349 2037 1504 2100 ms.)
1545 2064 1600 2076 -
1641 2040 1722 2089 49.
1759 2038 1865 2100 tibi,
1904 2039 1945 2088 0
1977 2040 2164 2089 Amata
2197 2038 2433 2090 malebat
2463 2039 2747 2092 Bentleius.

716 2139 770 2148 ——
806 2114 890 2163 22.
928 2125 1041 2162 ossa
1070 2110 1224 2161 Bch
1257 2124 1384 2162 cum
1418 2112 1610 2162 ceteris
1646 2111 1815 2163 Codd.
1852 2114 2018 2173 notis,
2056 2115 2221 2164 LCtF:
2275 2127 2373 2164 ora
2404 2114 2571 2165 Bentl.
2608 2117 2746 2166 coni.

714 2189 769 2237 et
800 2187 868 2237 Μ.
926 2211 981 2222 -
1041 2185 1255 2234 amotus
1303 2186 1370 2246 B,
1407 2201 1508 2246 κν,
1563 2187 1776 2236 amictas
1819 2201 1875 2246 χ.
1929 2186 2169 2250 (Amic-tus
2216 2186 2491 2252 amplexus
2527 2191 2610 2240 est
2643 2189 2752 2239 Cu-

711 2253 888 2323 nin'gh.
929 2260 1039 2309 sic:
1077 2258 1290 2319 Reliquit
1323 2258 1472 2322 (me),
1510 2271 1625 2309 ossa
1650 2260 1781 2321 poue
1812 2261 2025 2310 amem
2058 2260 2209 2324 (sum)
2246 2262 2461 2327 lurida.)

644 2399 838 2449 Priami
880 2396 1132 2461 precihus
1166 2397 1384 2448 tandem
1419 2399 1691 2448 exorato.»

645 2468 779 2522 Illud
812 2472 1044 2522 minatur
1075 2468 1133 2520 11.
1169 2479 1253 2534 ψ,
1292 2470 1414 2521 ⁴82:
1448 2464 1694 2541 Ἕκτορα

1769 2400 1825 2448 et
1874 2398 2153 2461 dignitas.»
2207 2399 2483 2450 Eteniml.
2521 2398 2556 2450 l.
2596 2413 2649 2450 v.
2690 2401 2816 2451 395:

1753 2464 1979 2542 ’Ἄνδρες
2010 2469 2058 2523 δ’
2097 2465 2196 2537 ἂψ
2237 2471 2504 2540 ἐγένοντο
2550 2469 2818 2545 νεώτεροι

646 2543 694 2596 6
723 2560 852 2598 ουτι
877 2542 1060 2595 Δώσω
1075 2542 1403 2633 Πριαμίδην
1435 2545 1572 2616 πυρὶ
1598 2543 1697 2595 ὄα-
1768 2539 1812 2610 ἢ
1849 2543 2035 2617 πάρος
2068 2538 2223 2612 ἦσαν
2255 2546 2370 2598 Καὶ
2402 2543 2550 2598 πολὺ
2584 2547 2819 2600 καλλίο-

625 2621 884 2684 ,πτέμεν,
908 2614 1058 2669 ἀλλὰ
1079 2633 1368 2670 κυνεσσιν.
1399 2643 1454 2655 -
1482 2620 1695 2670 homici-

644 2694 780 2758 dam]
819 2695 907 2745 hic
942 2707 1067 2745 cum
1100 2691 1258 2745 laude
1292 2694 1362 2744 de
1394 2695 1511 2743 viro
1544 2694 1689 2755 forti,

646 2769 740 2832 qui
774 2767 969 2819 multos
1001 2768 1057 2817 in
1080 2767 1294 2831 proeliis
1315 2767 1589 2819 occiderit.
1631 2767 1689 2819 Il.

645 2857 715 2903 α,
751 2841 878 2892 242:
915 2833 1029 2891 εὖτ’
1052 2835 1132 2890 ἂν
1153 2839 1357 2891 πολλοὶ
1378 2836 1477 2903 ὑφ
1497 2834 1696 2892 Ἕκτο-

643 2930 749 2986 ρος
780 2909 1176 2986 ἀνδροφόνοιο
1208 2911 1575 2979 Θνήσκοντες
1607 2917 1696 2967 πι-

643 3002 845 3039 mcum.
882 2988 1108 3039 Theocr.
1137 2989 1227 3049 47,
1264 2988 1354 3038 53:
1393 2984 1694 3050 λαοφόνον

1768 2633 1862 2682 vag
1932 2621 2032 2671 καὶ
2097 2622 2354 2685 μείζονες
2408 2617 2814 2691 εἰσοράασθαι.

1769 2693 1879 2743 flac
1919 2694 2299 2757 significatione
2333 2699 2623 2759 usurpatur
2654 2696 2815 2749 etiam

1766 2768 1819 2816 in
1853 2779 2000 2818 num.
2042 2766 2180 2832 plur.
2224 2769 2366 2832 Virg.
2408 2771 2542 2819 Aen.
2594 2772 2651 2831 4,
2688 2771 2812 2821 59⁴:

1765 2841 1920 2891 laotos
1961 2841 2119 2891 oculis
2161 2842 2373 2906 amarat
2423 2844 2665 2905 honores,
2717 2842 2813 2894 ubi

1766 2916 1944 2965 statim
1978 2914 2192 2966 additur
2223 2917 2385 2967 decus.

1833 2989 2010 3039 49-26.
2034 2989 2160 3039 satis
2177 2990 2442 3054 snper-que]
2468 2991 2615 3043 Cous.
2642 2990 2810 3055 Epod.

643 3057 954 3126 Διομήδεα.
997 3086 1054 3098 -
1085 3061 1319 3125 procidit]
1355 3059 1411 3111 Il.
1449 3077 1522 3122 ω,
1560 3063 1687 3112 54οε
1767 3061 1816 3121 4,
1842 3061 1923 3111 34.
1961 3062 2287 3125 -multumJ
2334 3064 2716 3115 «vehementer
2748 3078 2815 3115 ac

641 3133 805 3186 naz·
858 3129 1055 3195 ἀδινά,
1092 3131 1450 3206 προπάροιθε
1498 3132 1692 3186 ποδῶν
1765 3133 1909 3184 diu.»
1968 3133 2075 3185 Crr.
2114 3136 2267 3187 Hand
2303 3137 2454 3188 Turs-
2492 3138 2575 3187 111.
2610 3150 2665 3200 p.
2690 3138 2807 3188 669.

638 3202 902 3272 Ἀχιλῆος
950 3204 1229 3269 ἐλυσθείς.
1281 3236 1336 3245 -
1380 3208 1513 3273 Heu]
1567 3208 1689 3260 «Ad

640 3282 880 3332 animum
896 3280 1191 3344 respiciens
1208 3280 1532 3344 procidentis
1551 3282 1693 3332 Pria-

638 3355 717 3405 mi
747 3353 817 3404 ad
853 3352 1023 3418 pedes
1054 3352 1269 3404 Achiuis
1303 3353 1374 3403 ob
1408 3354 1691 3418 indignita—

639 3433 753 3480 tem
788 3427 911 3479 facti
944 3428 1048 3479 hoc
1071 3427 1253 3478 dicit.»
1289 3429 1472 3478 Senot..
1510 3428 1692 3478 Refer-

637 3504 728 3553 tur
780 3502 938 3565 igitur
991 3499 1063 3551 ad
1116 3503 1283 3552 totam
1337 3501 1685 3561 sententiam,

639 3590 749 3628 non
793 3574 865 3626 ad
905 3587 1073 3625 unum
1116 3588 1237 3625 voc.
1269 3576 1581 3637 pervicacis,
1633 3574 1687 3625 id

640 3652 749 3711 est,
800 3648 924 3713 «qui
955 3647 1085 3699 alias
1119 3651 1229 3700 tam
1260 3648 1511 3711 pervicax
1544 3651 1685 3709 erat,

638 3726 767 3774 tunc
809 3733 940 3772 vero
983 3721 1178 3772 Priami
1231 3733 1423 3785 preces
1468 3721 1690 3772 exaudi-

639 3798 767 3847 vit.»
807 3820 862 3833 -
898 3794 1174 3858 Laboriosi]
1213 3794 1318 3844 Cfr.
1350 3794 1445 3858 Ep.
1474 3795 1563 3856 46,
1601 3795 1684 3844 60.

645 3897 701 3906 -
733 3869 930 3920 Valente
953 3869 1119 3933 Circa]
1141 3867 1259 3918 vid.
1282 3868 1472 3931 Odyss.
1501 3884 1565 3930 κ,
1590 3869 1688 3920 388

639 3955 759 4006 sqq.
779 3967 834 3979 -
856 3943 1022 4004 sonus]
1051 3955 1183 3992 «vox
1205 3941 1491 3992 humana.»
1515 3968 1568 3978 —
1585 3943 1689 3993 Re-

637 4017 824 4078 lapus]
863 4015 1166 4079 «paullatim
1203 4015 1267 4064 iis
1304 4012 1443 4065 ultro
1476 4014 1686 4065 rediit.»

638 4089 837 4140 nolam
857 4091 1002 4139 esset
1024 4090 1272 4138 «externa
1305 4087 1356 4136 vi
1379 4087 1686 4138 reductus.»

638 4163 745 4213 Cfr.
770 4160 1008 4225 Bentley.
1034 4186 1088 4198 —
1111 4165 1295 4212 notus-
1310 4186 1335 4197 -
1354 4161 1528 4225 honor]
1555 4161 1691 4224 «pri-

636 4237 773 4288 stina
808 4235 1011 4287 formae
1047 4235 1315 4287 humanae
1347 4233 1687 4300 pulchritudo

1769 3208 2184 3272 -mtitov-tbus]
2219 3209 2316 3260 Od.
2353 3209 2409 3271 3,
2448 3210 2502 3270 6,
2538 3209 2617 3260 30.
2678 3211 2813 3260 Sunt

1764 3281 1799 3330 ii
1831 3283 2173 3344 praesertim,
2211 3284 2302 3346 qui
2332 3280 2519 3346 puellis
2547 3282 2813 3334 mundum

1764 3352 2083 3405 muliebrem
2115 3356 2463 3406 vendunt.—
2407 3357 2811 3421 —verocundusl

1766 3426 2124 3479 «rubicundus
2143 3467 2155 3491 ‚
2202 3428 2374 3493 qualis
2406 3431 2548 3482 inest
2590 3431 2644 3481 in
2676 3431 2812 3482 ado-

1762 3499 2115 3563 Ιοεοοιιιῶιιε,
2168 3502 2317 3553 color
2348 3503 2597 3555 discessit
2625 3518 2657 3554 a
2690 3517 2807 3565 me,

1761 3574 1833 3623 ita
1866 3577 1928 3624 ut
1959 3575 2087 3626 nihil
2120 3577 2253 3626 mihi
2284 3580 2565 3628 remaneat
2594 3580 2811 3642 praeter

1762 3660 1884 3698 ossa
1909 3649 2101 3699 amicta
2129 3652 2251 3700 cute
2282 3648 2527 3713 pallida.»
2501 3652 2811 3703 »Moschus

1761 3720 1821 3782 4,
1856 3722 1915 3771 2:
1950 3718 2019 3772 τὸ
2054 3723 2186 3794 πρὶν
2217 3720 2281 3774 δέ
2302 3738 2393 3774 τοι
2415 3718 2525 3775 οὐκ
2546 3717 2679 3774 2¹2²*
2650 3738 2810 3794 ερευ-

1760 3794 1870 3857 θος
1891 3793 2090 3859 Σώζετ
2109 3795 2205 3847 ἐπὶ
2226 3791 2508 3866 ρεθέεσσι.
2542 3825 2597 3833 -
2621 3798 2810 3861 ltu-ida]

1763 3868 2119 3934 «fahlqelbm
2171 3870 2324 3921 Voss
2361 3868 2527 3921 Plaut.
2567 3870 2716 3933 Capt.
2745 3873 2807 3928 4,

1761 3941 1820 4000 2,
1857 3942 1947 3992 25;
1988 3943 2237 4004 Nausea,
2271 3955 2558 3993 consenesco
2590 3948 2638 3993 et
2669 3943 2813 3992 tabe-

1761 4026 1844 4063 sco
1876 4015 2055 4076 animm
2090 4016 2215 4067 ΟΜ
2235 4022 2386 4080 atque
2409 4016 2555 4079 pellis
2574 4029 2686 4066 m
2704 4017 2812 4066 mt-

1763 4099 1844 4137 ser
1882 4089 2232 4140 macr-imatus.
2305 4090 2469 4140 Nimis
2514 4088 2583 4139 ad
2625 4090 2810 4139 vivum

1762 4174 1881 4211 rem
1915 4163 2151 4214 resecuit
2181 4161 2450 4213 Bentleius
2476 4159 2809 4212 contendens

1764 4233 1865 4284 dici
1917 4248 2024 4286 non
2073 4248 2262 4301 posse:
2320 4236 2622 4287 micantius
2670 4234 2809 4284 color

2740 1415 2903 1480 202
