3234 4975
671 409 794 474 448

1425 408 1681 459 HORATH
1718 408 2053 460 CARMINUM

1387 850 2107 915 cmx-11-

758 1024 1135 1090 Miserarum
1179 1032 1280 1089 est
1322 1042 1535 1110 neque
1579 1022 1781 1088 amori
1828 1020 1983 1087 dare
2025 1019 2250 1087 ludum
2293 1042 2506 1109 neque
2552 1021 2723 1088 dulci

755 1144 917 1211 Mala
956 1144 1105 1211 vino
1149 1142 1396 1220 lavere,
1443 1154 1553 1209 aut
1594 1143 1946 1210 exanimari
1989 1151 2350 1209 metuentes

802 1304 1284 1369 xl1.1nscr.volg.
1335 1304 1412 1355 Ad
1453 1304 1733 1365 Neobulen,

1786 1303 1951 1354 etsic
1993 1302 2090 1353 Bb.
2132 1303 2770 1354 —Suavemvitamnon

737 1394 839 1432 esse
869 1382 973 1431 sine
1003 1380 1304 1430 iocunditate
1334 1385 1383 1430 et
1412 1392 1585 1429 amore
1613 1380 1721 1430 STc
1769 1377 1979 1442 (quibus
2013 1392 2044 1429 c
2077 1379 2357 1442 praeponit
2377 1378 2453 1428 Ad
2478 1378 2766 1442 Neobulen).

741 1482 797 1492 -
833 1455 942 1518 Ego
976 1455 1379 1519 inscripseram.
1437 1452 1654 1504 Neobule
1684 1467 1848 1504 secum
1879 1453 2116 1516 loquitur.
2158 1479 2212 1489 -
2251 1455 2298 1502 4.
2335 1466 2425 1502 nec
2459 1453 2623 1503 amori
2660 1465 2746 1517 pr.

734 1527 798 1590 b,
837 1529 903 1591 C,
940 1526 1109 1579 Bentl.
1149 1555 1206 1565 —
1241 1529 1291 1578 2.
1327 1528 1587 1579 metuentis
1619 1528 1712 1577 ST.

734 1670 842 1720 xli.
911 1667 1140 1718 imitatio
1204 1665 1416 1717 videtur
1468 1667 1718 1717 carminis
1793 1681 1961 1717 ουσα.
2029 1664 2373 1730 Asclepiades
2418 1666 2574 1716 Anth.
2619 1664 2726 1717 Pal.
2770 1667 2833 1716 11.

671 1741 876 1804 Alcaei,
930 1742 1081 1792 cuius
1122 1740 1356 1805 primum
1386 1754 1439 1790 v.
1486 1739 1721 1791 servavit

634 1834 639 1849 ⁴
672 1817 994 1881 Hephaestio
1025 1828 1146 1879 pag.
1184 1815 1265 1865 67.
1303 1813 1459 1865 Gaisf.
1497 1813 1623 1878 (Alc.
1661 1828 1715 1878 p.

671 1892 786 1943 585.
811 1890 995 1953 Bergk)
1021 1904 1033 1938 z
1055 1883 1200 1952 ’Ἕμε
1221 1885 1413 1939 declar
1431 1925 1446 1950 ,
1470 1881 1573 1953 ἔμε
1595 1903 1722 1938 παι-

672 1962 785 2015 σᾶν
806 1959 1142 2014 κακοτάτων
1165 1960 1522 2023 πεδέχοισαν.
1559 1962 1719 2014 Multa

672 2042 830 2092 huius
881 2041 1040 2091 metri
1089 2041 1326 2091 carmina
1370 2038 1454 2090 ille
1496 2052 1721 2103 compo-

674 2117 890 2175 suerat;
936 2116 991 2165 in
1032 2127 1139 2165 uno
1173 2115 1393 2179 propter
1438 2112 1720 2164 difficulta-

674 2194 786 2241 tem
819 2187 942 2240 talia
974 2187 1150 2252 lingua
1183 2189 1365 2238 Latina
1397 2187 1497 2238 rite
1542 2186 1722 2239 elabo-

675 2264 830 2316 randi
863 2264 1109 2313 Horatius
1143 2262 1391 2314 substitit.
1461 2263 1535 2312 Ex
1558 2275 1721 2312 versu

674 2338 762 2390 illo
780 2332 926 2402 Ἓμε
955 2334 1075 2387 κτλ.
1112 2335 1404 2400 colligimus
1429 2336 1567 2386 hanc
1590 2349 1722 2400 quo-

678 2425 783 2477 que
844 2424 968 2462 esse
1016 2409 1284 2462 Neobules
1331 2409 1684 2478 μονολογίαν
1702 2446 1717 2471 ,

676 2501 785 2539 non
832 2488 1089 2538 ironicam
1138 2487 1336 2538 Horatii
1380 2486 1449 2537 ad
1487 2484 1722 2551 puellam

675 2562 1076 2624 allocutionem,
1112 2564 1174 2611 ut
1192 2559 1432 2625 plerique
1456 2562 1722 2625 interpre-

676 2642 758 2690 tes
779 2636 979 2688 volunt.
1039 2638 1222 2700 Neque
1244 2649 1373 2686 vero
1396 2635 1611 2687 obstant
1631 2648 1718 2684 w.

681 2713 785 2763 Tibi
818 2712 1025 2774 quaenam
1059 2714 1162 2762 cet.
1185 2749 1197 2772 ,
1237 2723 1362 2761 nam
1396 2713 1449 2761 in
1471 2707 1722 2775 μονολο-

676 2787 827 2855 γίαις
877 2787 1039 2837 etiam
1088 2785 1256 2835 Latini
1304 2787 1525 2835 utuntur
1577 2782 1722 2834 haud

679 2875 802 2912 raro
848 2873 1079 2925 persona
1130 2860 1393 2922 secunda,
1452 2873 1615 2923 quam
1665 2859 1726 2908 ut

679 2936 804 2986 huic
837 2934 1057 2985 carmini
1091 2935 1352 2998 aptiorem
1375 2931 1624 2998 praetulit
1643 2932 1724 2983 sui

681 3008 997 3072 exemplaris
1030 3010 1253 3073 primae.
1313 3007 1479 3059 Plaut.
1520 3006 1721 3072 Epidio.

685 3083 799 3143 ⁴,2
822 3121 833 3144 ,
859 3082 972 3144 58„
1010 3080 1102 3132 ubi
1138 3081 1205 3132 ad
1240 3093 1299 3132 se
1334 3082 1510 3147 ipsum
1543 3080 1726 3146 Epidi-

685 3168 814 3207 cus:
864 3157 1097 3218 Epidico,
1131 3157 1269 3217 vide,
1306 3157 1427 3219 quid
1457 3158 1619 3220 aaa-³!
1652 3155 1730 3205 ita

682 3244 766 3280 res
797 3229 958 3281 subito
979 3230 1100 3281 haec
1120 3230 1352 3281 obiectast
1372 3230 1475 3280 tibi.
1513 3230 1736 3280 Terent.-

685 3305 897 3357 Phorm.
934 3305 994 3366 3,
1033 3306 1092 3366 4,
1131 3304 1152 3354 4
1184 3317 1196 3354 :
1251 3305 1547 3365 Enimvero,
1582 3303 1729 3353 Anti-

680 3381 804 3444 pho,
850 3379 1152 3430 nuatimodis
1175 3392 1292 3429 cum
1324 3379 1447 3430 istoc
1478 3380 1649 3429 animo
1680 3391 1732 3429 es

683 3455 1059 3517 vituperandus.
1131 3452 1318 3504 Catull.
1364 3454 1421 3514 8,
1466 3455 1525 3503 4;
1576 3453 1732 3504 Miser

688 3530 903 3591 Catulle,
956 3530 1153 3579 desinas
1192 3529 1419 3591 ineptire.
1490 3529 1582 3589 54,
1632 3528 1729 3576 47;

690 3606 883 3667 Otium,
937 3604 1155 3666 Catulle,
1207 3604 1295 3653 tibi
1336 3603 1596 3654 molestum
1641 3606 1727 3651 est.

689 3682 802 3730 Ser.
840 3678 1096 3743 Sulpicius
1138 3678 1281 3743 apud
1327 3679 1434 3729 Cic.
1481 3677 1551 3727 ad
1586 3677 1727 3726 Fam.

691 3753 753 3815 4,
791 3755 851 3815 5,
886 3752 943 3804 t:
1004 3754 1146 3802 Visne
1177 3757 1234 3802 m
1265 3757 1337 3814 te,
1374 3752 1548 3813 Servi,
1592 3750 1734 3800 cohi-

692 3826 819 3877 bere.
891 3826 1039 3878 Ovid.
1076 3828 1198 3879 Met.
1234 3827 1293 3887 7,
1338 3826 1434 3876 44;
1493 3826 1732 3884 mora,

691 3902 893 3962 Medea,
916 3913 1184 3965 reptamus.
1223 3902 1415 3950 Lucan.
1441 3902 1491 3963 Ξ,
1518 3900 1645 3950 522:
1670 3900 1738 3948 Et

692 3988 857 4025 secum
897 3974 1215 4039 (Domitius):
1257 3976 1526 4025 Rommne
1556 3978 1694 4037 potos
1709 3972 1737 4024 ?

696 4050 797 4100 cet.
868 4051 1068 4099 Graeca
1101 4047 1344 4113 exempla
1383 4048 1522 4100 adde
1566 4050 1734 4100 haec:

696 4123 870 4188 Eurip.
909 4122 984 4174 El.
1013 4124 1124 4173 ⁴42.
1179 4122 1385 4174 Electra
1419 4126 1592 4175 semet
1623 4125 1737 4188 ipsa

695 4197 994 4262 alloquens:
1048 4193 1323 4258 Συντειιϊ,
1367 4214 1524 4270 ωρα,
1560 4193 1739 4262 ποδὸς

699 4266 905 4344 ὁρμάν·
942 4266 1017 4323 ’Ὠ
1049 4264 1205 4337 ἔμβα
1242 4266 1399 4339 εμβα
1430 4271 1740 4326 κατακλαί-

1790 1754 1911 1805 pag.
1950 1740 2078 1792 463:
2135 1739 2261 1790 Htv'
2280 1776 2296 1802 ,
2325 1733 2711 1805 Ἀσκληπιάδη
2730 1754 2743 1768 ·
2781 1740 2839 1790 τι

1790 1811 1864 1865 τὰ
1895 1811 2118 1886 δάκρυα
2149 1811 2368 1874 rufium
2402 1813 2499 1866 Od.
2524 1815 2585 1876 3,
2621 1815 2684 1865 27
2706 1853 2718 1875 ,
2751 1815 2835 1864 57.

1794 1890 2042 1956 (Tempus
2083 1891 2291 1941 definiri
2339 1890 2542 1953 nequit.
2596 1887 2841 1940 Nonnulli

1793 1964 2030 2014 referunt
2047 1964 2115 2014 ad
2141 1978 2189 2014 a.
2215 1977 2270 2013 u.
2298 1978 2345 2014 c.
2362 1964 2474 2014 725.
2516 1965 2594 2014 De
2616 1963 2840 2013 metrica

1792 2038 1949 2089 huius
1987 2038 2123 2088 odae
2164 2039 2365 2088 ratione
2400 2036 2506 2088 vid.
2545 2039 2726 2088 Herm.
2759 2035 2836 2087 El.

1794 2112 1972 2162 Doctr.
2005 2115 2161 2162 metr.
2198 2126 2252 2176 p.
2279 2111 2391 2164 472.
2425 2114 2480 2161 et
2505 2110 2841 2174 Excursum.)

1858 2188 1904 2237 4.
1950 2185 2357 2251 Miserarumaet]
2396 2186 2722 2237 «Miserrima
2758 2186 2845 2235 est

1792 2259 2032 2311 condicio
2083 2258 2403 2325 puellarum,
2461 2258 2656 2323 quibus
2707 2272 2841 2310 con—

1794 2348 2007 2387 cessum
2053 2347 2160 2384 non
2193 2336 2276 2385 est
2309 2334 2476 2384 amori
2510 2332 2838 2397 indulgere.»

1797 2437 1853 2446 —
1907 2409 2072 2459 amori
2116 2409 2238 2458 dare
2281 2406 2483 2471 ludum]
2534 2407 2838 2458 «amoribus

1793 2484 1903 2536 suis
1935 2482 2164 2534 liberum
2196 2479 2412 2533 ludendi
2444 2482 2676 2547 spatium
2709 2496 2844 2533 con—

1794 2559 2019 2620 cedere,
2073 2557 2241 2609 libere
2275 2558 2337 2608 iis
2372 2556 2523 2607 imi.»
2589 2555 2839 2620 Aeschyl.

1794 2636 1941 2684 PerS.
1977 2632 2100 2684 844·.
2174 2626 2381 2696 ψυχὴν
2413 2627 2664 2694 διδόντες
2697 2625 2837 2698 ἡδο-

1793 2705 1885 2779 νῇ.
1954 2705 2119 2757 Plaut.
2154 2706 2347 2756 Bacch.
2387 2705 2449 2767 4,
2485 2706 2577 2768 40,
2614 2707 2679 2756 7:
2732 2706 2843 2770 qu

1795 2784 1920 2832 dare
1960 2794 2039 2831 me
2083 2782 2257 2831 ludum
2290 2793 2399 2830 meo
2430 2744 2586 2845 quate
2618 2781 2836 2841 mutui,

1795 2864 1852 2907 ut
1895 2858 2064 2907 animo
2108 2855 2392 2918 obsequium
2423 2856 2628 2906 Sumere
2654 2855 2839 2919 possit:

1797 2945 2013 2995 aequum
2062 2944 2161 2981 esse
2197 2936 2351 2993 puto:
2399 2931 2485 2980 sed
2531 2931 2679 2980 nimis
2725 2928 2844 2979 nolo

1797 3007 2014 3056 desidiae
2060 3005 2126 3055 Ei
2169 3006 2293 3055 dare
2332 3005 2521 3054 tudun.
2579 3005 2746 3054 Varro
2791 3004 2845 3053 in

1799 3080 1996 3131 Saturis
2036 3092 2090 3143 p.
2136 3079 2250 3129 409.
2295 3077 2517 3129 oehler:
2573 3080 2846 3141 Properate

1796 3156 1984 3217 vivere,
2025 3166 2245 3216 puerae,
2304 3165 2431 3216 quas
2461 3153 2579 3203 sinit
2620 3151 2851 3202 aetam

1799 3230 1990 3292 ludere,
2027 3242 2153 3291 esse,
2188 3242 2366 3279 amare
2395 3232 2443 3278 et
2465 3228 2660 3278 veneris
2680 3231 2849 3277 testere

1800 3302 1972 3368 leges?
2022 3304 2130 3354 Cic.
2174 3317 2272 3367 pro
2319 3301 2497 3354 Caelio
2542 3302 2637 3352 ⁴2:
2692 3302 2848 3351 datur

1801 3391 2030 3429 concessu
2069 3378 2290 3428 omnium
2330 3377 2444 3427 huic
2486 3377 2672 3439 aliquis
2702 3376 2851 3426 ledeos

1803 3454 1974 3504 aetati.

1868 3529 1917 3579 2.
1970 3527 2018 3577 3.
2076 3528 2194 3576 vino
2226 3524 2415 3590 lavere]
2473 3537 2680 3588 «neque
2725 3523 2850 3574 vino

1804 3602 2068 3652 tristitiam
2103 3599 2285 3652 eluere
2302 3639 2314 3662 ,
2358 3599 2626 3663 abigere.»
2696 3596 2852 3658 Quod

1806 3676 1876 3727 ad
1907 3676 2090 3725 vinum
2123 3676 2338 3735 attinet,
2376 3674 2557 3724 dicunt
2595 3669 2847 3733 nonnulli,

1806 3748 2082 3803 Neobulen
2115 3750 2238 3799 ideo
2261 3748 2414 3812 queri
2432 3785 2444 3808 ,
2483 3745 2627 3811 quod
2657 3744 2758 3796 sibi
2794 3747 2854 3795 ut

1808 3823 2016 3890 puellae
2065 3825 2332 3874 Romanae
2379 3834 2487 3872 non
2527 3818 2685 3871 liceat
2729 3820 2853 3869 vino

1809 3914 1964 3952 curas
1982 3899 2192 3951 sedare.
2229 3896 2335 3949 Sed
2356 3895 2504 3947 obliti
2526 3896 2676 3946 erant
2696 3892 2857 3944 liber-

1811 3975 1974 4027 tinam
2008 3974 2096 4025 hic
2134 3971 2304 4037 loqui,
2343 3972 2426 4022 cui
2466 3970 2568 4021 dici
2608 3970 2848 4034 poterat:

1808 4052 2004 4114 sapias,
2047 4050 2170 4100 vina
2202 4048 2381 4109 liques,
2433 4045 2675 4096 eiusdem
2720 4055 2852 4094 sane

1812 4125 2022 4188 generis
2067 4125 2229 4187 atque
2279 4120 2366 4171 illa
2422 4119 2569 4170 muni
2625 4116 2857 4169 Damalis

1810 4199 1954 4250 meri.
1986 4225 2042 4234 —
2067 4203 2159 4248 aut
2178 4193 2484 4256 adamari]
2521 4194 2660 4254 «aut,
2686 4192 2732 4243 si
2752 4190 2857 4240 hoc

1812 4272 1898 4324 vel
1947 4271 2072 4323 illud
2121 4273 2413 4333 tentemus,
2482 4267 2660 4320 statim
2708 4266 2856 4316 metu
