3234 4975
653 402 776 467 642

1277 404 1532 454 HORATII
1570 403 1833 455 CARMEN
1858 403 2218 457 ,SECULARR

994 560 1170 626 Haec
1214 559 1431 625 lovem
1478 559 1718 625 sentire
1761 560 2057 647 deosque
2102 570 2370 627 cunctos

992 681 1188 766 Spem
1230 679 1466 746 bonam
1511 689 1887 766 certamque
1931 678 2199 745 domum
2244 690 2536 768 reporto,

990 800 1232 866 Doctus
1277 808 1343 866 et
1386 799 1626 866 Phoebi
1672 799 1909 866 chorus
1953 808 2019 865 et
2062 801 2307 867 Dianae

1155 921 1389 987 Dicere
1433 918 1682 986 laudes,

2747 804 2828 868 75

781 1064 860 1114 73.
915 1063 1017 1113 Hoc
1058 1062 1187 1113 labn
1222 1063 1384 1113 etiam
1425 1063 1480 1113 in
1524 1064 1680 1112 tertia
1714 1061 1849 1120 Ed.;
1904 1062 2116 1113 videtur
2150 1075 2305 1113 error
2338 1065 2655 1130 typograph.
2699 1092 2754 1101 —

714 1139 796 1188 75.
833 1136 1019 1187 Phoebo
1053 1135 1183 1187 Cod.
1225 1137 1282 1200 (9)
1318 1136 1515 1186 Barthii
1551 1136 1803 1188 Adverss.
1840 1136 1932 1197 38,
1971 1137 2051 1188 ⁴8.

717 1257 896 1308 73-76.
943 1256 1094 1321 Haec]
1145 1269 1316 1319 «quae
1361 1256 1564 1320 precati
1605 1270 1703 1307 su·
1769 1254 1903 1307 illud
1936 1257 2032 1308 Od.
2069 1274 2120 1320 ι,
2169 1259 2295 1311 479:
2349 1256 2427 1325 τῷ
2461 1272 2532 1308 σε
2563 1254 2705 1321 Ζεὺς
2736 1260 2826 1310 τί·

653 1343 773 1381 mus
797 1343 1045 1394 quaeque
1080 1332 1139 1381 ut
1172 1329 1522 1380 exaudiantur
1555 1343 1586 1379 a
1617 1329 1701 1381 dis

648 1403 1056 1466 immortalibus,
1095 1418 1160 1453 ex
1184 1404 1346 1454 animi
1381 1404 1548 1454 nostri
1572 1417 1701 1454 sen-

650 1480 813 1529 tentia
857 1482 1156 1544 optamus.»
1197 1506 1253 1516 —
1289 1478 1486 1543 sentire]
1531 1478 1700 1528 «hanc

650 1553 877 1602 eandem
924 1550 1253 1603 voluntatem
1298 1565 1419 1603 esse
1473 1551 1701 1602 deorum

649 1626 894 1690 adeoque
948 1626 1090 1685 sore,
1145 1628 1204 1675 ut
1252 1629 1459 1677 nostras
1507 1638 1699 1689 preces

647 1700 878 1764 benigne
903 1700 1237 1750 exaudiant.»
1271 1727 1323 1736 -
1349 1701 1560 1761 deosque
1581 1713 1703 1749 eun-

646 1774 783 1838 ctos]
840 1773 1097 1836 Religiosa
1153 1774 1256 1823 hac
1321 1771 1546 1823 formula
1603 1785 1700 1824 eos

1775 1344 1924 1380 σατο
1966 1332 2066 1382 καὶ
2110 1330 2242 1383 θεοὶ
2284 1324 2471 1381 ἄλλοι.
2515 1359 2570 1369 -
2619 1333 2823 1396 Doctus]

1778 1404 2033 1456 «edoctus
2066 1419 2096 1455 a
2130 1410 2342 1471 poeta.»
2393 1406 2489 1457 od.
2526 1406 2589 1467 4,
2631 1407 2690 1467 6,
2726 1406 2820 1457 43:

1776 1478 2005 1542 (chorus)
2040 1480 2215 1530 docilis
2245 1482 2509 1531 modorum
2549 1481 2683 1530 Vatis
2718 1481 2827 1531 Ho-

1771 1553 1894 1602 rati.
1948 1578 2003 1589 —
2049 1553 2225 1605 Phoebi
2258 1581 2288 1592 -
2326 1560 2373 1604 et
2411 1555 2617 1605 Dianae
2645 1555 2827 1604 Dicere

1771 1626 1974 1690 laudes]
2010 1627 2170 1677 Recte
2221 1641 2281 1678 se
2332 1627 2534 1679 habent
2584 1628 2821 1691 genitivi.

1772 1700 1914 1762 Virg.
1959 1699 2067 1752 Ecl.
2109 1703 2168 1761 6,
2207 1702 2271 1751 6:
2311 1703 2398 1764 qui
2433 1703 2597 1752 dicere
2628 1702 2822 1761 laudes,

1779 1775 1934 1833 Varo,
1959 1775 2315 1838 mascupiant.
2345 1777 2564 1826 Dativus
2582 1779 2664 1826 est
2679 1776 2824 1839 apud

651 1848 810 1898 etiam
851 1845 1247 1911 complectitur,
1303 1848 1394 1910 qui
1437 1859 1535 1910 per
1577 1859 1701 1896 car-
1772 1846 1987 1898 'rumim
2011 1887 2023 1908 ,
2061 1849 2111 1909 3,
2149 1849 2243 1899 3⁴:
2279 1850 2461 1912 Bisque
2493 1849 2573 1899 die
2602 1850 2827 1899 resoluta

647 1934 774 1973 men
825 1922 999 1985 ipsum
1048 1933 1155 1971 non
1207 1924 1359 1970 erant
1413 1919 1695 1985 implorati,
1770 1934 1941 1971 comas
1962 1922 2051 1971 tibi
2070 1923 2234 1972 dicere
2254 1922 2654 1986 laudeslnsiqnis
2674 1921 2826 1972 tin-ba

648 1997 708 2044 ut
729 1995 885 2055 luno,
922 1994 1184 2056 Minerva,
1210 1996 1508 2057 Neptunus,
1536 1994 1693 2044 Mars.
1770 1994 1942 2046 debeat
1973 1995 2028 2045 in
2058 1996 2264 2047 Phar-ia.

648 2068 822 2118 Possis
858 2080 1171 2132 comparare
1206 2068 1313 2118 iam
1353 2067 1698 2119 Homericum

1354 2298 2194 2359 Excutiens,

1590 2401 1845 2452 Admi.

775 2509 920 2557 «Fuit
952 2505 1093 2571 apud
1129 2508 1360 2555 Graecos
1394 2503 1599 2569 volgata
1637 2506 1693 2567 (7)
1730 2507 1891 2568 atque
1926 2519 1958 2555 a
1990 2505 2318 2571 philosophis
2359 2505 2639 2565 Platonicis
2679 2509 2820 2557 Stoi-

643 2591 827 2652 cisque
864 2590 1093 2639 maxime
1128 2587 1336 2639 exculta
1370 2589 1547 2652 opinio
1582 2587 1652 2638 de
1696 2602 1891 2652 magno
1926 2602 2065 2641 anno
2098 2591 2393 2652 mundano,
2449 2593 2563 2641 tum
2597 2590 2818 2641 demum
2871 2617 2880 2620 -

642 2671 887 2737 impleto,
941 2685 1065 2722 cum
1108 2672 1287 2722 omnia
1332 2671 1507 2722 sidera
1556 2672 1609 2723 in
1644 2675 1792 2723 ortus
1826 2685 1953 2724 suos
1986 2673 2226 2724 redirent
2272 2677 2328 2724 et
2359 2676 2598 2725 omnium
2633 2686 2817 2724 rerum

640 2750 1040 2818 ἀνακύκλωσις
1075 2757 1129 2806 et
1160 2749 1640 2818 ἀποκατάστασις
1673 2754 1847 2806 futura
1881 2759 2043 2807 esset.
2116 2756 2364 2820 (Macrob.
2393 2758 2446 2807 in
2469 2759 2647 2808 Somn.
2673 2757 2813 2821 Scip.

640 2841 700 2902 2,
740 2841 840 2903 ⁴7.)
876 2839 1077 2890 Eadem
1113 2838 1251 2889 sama
1288 2839 1449 2889 etiam
1484 2840 1624 2889 iuter
1655 2840 1906 2890 Etruscos
1931 2843 1986 2890 et
2018 2840 2285 2890 Romanos
2309 2839 2431 2900 fuit,
2467 2839 2560 2890 ubi
2594 2838 2819 2889 inlibris

639 2923 916 2974 ritualibus
971 2924 1316 2973 Etruscorum
1368 2924 1421 2971 et
1476 2923 1839 2973 Romanorum
1887 2921 2035 2973 libris
2091 2922 2356 2986 Sibyllinis
2405 2922 2490 2974 ille
2540 2936 2712 2973 annus
2763 2924 2816 2971 in

641 3007 836 3057 decem
869 3018 1087 3056 menses
1120 3018 1342 3068 magnos
1376 3006 1489 3057 sive
1524 3004 1706 3056 secula
1740 3005 1968 3066 divisus,
2015 3020 2192 3070 neque
2229 3010 2407 3056 tamen
2441 3018 2631 3056 eorum
2661 3018 2818 3055 men·-

638 3091 778 3141 sium
812 3087 1082 3152 longitudo
1118 3091 1172 3138 et
1206 3089 1376 3139 exitus
1412 3090 1571 3140 certis
1604 3088 1802 3140 finibus
1837 3090 2271 3153 circumscriptus
2296 3092 2427 3150 erat,
2465 3088 2564 3139 sed
2596 3091 2817 3153 porten-

637 3174 704 3222 tis
738 3172 988 3222 divinitus
1038 3172 1216 3222 missis
1265 3171 1425 3222 indici
1477 3172 1818 3222 credebatur.
1891 3173 2122 3235 (Servius
2156 3176 2212 3222 et
2249 3172 2383 3223 Voss
2417 3170 2486 3221 ad
2521 3172 2661 3234 Virg.
2699 3171 2810 3221 Ecl.

638 3257 698 3319 4,
734 3255 784 3308 t.
840 3256 1114 3307 Censorio.
1152 3254 1220 3304 de
1257 3254 1342 3304 die
1377 3256 1484 3305 nat.
1525 3256 1605 3305 ⁴7.
1635 3258 1689 3306 et
1723 3255 1822 3318 48.)
1858 3254 2006 3307 Unde
2042 3256 2200 3305 etiam
2233 3252 2343 3304 ludi
2378 3253 2648 3305 seculares
2670 3254 2816 3319 apud

638 3342 904 3392 Romanos
949 3338 1174 3390 diversis
1219 3337 1506 3389 intervallis
1553 3339 1773 3390 instituti
1816 3341 1957 3389 sunt.
2018 3338 2255 3400 (Censor.
2291 3337 2325 3388 l.
2357 3335 2413 3400 l.)
2449 3338 2507 3387 In
2545 3335 2692 3387 libris
2732 3338 2818 3388 Si-

636 3423 850 3489 byllinis
892 3424 1170 3487 praeterea
1206 3422 1463 3486 scriptum
1499 3426 1643 3483 erat,
1698 3423 1818 3486 quis
1853 3434 2067 3485 quoque
2102 3433 2289 3471 mense
2335 3421 2626 3484 imperaret
2658 3418 2810 3471 deus.

638 3509 814 3559 Primo
848 3507 1021 3558 mensi
1054 3507 1314 3556 Saturnus
1346 3508 1621 3570 praeerat,
1669 3503 1883 3556 ultimus
1916 3504 2021 3555 Soli
2055 3505 2169 3555 sive
2202 3501 2425 3567 Apollini
2459 3502 2809 3555 tribuebatur.

640 3591 891 3656 (Nigidius
940 3589 1083 3656 apud
1126 3591 1275 3640 Serv.
1325 3588 1394 3639 ad
1438 3586 1544 3638 Ecl.
1593 3587 1651 3647 4,
1706 3587 1803 3649 40.)
1856 3586 2151 3652 Apollinem
2198 3587 2557 3650 praecessisse
2601 3587 2813 3637 videtur

637 3677 831 3738 Diana,
876 3675 963 3725 cui
997 3675 1157 3724 etiam
1193 3675 1244 3723 in
1281 3671 1416 3723 civili
1450 3684 1590 3722 anno
1624 3670 1824 3721 mensis
1860 3670 2165 3721 November
2198 3681 2353 3720 sacer
2401 3671 2533 3719 erat.
2610 3671 2812 3730 Quam-

637 3759 826 3810 obrem
879 3759 930 3808 in
981 3758 1180 3808 Horatii
1230 3755 1467 3806 carmine
1519 3752 1748 3805 seculari
1795 3752 1981 3817 Apollo
2032 3756 2086 3804 et
2135 3755 2300 3804 Diana
2334 3766 2463 3817 prae
2499 3755 2692 3804 ceteris
2731 3753 2813 3803 dis

637 3841 893 3893 celebrati
928 3843 1067 3892 sunt.
1139 3839 1358 3891 Romani
1403 3850 1533 3888 vero
1580 3837 1685 3887 hoc
1728 3839 1845 3901 ipso
1892 3840 2134 3902 tempore
2177 3833 2358 3887 seculo
2392 3835 2604 3886 decimo
2638 3849 2698 3886 se
2732 3837 2815 3886 vi-

634 3939 762 3977 vere
814 3925 1151 3989 putaverunt.
1222 3922 1431 3973 Etenim
1481 3932 1607 3971 cum
1658 3923 1782 3985 post
1829 3921 2060 3970 mortem
2111 3920 2171 3971 C.
2209 3918 2321 3970 Iulii
2372 3919 2617 3970 Caesaris
2662 3917 2813 3969 stella

634 4009 820 4059 crinita
854 4007 1215 4072 apparuisset,
1274 4003 1540 4055 Volcatius
1575 4003 1843 4068 haruspex
1889 4004 2032 4054 hunc
2066 4006 2331 4054 cometam
2364 4002 2662 4065 significare
2700 4003 2815 4051 exi-

633 4095 748 4143 tum
792 4088 957 4141 seculi
1002 4090 1129 4140 noni
1171 4092 1225 4139 et
1268 4090 1566 4153 ingressum
1604 4086 1799 4139 decimi
1838 4087 1890 4136 in
1925 4089 2168 4138 contione
2205 4085 2349 4136 dixit.
2392 4086 2560 4147 (Serv.
2597 4084 2664 4134 ad
2699 4083 2808 4134 Ecl.

635 4177 693 4236 9,
730 4173 863 4235 tm»
919 4174 1041 4222 {Anu
1075 4173 1144 4223 ad
1180 4172 1320 4235 Virg.
1358 4170 1465 4222 Ecl.
1502 4171 1560 4234 t,
1600 4170 1682 4222 ⁴0.

1529 4285 1579 4293 .—
