3234 4975
1435 390 1693 445 HORATu
1732 393 1985 443 EPODON

1067 545 1264 610 Sacra
1308 557 1639 612 catenatus
1685 547 1820 620 via,

986 663 1115 728 Sed
1160 675 1229 732 ut
1273 665 1633 731 secundum
1676 676 1824 731 vota
1871 663 2248 731 Parthorum
2293 687 2409 732 sua

1069 782 1236 850 Urbs
1281 784 1442 852 haec
1488 786 1729 872 periret
1772 785 2036 851 dextera
2054 784 2088 847 *Ρ

2740 788 2823 853 40

984 905 1209 990 Neque
1255 904 1359 971 hic
1401 903 1573 992 lupis
1622 926 1760 970 mos
1805 925 1926 971 nec
1970 904 2085 970 fuit
2129 904 2422 971 leonibus

1069 1024 1362 1111 Unquam
1405 1024 1526 1089 nisi
1576 1022 1637 1088 in
1682 1023 1904 1111 dispar
1947 1019 2118 1091 seris.

982 1146 1269 1209 Furorne
1314 1164 1591 1220 caecuS,
1648 1164 1730 1208 an
1774 1144 1942 1230 rapit
1983 1144 2081 1210 vis
2128 1146 2340 1211 acrior
2362 1147 2394 1210 7

778 1295 857 1344 42.
898 1294 1125 1354 Unquam
1156 1292 1304 1343 BbSc
1338 1295 1394 1342 et
1425 1305 1613 1343 omnes
1650 1293 1904 1353 Pottierii‚
1942 1292 2106 1344 Aldus
2127 1333 2139 1354 ‚
2166 1296 2342 1346 LCtF:
2379 1297 2654 1359 Nunquam
2678 1313 2743 1348 ex

712 1368 808 1418 Ed.
846 1368 978 1417 Ven.
1018 1365 1164 1418 ⁴490.
1199 1365 1467 1418 Bentleius
1500 1369 1557 1416 et
1588 1368 1657 1418 M.
1729 1368 1807 1430 (Ut
1841 1379 1967 1427 noa,
2002 1367 2068 1430 J.)
2125 1396 2180 1404 -
2231 1370 2367 1435 seris]
2402 1384 2558 1434 ymas
2591 1386 2745 1422 «cum

712 1438 1126 1505 compluribus»,
1163 1442 1223 1490 ut
1243 1441 1338 1500 ait,
1379 1439 1553 1491 «libris
1594 1454 1756 1493 manu
1794 1441 2033 1504 scriptis»
2076 1441 2258 1492 Lamb.
2310 1443 2546 1505 (Videtur
2578 1444 2751 1508 glossa

712 1515 781 1565 ad
800 1529 853 1565 v.
878 1514 1091 1577 dispar.)
1129 1541 1183 1550 —-
1220 1515 1274 1564 m·
1295 1516 1349 1564 in
1379 1516 1604 1577 dispares
1634 1516 1772 1578 feras
1793 1512 2104 1565 Pelisserius
2127 1516 2269 1580 apud
2294 1517 2545 1568 eundem.
2575 1546 2630 1556 —-
2668 1520 2748 1569 43.

711 1601 887 1640 caecus
918 1590 1082 1648 BbSc‚
1110 1589 1285 1639 LCtF:
1320 1602 1492 1639 caecos
1513 1587 1563 1649 λ,
1601 1588 1708 1639 duo
1732 1588 2016 1649 Torrentii,
2055 1587 2301 1651 (Oberlini
2323 1591 2408 1653 Β,)
2445 1590 2641 1653 Bentl.‚
2679 1594 2745 1644 M.

647 1719 1000 1778 Constantini,
1035 1721 1124 1782 qui
1148 1719 1547 1784 triumphabant
1568 1717 1691 1768 inde
1765 1716 2003 1778 videtur,
2040 1717 2138 1768 sed
2175 1720 2573 1771 excusationem
2598 1720 2815 1772 habeta

643 1805 744 1856 per
758 1792 1694 1856 hanc-viamprocedebantusquead

645 1863 823 1916 locum
847 1879 1002 1916 arcus
1026 1868 1263 1930 Septimii
1298 1868 1510 1926 Severi,
1546 1867 1690 1916 unde

645 1940 840 2003 captivi
874 1940 1277 1990 dimittebantur
1310 1940 1377 1990 ad
1414 1940 1690 1990 dexteram

645 2013 697 2062 in
731 2014 1033 2076 proximum
1057 2026 1331 2063 carcerem
1363 2013 1688 2072 Tullianum3

644 2086 1034 2150 triumphantes
1076 2100 1175 2151 per
1213 2086 1407 2137 clivum
1444 2086 1695 2150 Capitoli-

644 2171 774 2210 num
798 2160 867 2209 ad
891 2159 1095 2210 laevam
1121 2161 1489 2211 ascendebant
1511 2162 1580 2211 ad
1598 2163 1698 2212 Ca-

642 2230 934 2297 pitolium.»
962 2235 1079 2285 Fas.
1099 2236 1207 2285 Cic.
1225 2236 1372 2285 Verr.
1390 2235 1502 2285 Lib.
1525 2237 1574 2296 5,
1595 2235 1687 2285 30:

645 2307 731 2369 qui
772 2308 1105 2369 triumphant,
1150 2321 1303 2370 eoque
1335 2310 1522 2359 dinatius
1553 2311 1694 2359 vivos

642 2381 854 2430 hostium
895 2383 1042 2430 duces
1084 2388 1366 2444 reservant,
1402 2409 1431 2420 -
1463 2410 1493 2419 -
1527 2388 1692 2431 tamen

643 2467 757 2504 cum
796 2456 853 2505 de
890 2455 1003 2519 soro
1042 2456 1095 2505 in
1140 2456 1439 2519 Capitolium
1482 2469 1693 2506 cur-mm

640 2530 836 2592 flectere
867 2529 1137 2591 incipiunt,
1188 2531 1299 2580 illos
1330 2531 1444 2579 duci
1483 2531 1537 2578 in
1569 2544 1692 2580 car-

642 2614 804 2651 cerem
824 2602 1018 2661 iuben&
1053 2604 1277 2664 idemque
1299 2605 1402 2653 dios
1422 2609 1468 2654 et
1488 2604 1693 2653 victori-

643 2676 1148 2738 busimperiietvictis
1157 2679 1292 2727 vitae
1304 2680 1454 2740 finem
1466 2677 1607 2740 facit.
1631 2705 1685 2713 —-

642 2750 807 2799 Sacra
824 2752 939 2809 via,
979 2751 1146 2813 (cuius
1170 2750 1370 2801 incolae
1394 2751 1693 2800 Sam-avien-

640 2836 715 2873 ses
758 2822 1128 2887 dicebantur‚)
1198 2826 1318 2887 quia
1375 2824 1447 2874 ibi
1502 2824 1688 2875 foedus

641 2898 805 2947 ictum
816 2899 930 2947 erat
946 2898 1085 2947 inter
1095 2896 1376 2948 Romulum
1394 2900 1450 2947 et
1460 2899 1684 2949 Tatium.

708 2970 755 3019 9.
784 2971 864 3020 40.
904 2972 1187 3035 secundum]
1213 2971 1406 3021 eodem
1431 2985 1551 3033 usu,
1579 2985 1686 3035 quo

642 3043 752 3093 Cic.
790 3043 859 3092 ad
894 3046 997 3093 Att.
1036 3045 1124 3105 46,
1165 3045 1227 3094 46
1261 3046 1329 3096 E:
1397 3058 1527 3107 quae
1565 3058 1689 3094 con-

638 3115 768 3165 sules
800 3118 1122 3167 decreverunt
1152 3120 1419 3167 secundum
1458 3118 1691 3168 Caesaris

639 3191 838 3239 decreta
869 3195 916 3239 et
946 3203 1200 3253 responsa.
1241 3204 1321 3254 pr.
1349 3192 1402 3240 in
1433 3192 1582 3254 Folqo
1606 3192 1690 3241 des

644 3264 926 3313 Wunsches.
957 3291 1010 3301 —
1045 3266 1472 3330 sua--deaeteraJ
1498 3265 1687 3315 Differt

640 3335 993 3400 aliquantum,
1053 3336 1197 3400 quod
1245 3337 1415 3388 solent
1459 3338 1652 3388 afferre
1673 3377 1684 3399 ‚

638 3409 805 3474 Epod.
836 3411 924 3471 46,
945 3412 1003 3461 2:
1043 3408 1158 3461 Sais
1177 3413 1357 3474 etipsa
1379 3412 1536 3462 Roma
1554 3413 1686 3462 viri-

639 3483 873 3545 busrm't,
909 3483 1055 3547 quod
1085 3485 1344 3548 significat
1368 3486 1559 3536 «nimia
1583 3487 1689 3537 im-

636 3558 770 3623 perii
788 3557 928 3608 mole
946 3573 992 3618 ;»
1017 3558 1071 3608 h.
1092 3558 1127 3608 l.
1157 3560 1350 3610 «arrnis
1372 3561 1684 3611 intestinis»

706 3632 786 3681 44.
825 3633 904 3682 42.
963 3634 1209 3695 Unquam]
1254 3635 1338 3684 Sic
1374 3633 1540 3684 codd.
1576 3636 1685 3684 noti

639 3707 695 3755 et
736 3705 830 3755 Ed.
869 3707 1001 3755 Ven.
1058 3705 1202 3757 ⁴481.
1261 3708 1535 3768 Nunquam
1583 3707 1680 3759 Ed.

637 3780 768 3828 Ven.
823 3777 965 3829 ⁴490.
1019 3793 1203 3831 merus
1259 3781 1342 3830 est
1396 3792 1684 3844 operarum

638 3864 814 3912 error,
867 3866 898 3901 a
933 3854 1138 3904 Criticis
1173 3854 1331 3903 nimis
1367 3853 1558 3917 cupide
1594 3867 1684 3903 ar-

637 3927 838 3989 reptus.
885 3927 1175 3977 Consti-ue:
1235 3929 1406 3989 Neque
1452 3928 1530 3976 hic
1577 3941 1686 3978 mos

633 4011 862 4060 mtquam
890 4001 988 4063 fuit
1027 4002 1148 4064 feris
1181 4002 1311 4063 lupis
1343 4014 1434 4051 nec
1464 4001 1684 4051 leonibus

633 4073 730 4122 nisi
770 4074 826 4123 in
857 4074 1031 4135 dispar
1067 4074 1288 4137 (genus).
1324 4075 1384 4124 V.
1408 4075 1530 4138 soris
1561 4077 1683 4140 qui-

635 4146 761 4197 dem
777 4147 880 4197 hac
896 4147 1099 4198 ratione
1117 4150 1339 4212 propter
1353 4149 1526 4213 ipsam
1540 4154 1681 4214 posi-

634 4221 832 4272 tionem
856 4221 1121 4285 aliquanto
1152 4223 1369 4273 otiosius
1410 4224 1678 4274 adiectum

1768 1793 1955 1854 poetae
1986 1793 2160 1841 aetate
2195 1792 2424 1843 iuvenili.
2500 1795 2819 1857 (Quinetiam

1768 1864 1958 1914 Hossio
1982 1867 2038 1913 et
2059 1863 2461 1928 Dillenburgero
2486 1880 2537 1915 v,
2564 1869 2685 1932 seris
2705 1881 2819 1918 ma-

1767 1950 1870 2000 gno
1900 1950 2023 1986 cum
2055 1939 2296 2001 pondere
2319 1941 2640 1990 sententiam
2662 1941 2817 1992 vide-

1767 2013 1854 2061 tur
1876 2009 2128 2062 claudere
2144 2051 2156 2072 ,
2183 2015 2243 2062 ut
2263 2026 2431 2078 prope
2455 2015 2599 2066 idem
2623 2016 2819 2067 efficiat

1767 2098 1833 2135 ac
1870 2086 1914 2136 si
1953 2086 2211 2150 scriptum
2245 2088 2346 2137 sit:
2406 2090 2493 2150 qm·
2515 2094 2683 2138 tamen
2711 2090 2813 2153 fori

1765 2159 1918 2224 aaut.)
1970 2159 2236 2211 Bentleius
2260 2163 2337 2211 sic
2371 2162 2686 2213 construxit:
2722 2176 2817 2212 no-

1766 2246 1861 2294 que
1891 2233 1971 2282 hic
1999 2247 2108 2283 moa
2127 2235 2225 2297 ruit
2244 2234 2374 2296 limis
2393 2248 2552 2298 noque
2569 2236 2808 2299 leonibus,

1764 2320 2024 2368 nunquam
2069 2308 2191 2371 soris
2236 2311 2332 2357 nisi
2378 2310 2433 2359 in
2466 2311 2665 2372 dispar3
2713 2310 2810 2361 ubi

1765 2381 1929 2430 sentis
1978 2394 2076 2445 pro
2129 2382 2364 2445 perfecto
2416 2386 2613 2447 requiri
2649 2398 2816 2449 prae-

1764 2467 1889 2506 sens
1912 2456 2149 2520 tempuS,
2175 2456 2227 2507 id
2252 2458 2397 2523 quod
2422 2457 2506 2509 ille
2531 2458 2816 2510 occultavit

1764 2529 1843 2578 sic
1895 2541 2182 2580 enarrans:
2245 2546 2341 2580 «ne
2400 2531 2537 2596 lupis
2591 2532 2812 2597 quidem

1765 2604 1820 2650 et
1841 2600 2083 2653 leonibus
2105 2603 2193 2654 hic
2216 2617 2334 2655 mos
2374 2619 2403 2655 e
2423 2620 2450 2656 s
2466 2609 2519 2666 t,
2559 2607 2649 2669 qui
2673 2620 2812 2656 nun-

1765 2688 1928 2737 quam
1994 2676 2089 2726 ieri
2139 2681 2194 2726 et
2242 2680 2386 2729 saevi
2436 2682 2561 2730 sunt
2602 2681 2701 2731 nisi
2758 2682 2812 2730 in

1764 2748 1988 2811 (animal)
2014 2750 2244 2814 dispar.»
2275 2776 2330 2787 —
2355 2753 2409 2802 in
2431 2754 2620 2819 dispar]
2656 2755 2807 2804 Conf.

1763 2821 1858 2872 Od.
1880 2823 1929 2883 3,
1958 2824 2038 2882 42,
2067 2825 2156 2874 ⁴0.-
2202 2839 2297 2886 ρον
2318 2832 2565 2888 aperturi.
2605 2854 2660 2863 —
2704 2829 2809 2878 Lo-

1763 2909 1860 2946 cus
1884 2899 2060 2947 autem
2084 2897 2169 2946 hio
2192 2900 2490 2950 communis
2513 2900 2655 2950 haud
2686 2914 2809 2951 raro

1762 2969 1830 3018 ab
1855 2971 2083 3032 antiquis
2108 2972 2364 3022 tractatus
2389 2977 2487 3023 est.
2515 2973 2641 3023 Plin.
2666 2975 2726 3024 H.
2744 2976 2805 3024 N.

1762 3043 1810 3092 ’7.
1847 3044 2014 3093 Praei.
2044 3046 2198 3094 extu:
2235 3046 2454 3096 Leonum
2482 3048 2660 3111 feritas
2680 3049 2812 3098 inter

1760 3128 1811 3164 so
1842 3129 1943 3165 non
1980 3117 2215 3180 danicae,
2266 3122 2567 3182 sementiam
2612 3134 2810 3171 morsus

1760 3203 1862 3239 non
1886 3192 2013 3252 petit
2041 3198 2307 3255 serpentes,
2342 3208 2404 3244 no
2425 3196 2586 3244 maris
2606 3196 2807 3255 quidem

1760 3264 1932 3315 beluae
1962 3280 2025 3314 ac
2067 3268 2226 3328 pisces
2258 3269 2353 3318 nisi
2386 3271 2440 3318 in
2474 3270 2671 3319 dwersa
2716 3284 2809 3333 90-

1759 3350 1886 3386 nera
1942 3341 2185 3390 saeviant.
2260 3342 2325 3391 At
2370 3342 2567 3392 ὴονουιο
2613 3343 2801 3393 homini

1751 3413 1981 3474 plurima
2012 3427 2079 3463 aa·
2108 3414 2302 3464 homine
2341 3421 2457 3465 sum
2486 3417 2644 3465 mala.
2705 3417 2809 3466 Se-

1762 3499 1892 3536 neca
1947 3487 2193 3538 Controv.
2235 3489 2267 3539 2
2289 3527 2300 3549 ,
2353 3489 2418 3538 9;
2477 3503 2635 3552 neque
2685 3490 2811 3553 seria

1757 3561 1888 3610 inter
1908 3572 1960 3610 se
1980 3560 2109 3611 bella
2129 3568 2259 3613 wat.
2298 3563 2446 3613 Idem
2467 3563 2562 3626 Ep.
2589 3563 2652 3613 95
2670 3600 2682 3623 ‚
2708 3563 2766 3614 34
2791 3578 2802 3612 :

1757 3636 1871 3685 Non
1881 3637 2036 3697 pudet
2049 3636 2282 3695 homines,
2300 3637 2615 3687 mitissimum
2629 3650 2807 3701 qenins,

1756 3710 1977 3772 gaudere
2008 3711 2249 3773 sanquine
2280 3710 2473 3761 alterno
2495 3750 2507 3773 ,
2552 3711 2680 3761 botta
2714 3724 2807 3775 9⁶-

1756 3795 1870 3832 rero
1901 3785 2215 3846 verendaque
2234 3783 2401 3834 liboris
2421 3786 2656 3846 tradere,
2690 3798 2809 3835 cum

1757 3857 1889 3916 inter
1932 3869 1984 3905 se
2016 3858 2170 3908 otiam
2215 3858 2367 3907 mutis
2414 3872 2478 3908 ac
2525 3859 2649 3922 seris
2688 3872 2809 3921 paco

1756 3930 1854 3979 sit?
1887 3931 2162 3981 Accedunt
2184 3944 2325 3982 nunc
2361 3945 2425 3982 ex
2460 3933 2673 3995 Hymno
2695 3935 2808 3983 An-

1758 4004 1942 4054 driano
1978 4005 2030 4054 in
2078 4005 2228 4065 Isim,
2284 4018 2447 4068 quem
2481 4020 2653 4071 nuper
2686 4006 2807 4057 edi—

1757 4077 1836 4127 dit
1877 4078 2137 4141 Sauppius
2177 4091 2362 4139 meua,
2398 4093 2485 4129 vv.
2523 4078 2588 4130 46
2621 4094 2800 4144 seqq..

1754 4151 1848 4201 ubi
1890 4152 1988 4202 Isis
2022 4151 2152 4203 dicit
2184 4164 2241 4201 se
2276 4151 2555 4203 sustulisse
2591 4166 2657 4203 ex
2700 4154 2805 4203 ho-

1756 4224 1986 4275 minibus
2020 4227 2261 4277 mutuam
2300 4227 2539 4290 ipsorum
2572 4227 2805 4277 devora-
