3234 4975
1246 407 1362 456 [AB.
1404 408 1462 456 ll.
1535 408 1592 455 C.
1635 407 1692 454 V,

2497 401 2618 467 239

786 564 915 628 lam
960 572 1021 628 te
1068 571 1410 649 sequetur:
1459 562 1660 627 currit
1705 562 1878 626 enim
1924 561 2104 627 ferox

786 687 976 749 Aetas
1021 692 1083 747 et
1131 682 1249 755 illi,
1298 703 1467 770 quos
1511 682 1622 747 tibi
1671 681 2058 770 dempserit,

870 807 1164 890 Apponet
1208 824 1450 881 annos;
1503 804 1627 868 iam
1673 814 1976 890 proterva

956 928 1187 990 Fronte
1235 934 1410 1011 petet
1452 924 1688 1011 Lalage
1733 925 2058 990 maritum:

783 1083 1053 1159 Dilecta,
1107 1092 1417 1170 quantum
1463 1046 1589 1147 non
1636 1081 1876 1148 Pholo‘e
1921 1082 2141 1170 fugax,

785 1206 922 1269 Non
970 1202 1221 1270 Chloris
1267 1202 1414 1269 albo
1462 1203 1556 1269 sic
1603 1202 1875 1269 humero
1921 1204 2161 1275 nitens,

866 1324 945 1391 Ut
987 1345 1149 1411 pura
1193 1334 1505 1390 nocturno
1553 1322 1803 1390 renidet

575 1504 653 1553 43.
690 1504 916 1565 sequitur
937 1503 993 1552 Τ.
1028 1530 1080 1539 -
1106 1508 1274 1551 curret
1296 1500 1483 1567 dssyu.
1515 1528 1570 1538 —

1601 1502 2349 1568 t3etl7.cum·icenimfu9
2457 1533 2548 1543 --

505 1577 856 1641 mamert-rav
891 1577 1157 1641 Cruquius
1192 1578 1247 1626 et
1274 1574 1586 1625 Wakefield.
1632 1605 1686 1612 —
1726 1575 1805 1626 it.
1844 1578 1975 1638 quod
2007 1576 2093 1626 tibi
2128 1580 2415 1641 dempserit,
2454 1582 2551 1643 Αρ-

488 1698 499 1709 ,
502 1657 658 1714 ponet
692 1665 856 1701 annus
888 1650 971 1701 vel
995 1656 1112 1712 quo!
1135 1677 1163 1687 —
1186 1678 1214 1688 —
1237 1664 1396 1701 annos
1418 1649 1639 1701 Bentleii
1662 1651 2015 1714 suspiciones,
2047 1679 2097 1688 —
2141 1653 2219 1701 46.
2254 1656 2376 1715 petit
2396 1655 2452 1704 T.
2493 1683 2544 1690 -

509 1726 588 1776 49.
625 1732 874 1776 nocturna
906 1727 961 1776 Τ.

442 1884 602 1935 dioris
636 1885 847 1943 aetatis,
886 1897 992 1946 qua
1021 1883 1255 1946 gaudent
1277 1882 1488 1933 sodales

443 1959 607 2009 nostri
623 1957 891 2022 aliquanto
916 1959 1149 2008 iuniores
1164 1997 1176 2016 ,
1203 1956 1358 2007 nobis
1383 1958 1489 2007 iam

441 2034 786 2095 praeteritum
821 2046 959 2083 esse.
1030 2031 1236 2081 Similes
1270 2034 1394 2082 sunt
1436 2032 1489 2081 in

441 2109 502 2156 A.
540 2108 596 2156 P.
638 2108 748 2156 475.
800 2108 923 2155 anni
965 2107 1210 2155 venientes
1251 2109 1306 2154 et
1351 2118 1489 2154 rece-

441 2182 619 2230 dentes.
651 2179 898 2245 Sophocl.
925 2181 1166 2231 Trachin.
1189 2180 1302 2230 55⁵7.
1331 2182 1488 2230 Deia-

444 2254 554 2303 nira
579 2254 648 2304 de
684 2254 819 2304 lola:
874 2249 1014 2325 Ὁρῶ
1048 2249 1160 2323 γὰρ
1194 2247 1347 2319 ἥβην
1381 2249 1488 2317 τὴν

438 2327 547 2391 μὲν
604 2322 904 2399 ἓρπουσαν
971 2326 1200 2400 πρόσω,
1272 2325 1389 2394 Τὴν
1425 2325 1487 2378 δὲ

441 2402 789 2463 φθίνουσαν.

507 2478 586 2528 45.
630 2478 888 2542 proterva]
926 2478 1245 2528 Immoratur
1279 2478 1330 2527 in
1366 2490 1488 2540 gra-

441 2555 491 2602 ta
526 2554 781 2604 iuvencae
816 2552 1060 2617 petulcae
1087 2555 1140 2601 et
1169 2551 1487 2602 lascivientis

440 2628 695 2690 imagine;
748 2629 803 2678 h.
840 2627 873 2677 l.
913 2628 981 2676 de
1028 2625 1203 2691 puella
1248 2628 1486 2676 virorum

442 2702 649 2766 cupida.

506 2778 586 2826 47.
622 2777 836 2841 Dilecta]
875 2776 1030 2837 Quod
1063 2773 1296 2826 nonnulli
1329 2775 1487 2825 artis-

440 2852 573 2902 sime
608 2853 828 2915 iungunt
861 2863 985 2901 cum
1019 2850 1310 2915 praecedd.
1357 2854 1492 2912 petet

438 2926 681 2975 ntor-itinn
712 2926 933 2986 Dilecta,
972 2925 1148 2975 minus
1172 2923 1362 2989 placet.
1404 2924 1484 2975 Ab

439 3002 543 3051 hoc
587 3001 730 3051 enim
764 3015 813 3049 v.
852 3001 1137 3063 imaginem
1179 2999 1486 3064 relinquens

439 3077 652 3139 proprie
697 3074 840 3139 loqui
883 3075 1080 3137 incipit.
1140 3077 1339 3138 Separa
1390 3077 1487 3138 igi-

440 3152 547 3199 tur:
609 3151 878 3199 marttmn:
948 3150 1145 3199 Dilecta
1195 3151 1337 3212 (tunc
1388 3151 1485 3200 erit

439 3222 507 3272 ab
543 3224 688 3274 omni
724 3225 1032 3286 iuventute).
1071 3225 1155 3273 Sic
1192 3226 1373 3274 autem
1398 3238 1488 3274 ex-

436 3297 575 3361 plico
598 3299 698 3349 hos
723 3298 1038 3350 versiculos:
1080 3298 1335 3349 «Tantum
1359 3303 1485 3349 tunc

437 3371 505 3421 ab
571 3372 821 3422 omnibus
884 3372 1153 3436 diligetur,
1225 3377 1485 3436 quantum

438 3459 580 3495 nunc
627 3459 726 3496 nec
773 3446 969 3498 Pholoe
1022 3460 1198 3510 neque
1247 3447 1481 3508 ChloriS,

437 3521 676 3571 maturae
693 3522 797 3571 iam
814 3520 1041 3585 puellae,
1063 3534 1239 3583 neque
1256 3524 1482 3585 Gyges»

436 3593 511 3641 Ita
532 3607 619 3643 vv.
646 3594 759 3644 albo
780 3622 804 3632 ·
823 3621 848 3632 -
868 3597 1003 3645 mari
1027 3597 1302 3645 continent
1323 3595 1486 3646 Chlo-

438 3667 564 3717 ridis
596 3672 973 3731 praeconium,
1011 3672 1070 3720 ut
1104 3672 1155 3720 in
1190 3683 1304 3733 seq.
1344 3673 1486 3721 stro-

437 3741 545 3804 pha
577 3741 822 3794 laudatur
855 3747 1047 3807 Gyges.
1128 3745 1273 3794 Inest
1305 3747 1485 3793 autem

438 3816 490 3865 in
505 3817 735 3879 utroque
753 3817 924 3880 elogio
948 3817 1211 3868 Chloridis
1235 3819 1289 3867 et
1306 3821 1482 3881 Gygae

434 3902 563 3938 vere
598 3883 965 3963 ἀντιστρόφῳ
988 3892 1389 3952 venustissima,
1429 3895 1487 3942 ut

437 3964 505 4013 ita
541 3962 742 4025 dicam,
784 3965 997 4016 malitia.
1068 3968 1199 4017 Eam
1235 3968 1377 4018 enim
1412 3966 1481 4017 ob

437 4050 657 4089 causam
690 4036 870 4089 laudat
902 4038 1105 4104 puellas
1145 4053 1482 4105 puerumque

436 4110 793 4175 pulcherrima
814 4113 983 4163 forma
1003 4115 1235 4178 insignes
1249 4118 1303 4164 et
1315 4116 1482 4165 amari

436 4200 555 4237 sese
591 4188 696 4237 iam
721 4188 975 4249 sinentes,
1015 4201 1121 4251 quo
1148 4188 1371 4252 Lalagen
1395 4190 1486 4240 sti-

437 4259 617 4321 mulet,
657 4263 713 4311 ut
749 4275 909 4325 quam
948 4263 1179 4325 primum
1215 4260 1283 4312 illi
1318 4263 1481 4312 choro

1563 1881 1803 1931 accedat.
1877 1881 1996 1942 Alii,
2036 1886 2092 1932 ut
2127 1882 2210 1933 vel
2235 1885 2348 1948 ipse
2376 1887 2610 1948 Vossiu8‚

1561 1957 1672 2006 vim
1723 1954 2011 2020 particulae
2063 1971 2123 2007 ve
2172 1963 2294 2023 post
2343 1963 2613 2023 negativas

1561 2033 1698 2093 part.
1718 2032 1922 2095 positae
1948 2045 2051 2081 non
2077 2033 2204 2082 satis
2229 2035 2610 2096 expendentes,

1564 2118 1701 2155 unus
1724 2109 1778 2154 et
1800 2104 1933 2155 alter
1956 2107 2117 2156 etiam
2137 2107 2435 2169 Cnidiis-sque
2452 2108 2615 2159 eden-

1563 2180 1671 2240 teS‚
1699 2180 1774 2230 sic
1800 2179 2154 2243 distinguunt:
2210 2183 2614 2233 Dilecta--Non

1565 2254 1787 2304 Chloris:
1831 2254 1944 2303 albo
1966 2281 1993 2290 -
2013 2280 2037 2290 -
2059 2256 2196 2304 mari
2229 2257 2521 2317 Cnidia-<ivm
2558 2258 2612 2308 id

1564 2330 1674 2378 est:
1729 2327 1946 2391 «Lalage
1983 2328 2174 2379 dilecta
2210 2334 2469 2393 quantum
2504 2345 2612 2383 non

1563 2400 1778 2463 Pholoe,
1811 2415 1917 2452 non
1942 2402 2149 2453 Chloris
2171 2402 2480 2467 diliguntur;
2519 2408 2614 2457 La·

1561 2473 1678 2538 lage
1715 2477 1783 2526 ita
1820 2477 1993 2528 nitens
2026 2479 2086 2527 ut
2118 2476 2242 2528 luna
2277 2493 2469 2531 serena
2495 2481 2615 2532 Cni-

1562 2549 1788 2614 diusque
1826 2553 1999 2614 Gyges
2025 2551 2360 2616 splendent.»
2411 2556 2610 2607 Verum

1562 2625 1641 2673 sic
1677 2624 1883 2675 Chloris
1908 2625 2047 2676 nulla
2069 2626 2410 2690 praedicatur
2432 2626 2608 2689 laude,

1562 2699 1696 2748 mire
1750 2700 2137 2762 coniunguntur
2185 2699 2308 2751 luna
2360 2703 2414 2751 et
2456 2714 2610 2765 puer.

1562 2774 1696 2822 mire
1733 2777 1855 2837 post
1897 2775 2132 2836 priorem
2178 2773 2393 2825 laudem
2427 2787 2612 2826 rursus

1562 2849 1814 2911 quattuor
1845 2862 1931 2898 vv,
1969 2849 2124 2899 huius
2156 2847 2421 2899 extollitur
2443 2849 2612 2899 forma

1559 2920 1836 2986 puellaris;
1890 2936 1955 2972 ex
2001 2936 2109 2986 quo
2155 2923 2354 2974 saomm
2390 2927 2500 2986 est,
2554 2927 2614 2973 ut

1561 3009 1832 3046 nonnemo
1881 2996 2302 3060 pulcherrimum
2360 2999 2611 3048 carminis
2689 3005 2696 3014 '

1561 3072 1761 3121 exitum
1796 3073 2070 3135 tamquam
2104 3086 2324 3135 prorsus
2358 3086 2613 3138 superva-

1560 3159 1789 3194 caneum
1833 3148 1888 3195 et
1929 3149 2119 3209 poetae
2163 3146 2381 3198 consilio
2415 3149 2610 3198 adver—

1559 3224 1768 3271 santem
1812 3235 2057 3272 resecare
2103 3221 2277 3272 vellet.
2321 3249 2376 3259 —-
2410 3223 2611 3287 Pholoe]

1560 3294 1712 3345 Idem
1745 3298 1952 3345 Nomen
1988 3296 2082 3345 Od.
2124 3298 2180 3356 4,
2218 3297 2312 3357 33,
2349 3298 2397 3346 7.
2441 3325 2495 3334 —-
2531 3298 2612 3360 su—

1557 3369 1683 3432 qaae]
1723 3373 1982 3434 «propter
2016 3371 2420 3421 inconstantiam
2446 3383 2609 3432 saepe

1560 3444 1630 3493 ab
1665 3445 1918 3494 amatoris
1942 3456 2126 3496 mensa
2153 3447 2206 3494 et
2238 3443 2434 3494 lectulo
2457 3444 2612 3493 aufu-

1559 3532 1903 3656 glettgmpura]
1943 3592 2189 3643 «Habeas
2224 3603 2416 3640 serena
2451 3592 2609 3640 nocte

1560 3663 1740 3716 lumen
1793 3668 2117 3730 integrum.»
2171 3667 2354 3714 scum„
2414 3691 2468 3700 —
2523 3677 2610 3713 ro-

1558 3742 1708 3806 nidet]
1762 3736 2102 3806 ἀντιλάμπει
2154 3737 2380 3802 explicat
2430 3737 2611 3789 Philo-

1559 3828 1745 3866 xenus,
1787 3818 1847 3868 Ut
1879 3817 1964 3865 hic
1996 3816 2158 3865 nitens
2189 3813 2257 3863 de
2281 3814 2401 3863 vivo
2425 3813 2609 3878 splen-

1559 3889 1717 3948 dore,
1757 3890 1823 3939 de
1860 3890 2067 3939 mitiore
2097 3888 2314 3949 renidet,
2352 3888 2428 3937 sic
2452 3886 2604 3953 Apul.

1556 3966 1680 4016 Met.
1728 3965 1775 4013 2.
1822 3977 1876 4027 p.
1927 3964 2038 4012 408.
2079 3962 2240 4012 Oud.:
2281 3961 2446 4024 Quid?
2494 3977 2610 4014 cum

1556 4039 1753 4101 capillis
1776 4064 1800 4075 ·
1821 4063 1847 4075 -
1865 4038 2001 4086 nitor
2041 4037 2324 4099 splendidus
2364 4038 2531 4087 illucet
2562 4043 2609 4088 et

1555 4118 1735 4163 contra
1782 4112 1898 4161 solis
1938 4112 2101 4161 aciem
2140 4116 2339 4174 vegetus
2379 4111 2611 4175 numerat

1553 4187 1634 4235 vol
1657 4186 1891 4248 placidus
1909 4184 2137 4236 renidet?
2169 4186 2281 4235 Hoc
2302 4186 2471 4235 verbo
2494 4188 2609 4235 ute-

1555 4261 1753 4311 bantur
1818 4260 1930 4310 fere
1998 4263 2190 4324 poetae
2261 4261 2605 4323 (quamquam
