3234 4975
655 395 778 461 548
830 483 839 492 ⁸

1162 399 1419 449 HORATII
1455 399 1793 452 CARMmUM
1845 400 1944 450 LIB
1982 401 2062 449 111.
2104 402 2161 451 C.
2201 401 2349 451 XXX.

820 553 1184 620 Deduxisse
1229 553 1476 620 modos.
1565 554 1762 620 Sume
1805 554 2180 641 superbiam

823 674 1196 753 Quaesitam
1240 673 1486 740 meritis
1530 684 1595 740 et
1637 672 1792 739 mihi
1835 673 2148 761 Delphica

2745 677 2827 742 ⁴5

818 794 1030 860 Lauro
1075 794 1262 878 cinge
1307 793 1563 868 volens,
1610 793 2016 881 Melpomene
2038 848 2052 872 ,
2100 817 2373 863 comam.

780 994 860 1041 45.
900 992 1112 1054 Delphin
1144 988 1177 1040 δ
1211 1004 1297 1054 ap.
1334 990 1544 1041 Kirchn.
1583 992 1646 1040 N.
1675 992 1736 1050 Q.
1765 992 1890 1042 Hor.
1917 1003 1971 1055 p.
1999 992 2080 1042 56.

654 1171 737 1219 est
758 1169 1083 1219 constructio
1117 1180 1291 1232 nuper
1325 1182 1357 1218 a
1388 1168 1572 1220 nescio
1594 1179 1703 1230 quo

653 1243 1024 1294 commendata
1048 1258 1059 1292 :
1087 1256 1192 1305 qua
1213 1243 1445 1307 remoavit
1465 1244 1701 1301 Daunus,

653 1331 719 1367 ex
750 1318 926 1367 timum
951 1321 1130 1379 potens
1154 1317 1477 1380 populorum.

720 1389 801 1442 ⁴4.
838 1390 1135 1456 Deduc-visse]
1175 1388 1558 1451 «transtulisse,
1595 1391 1706 1455 pri·

653 1477 805 1515 mum
839 1477 1033 1515 ausum
1068 1477 1190 1515 esse
1234 1465 1288 1514 in
1330 1465 1479 1529 poesi
1521 1466 1703 1515 Latina

653 1538 727 1588 uti
749 1536 928 1600 lyricis
947 1541 1275 1589 Graecorum
1298 1538 1534 1589 metris.»
1573 1541 1707 1588 Pau-

653 1612 880 1663 cissimis
915 1613 1059 1663 enim
1094 1613 1144 1662 ei
1175 1611 1337 1662 veluti
1370 1610 1708 1676 praeluserat

651 1685 906 1737 Catullus.
969 1685 1101 1750 (Noli
1145 1689 1328 1736 autem
1375 1687 1557 1735 nescio
1593 1698 1699 1749 qua

650 1772 908 1822 perversa
942 1761 1245 1810 inversione
1271 1757 1561 1823 explicare,
1595 1758 1701 1822 vel,

654 1832 803 1895 quod
844 1833 1007 1883 etiam
1050 1833 1206 1897 peius
1240 1834 1352 1894 est,
1408 1834 1705 1897 transposi-

655 1907 854 1956 tionem
904 1919 1208 1971 proponere
1274 1907 1704 1969 (Zimmermanni

651 1979 883 2030 zeitschr.
939 1979 1086 2031 4840.
1139 1993 1193 2046 p.
1249 1980 1450 2043 4046.);
1513 1980 1707 2031 Aeolios

651 2053 825 2103 modos
856 2066 1062 2104 cannen
1093 2053 1163 2103 ad
1193 2054 1393 2104 [tultum.
1463 2054 1569 2104 Sed
1601 2057 1702 2115 est,

652 2127 850 2177 Latinis
899 2125 1080 2178 verbis
1145 2128 1216 2178 ita
1272 2127 1466 2179 imitari
1531 2130 1704 2178 metra

654 2201 982 2251 Graecorum
1053 2199 1248 2265 lyrica,
1324 2204 1383 2251 ut
1438 2215 1704 2266 nusquam

651 2273 906 2337 violetur,
944 2274 1042 2326 sed
1074 2278 1338 2340 perpetuo
1375 2277 1556 2327 Latina
1591 2276 1707 2340 syl-

653 2347 898 2400 labarum
933 2350 1198 2413 quantitas
1249 2363 1481 2422 vocum,
1542 2353 1704 2415 atque

654 2423 707 2473 in
742 2423 990 2475 omnibus
1024 2426 1232 2476 sincera
1268 2425 1480 2475 Latinae
1524 2426 1705 2491 poesis

655 2502 902 2550 servetur
944 2499 1183 2561 indoles,
1240 2498 1292 2549 id
1329 2499 1475 2562 quod
1528 2500 1708 2550 efl’ecit

1778 1166 2061 1230 Horatius.)
2119 1195 2173 1205 —
2228 1169 2406 1233 Sume]
2460 1173 2746 1231 «Assume,
2793 1185 2828 1221 o

1777 1242 1924 1292 Musa
1956 1253 2106 1302 mea,
2158 1241 2509 1306 (Melpomene,
2545 1247 2606 1293 ut
2636 1243 2734 1294 Od.
2773 1244 2824 1306 4,

1775 1314 1834 1376 3,
1863 1314 1931 1377 4.)
1966 1315 2184 1379 spiritus
2208 1316 2406 1378 iustos,
2445 1318 2644 1381 quippe
2679 1318 2828 1382 inge-

1775 1389 1862 1438 nio
1897 1401 2021 1439 meo
2054 1390 2434 1440 convenientes
2451 1428 2464 1451 ,
2503 1396 2552 1440 et
2581 1391 2826 1454 Delphica

1776 1463 1948 1524 ceta»,
2001 1462 2056 1512 id
2108 1464 2219 1525 est,
2287 1462 2505 1528 dempta
2557 1465 2822 1528 imagine:

1778 1535 1900 1586 «tac
1923 1574 1935 1598 ,
1987 1537 2047 1586 ut
2080 1548 2272 1586 omnes
2315 1535 2618 1588 facultatem
2654 1540 2830 1603 poeti-

1777 1621 1926 1671 cam,
1964 1610 2116 1659 cuius
2138 1610 2266 1660 mihi
2290 1611 2538 1662 conscius
2562 1625 2711 1674 sum,
2749 1611 2829 1662 ul·

1776 1684 1858 1733 tro
1892 1686 2235 1747 agnoscant.»

1844 1758 1923 1808 45.
1962 1758 2042 1807 46.
2085 1757 2326 1820 Delphica
2350 1759 2538 1825 Latere]
2564 1758 2830 1822 Apollina-

1773 1845 1883 1883 rem
1916 1831 2045 1882 dicit
2066 1831 2162 1882 Od.
2208 1832 2265 1894 4,
2306 1833 2367 1893 2,
2412 1833 2461 1883 9.
2519 1859 2574 1870 —
2629 1834 2828 1899 volens]

1775 1906 2015 1957 Verbum
2043 1905 2300 1957 sollemne
2320 1908 2373 1957 in
2390 1906 2662 1973 precibus.
2700 1909 2830 1959 Ser-

1775 1981 1895 2031 vius
1918 1980 1987 2030 ad
2009 1983 2139 2031 Aen.
2185 1981 2206 2030 4
2232 2019 2244 2042 ,
2286 1980 2375 2031 ’734
2407 1996 2419 2030 :
2460 1982 2546 2032 Sic
2576 1982 2707 2032 enim
2740 1982 2825 2031 di-

1776 2060 1925 2105 eunt:
1999 2053 2225 2107 «Volens
2274 2056 2641 2120 propitiusque
2693 2057 2823 2107 sis.»

1780 2129 1910 2179 Cato
1961 2130 2019 2178 R.
2067 2129 2126 2179 R.
2181 2128 2302 2179 ⁴42:
2355 2130 2502 2179 Mars
2541 2135 2726 2192 pater,
2781 2135 2829 2180 te

1771 2216 1958 2266 precor
2011 2215 2318 2265 quaesoque,
2385 2204 2461 2252 uti
2517 2204 2613 2254 sies
2657 2204 2828 2254 volens

1773 2276 2024 2340 propitius
2043 2277 2193 2338 mihi,
2241 2277 2409 2338 domo,
2452 2277 2682 2340 familiae
2715 2279 2820 2328 cet.

1780 2352 1887 2401 Liv.
1932 2351 1988 2409 7,
2029 2350 2399 2401 26:1²recams
2429 2351 2630 2409 deinde,
2668 2352 2710 2401 εἰ
2744 2352 2825 2401 di-

1776 2439 1894 2484 vus,
1946 2424 1988 2473 si
2022 2424 2141 2473 diva
2173 2430 2319 2487 esset,
2364 2426 2452 2487 quo·
2484 2424 2576 2475 sibi
2601 2438 2823 2489 praepe-

1778 2505 1874 2550 tem
1894 2499 2103 2549 misisset
2118 2537 2130 2559 ,
2164 2499 2333 2548 volens
2349 2500 2597 2563 propitius
2617 2500 2820 2550 adesset.
