3234 4975
1242 391 1445 442 Lmen.
1518 353 1714 440 ciam.
1752 389 1883 439 xw.

2469 387 2593 451 7⁴9

680 545 966 613 Candide
1013 547 1384 621 MaeeenaS‚
1433 544 1679 611 occidis
1725 564 1924 630 saepe
1968 543 2288 630 rogando:
2554 546 2592 606 5

765 669 973 743 DeuS‚
1023 666 1187 732 deus
1231 686 1379 731 nam
1426 686 1527 732 me
1570 675 1746 731 vetat

679 789 1016 873 Inceptos,
1065 785 1218 851 olim
1262 787 1654 872 promissum
1697 806 1987 860 carmen,
2039 785 2287 851 iambos

758 907 852 972 Ad
896 905 1274 973 umbilicum
1319 906 1667 972 adducere.

676 1031 814 1094 Non
858 1026 1044 1093 aliter
1086 1027 1302 1093 Samio
1347 1025 1569 1093 dieunt
1610 1027 1852 1092 arsisse
1896 1025 2189 1114 Bathyllo

765 1151 1166 1214 Anacreonta
1210 1149 1431 1214 Teium
1454 1197 1467 1222 ‚

2518 1146 2594 1209 ’10

680 1270 804 1350 Qui
850 1290 1169 1356 persaepe
1214 1289 1374 1335 cava
1424 1265 1747 1334 testudine
1791 1265 1967 1333 flevit
2010 1286 2296 1334 amorem

763 1392 903 1456 Non
948 1388 1347 1456 elaboratum
1393 1386 1476 1453 ad
1519 1386 1776 1474 pedem.

676 1511 894 1579 Ureris
939 1511 1079 1598 ipse
1126 1509 1362 1576 miser:
1409 1507 1647 1596 quodsi
1692 1528 1822 1573 non
1866 1505 2196 1593 pulchrior
2241 1507 2404 1594 ignis

561 1737 639 1786 43.
676 1736 829 1785 miser
861 1735 924 1785 do
958 1736 1004 1796 ρ’
1039 1747 1141 1784 non
1173 1734 1230 1783 B.
1269 1731 1447 1796 (Quid,
1483 1732 1526 1781 si
1562 1731 1696 1789 HR,
1734 1744 1832 1793 quo
1868 1732 2005 1794 (igne
2040 1732 2147 1794 tuo)
2185 1732 2228 1780 si
2261 1733 2397 1794 Axt.)
2480 1725 2497 1744 ‘

423 1938 600 1989 biliter
622 1937 691 1987 ad
724 1939 868 1989 hunc
891 1933 1347 1988 adolescentulum
1369 1937 1477 1985 ret-

423 2013 540 2062 tulit
571 2013 653 2062 Fr.
694 2011 773 2062 ⁴8.
811 2024 864 2075 p.
892 2011 1015 2060 406:
1057 2010 1155 2072 Τίς
1189 2007 1332 2079 ἑρασ

424 2087 659 2171 Τρέψας
699 2081 893 2150 θυμὸν
939 2083 999 2146 ἐς
1047 2077 1201 2148 ἥβην
1234 2082 1474 2153 τερένων

423 2153 691 2225 ἡμιόπων
719 2153 810 2207 ὑπ’
832 2151 1023 2208 αὐλῶν
1040 2150 1356 2228 Ὀρχεῑταις
1393 2158 1471 2206 De

423 2232 617 2283 eodem
642 2233 725 2282 est
757 2231 894 2281 inter
922 2230 1473 2282 Pseudanacreontica

425 2307 601 2356 Carm.
628 2306 710 2356 29.
741 2305 864 2354 Eius
888 2306 1119 2355 statuam
1140 2318 1170 2354 a
1195 2304 1472 2367 Polycrate

428 2382 657 2442 tyranno
694 2378 924 2427 dicatam
966 2380 1182 2442 copiose
1218 2377 1477 2428 describit

426 2451 678 2517 Apuleius
713 2450 903 2502 Florid.
930 2452 992 2513 2,
1032 2451 1111 2503 45.
1148 2465 1202 2516 p.
1227 2452 1309 2503 5⁴.
1337 2451 1470 2502 oud.

425 2529 567 2578 Sam.
622 2527 780 2577 Birch
828 2528 883 2576 in
931 2526 1294 2590 Archaeoloqia
1343 2527 1471 2577 Brit.

425 2604 481 2652 T.
520 2602 694 2651 XXXI.
737 2613 858 2663 pag.
902 2600 1017 2649 257.
1055 2598 1337 2663 descripsit
1380 2613 1475 2651 vas

425 2675 791 2734 Anacreontis,
827 2675 887 2723 ut
909 2672 1137 2734 videtur,
1177 2675 1231 2723 et
1251 2671 1475 2735 Bathylli

427 2750 685 2812 imagines
752 2746 1029 2797 exhibens
1108 2747 1338 2809 Ztschrit‘t
1388 2747 1479 2810 fiir

423 2820 1061 2883 Alterthumswissenschatt
1106 2819 1251 2871 4845.
1297 2821 1472 2882 Suppl.

424 2899 473 2947 2.
511 2899 574 2947 N.
619 2897 703 2945 22.
749 2908 869 2959 pag.
909 2895 1021 2944 476.
1081 2920 1136 2930 -
1186 2894 1478 2944 Anacreon-

425 2971 496 3035 ta]
531 2971 657 3021 Eius
691 2971 921 3021 statuam
952 2968 1172 3018 Athenis
1194 2967 1325 3017 vidit
1347 2970 1480 3017 Pau·

427 3045 687 3105 samael,
713 3046 802 3104 25,
833 3045 887 3092 ⁴:
934 3043 1035 3092 καί
1069 3041 1132 3091 οἱ
1165 3037 1234 3091 τὸ
1273 3037 1478 3106 σχῆμά

426 3119 617 3177 ἐστιν,
672 3111 799 3168 οἷον
832 3111 1076 3184 ᾅδοντος
1114 3110 1189 3165 ἄν
1222 3114 1283 3167 ἐν
1319 3115 1476 3186 μέθῃ

425 3195 650 3260 γένοιτο
704 3186 1036 3262 ἀνθρώπου.
1097 3219 1149 3227 -
1201 3191 1315 3240 Non
1369 3190 1479 3239 ola-

427 3268 684 3330 boratum]
756 3266 1103 3316 Anacreontis
1163 3257 1473 3325 ἀφέλειαν,

429 3338 665 3390 naturale
712 3342 767 3389 et
809 3339 1033 3403 simplex
1076 3338 1347 3390 scribendi
1381 3351 1478 3401 ge-

429 3426 559 3473 nus,
610 3412 765 3475 longe
818 3413 1090 3462 diversum
1124 3426 1154 3461 a
1194 3415 1476 3476 poetarum

427 3484 899 3536 Alexandrinorum
951 3485 1125 3535 indole
1174 3487 1351 3549 potius
1403 3487 1478 3536 si-

427 3559 656 3623 gnificat,
684 3571 848 3621 quam
865 3561 925 3608 ut
942 3557 1307 3621 negligentius,
1330 3559 1477 3622 quod

429 3633 498 3682 ad
535 3645 789 3682 numeros
824 3633 1074 3692 attineat,
1130 3644 1255 3681 eum
1287 3645 1477 3683 versus

429 3706 798 3770 composuisse
817 3705 1191 3770 reprehendat.
1223 3704 1477 3767 «Bathylli

427 3792 670 3831 amorem
706 3779 918 3843 scripsit
962 3792 1068 3828 non
1117 3779 1185 3828 ita
1236 3778 1476 3842 perfeeto

430 3856 485 3905 et
525 3852 800 3903 elaborato
842 3852 982 3916 pede
1018 3864 1182 3915 quam
1233 3851 1478 3903 dulcibus

429 3926 712 3978 modulis.»
765 3927 948 3976 Senon.
994 3927 1184 3976 Critias
1218 3927 1388 3989 Bergk
1420 3939 1474 3989 p.

429 4000 560 4054 44⁴.
623 3996 737 4051 Τὸν
778 3998 840 4050 δὲ
881 4001 1218 4066 γυναικείων
1260 3997 1479 4064 μελέων

430 4070 714 4138 πλέξαντα
756 4070 881 4124 πότ’
925 4067 1078 4140 ᾠδὰς
1116 4067 1285 4123 Ἡδὺν
1321 4067 1480 4121 Ἀνα-

429 4151 696 4220 nestorea
719 4149 871 4210 Τέως
904 4149 986 4209 εἰς
1002 4141 1220 4196 Ἑλλάδ’
1245 4139 1476 4210 ἀνῆγεν,

431 4222 785 4289 Συμποσιων
829 4220 1141 4292 ἐρέθισμα,
1193 4216 1479 4286 γυναικῶν

1549 1927 1953 2004 ἠπερόπευμα,
2005 1926 2206 1984 Αὐλῶν
2254 1928 2594 1993 ἀντίπαλον,

1548 2005 2000 2080 φιλοβάρβιτον,
2041 2003 2212 2073 ἡδύν,
2248 2002 2490 2060 αλυπον.

1616 2084 1725 2134 43-
1744 2084 1824 2134 46,
1868 2083 2052 2147 Πνονίε]
2090 2086 2293 2144 «Quam
2315 2087 2423 2136 vim
2448 2099 2599 2135 exer-

1548 2160 1670 2208 ceat
1702 2170 1881 2217 amor,
1912 2158 2031 2221 ipse
2065 2156 2233 2220 probe
2270 2160 2439 2208 nosti·
2428 2195 2440 2218 ‚
2484 2162 2598 2209 ete-

1549 2233 1660 2281 nim
1696 2233 1752 2281 tu
1786 2243 2001 2293 quoque
2024 2244 2174 2281 amas
2208 2231 2461 2282 seminam
2485 2232 2601 2296 pul-

1549 2305 1931 2355 cherrimam.»
1998 2304 2074 2354 De
2121 2306 2394 2367 Terentia,
2452 2307 2599 2356 Mae-

1549 2378 1752 2428 cenatis
1794 2389 1989 2436 uxore,
2045 2374 2309 2440 explicant
2356 2377 2597 2441 plerique

1548 2449 1933 2517 praeeuntibus
1963 2449 2133 2501 tribus
2158 2450 2463 2503 Scholiastis
2481 2491 2493 2513 ‚
2533 2464 2597 2502 eo

1550 2526 1695 2589 quod
1736 2540 1863 2577 mox
1895 2524 2139 2575 libertina
2173 2529 2472 2589 opponatur
2514 2528 2599 2576 in—

1550 2613 1774 2665 genuae.
1846 2602 1952 2650 «Ae
2000 2613 2060 2650 re
2112 2613 2240 2650 vera
2287 2615 2375 2650 vv.
2426 2602 2600 2651 Gaude

1549 2680 1682 2725 sorte
1713 2680 1803 2724 tua
1825 2674 1892 2724 de
1925 2673 2158 2736 legitima
2194 2675 2401 2724 tantum
2430 2688 2597 2724 uxore

1551 2761 1816 2813 sponsave
1841 2746 2053 2810 intelligi
2075 2750 2351 2811 possunt.»
2379 2749 2593 2798 Fuimus.

1551 2823 1754 2872 Eadem
1775 2821 1941 2871 verba
1976 2822 2197 2885 insuper
2218 2823 2345 2873 satis
2380 2821 2602 2872 demon-

1551 2897 1722 2945 strant
1755 2895 1930 2944 minus
1962 2896 2085 2958 apte
2122 2908 2293 2958 nuper
2314 2909 2401 2944 vv.
2434 2897 2603 2944 Uret-is

1552 2969 1655 3017 cet.
1683 2966 1941 3031 explicata
1977 2980 2096 3018 esse
2132 2967 2200 3018 de
2234 2966 2498 3031 Bathyllo,
2534 2966 2601 3017 li-

1549 3040 1707 3091 berto
1758 3042 2078 3093 Maecenatis
2131 3044 2185 3092 et
2231 3043 2596 3105 pantomimo,

1552 3116 1621 3165 de
1656 3129 1760 3177 quo
1794 3116 1956 3165 Tacit.
1993 3117 2128 3165 Ann.
2166 3116 2221 3177 4,
2259 3115 2348 3166 54ε
2388 3117 2601 3168 Maece-

1552 3200 1649 3238 nas
1675 3188 1874 3240 effusus
1906 3189 1961 3238 in
1993 3202 2217 3238 amorem
2254 3190 2499 3251 Bathylli;
2536 3203 2600 3238 ac

1548 3265 1837 3325 propterea
1880 3264 2236 3312 memoratum
2282 3275 2403 3313 esse
2454 3261 2601 3312 illum

1550 3336 1898 3386 Anacreontis
1933 3334 2253 3397 Bathyllum.
2295 3334 2522 3385 «Blanda
2548 3337 2602 3384 et

1550 3410 1827 3460 Terentiae
1863 3422 1989 3459 cum
2024 3407 2222 3458 Helena
2253 3409 2599 3471 comparatio.

1551 3497 1677 3533 cum
1713 3481 1795 3532 illa
1827 3484 1972 3533 esset
2003 3481 2363 3545 pulcherrima
2388 3483 2441 3532 et
2461 3483 2603 3531 Mae-

1552 3559 1755 3608 cenatis
1778 3556 2017 3606 animum
2051 3554 2358 3604 vehementi
2393 3568 2519 3617 erga
2541 3567 2601 3605 se

1551 3643 1736 3681 amore
1756 3628 2141 3679 accendisset.»
2176 3629 2475 3678 Wmcmznr.
2507 3630 2603 3678 At-

1551 3718 1657 3768 que
1682 3704 1898 3754 omnino
1921 3703 2252 3767 ineptissima
2283 3702 2420 3753 foret
2449 3703 2601 3766 pueri

1552 3778 1761 3828 delicati
1819 3791 1943 3828 cum
2008 3776 2209 3827 Helena
2264 3776 2598 3839 compositio.

1558 3878 1610 3886 —-
1649 3851 1816 3915 miser]
1855 3850 2124 3900 «Miserum
2157 3862 2280 3909 esse,
2317 3850 2495 3898 misere
2523 3849 2605 3897 de—

1544 3926 1717 3986 perire
1742 3925 1986 3987 puellam,
2024 3923 2092 3974 de
2116 3936 2300 3973 amore
2327 3923 2488 3972 etiam
2522 3921 2603 3971 fe-

1550 3998 1803 4049 licissimo
1828 3999 1965 4049 adeo
1998 3996 2365 4062 pervolgatum
2402 3998 2508 4058 est,
2545 3997 2606 4045 ut

1554 4070 1798 4134 exempla
1845 4072 2035 4121 afferre
2083 4082 2306 4121 necesse
2343 4082 2447 4119 non
2482 4069 2601 4118 sit.»

1553 4145 1814 4205 Bosscmi,
1873 4144 2106 4194 refutans
2164 4144 2441 4194 mirificam
2496 4143 2599 4192 ΗΡ.

1556 4218 1949 4267 coniecturam:
2014 4218 2301 4266 «Horatius
2319 4230 2372 4262 n:
2438 4214 2606 4264 Ureris
