<?xml version="1.0" encoding="UTF-8"?>
<!DOCTYPE html PUBLIC "-//W3C//DTD XHTML 1.0 Transitional//EN"
    "http://www.w3.org/TR/xhtml1/DTD/xhtml1-transitional.dtd">
<html xmlns="http://www.w3.org/1999/xhtml" xml:lang="en" lang="en">
 <head>
  <title>
</title>
<meta http-equiv="Content-Type" content="text/html;charset=utf-8" />
  <meta name='ocr-system' content='tesseract 3.04.00' />
  <meta name='ocr-capabilities' content='ocr_page ocr_carea ocr_par ocr_line ocrx_word'/>
</head>
<body>
  <div class='ocr_page' id='page_1' title='image "./qhoratiusflaccu05baitgoog_0354.png"; bbox 0 0 3234 4975; ppageno 0'>
   <div class='ocr_carea' id='block_1_1' title="bbox 660 394 2047 459">
    <p class='ocr_par' dir='ltr' id='par_1_1' title="bbox 660 394 2047 459">
     <span class='ocr_line' id='line_1_1' title="bbox 660 394 2047 459; baseline 0.001 -14"><span class='ocrx_word' id='word_1_1' title='bbox 660 394 785 459; x_wconf 75' lang='lat'><strong>326</strong></span> <span class='ocrx_word' id='word_1_2' title='bbox 1416 395 1673 446; x_wconf 65' lang='lat' dir='ltr'><strong>nonnil</strong></span> <span class='ocrx_word' id='word_1_3' title='bbox 1709 396 2047 448; x_wconf 63' lang='lat' dir='ltr'><strong>emunim«</strong></span> 
     </span>
    </p>
   </div>
   <div class='ocr_carea' id='block_1_2' title="bbox 649 547 2830 1286">
    <p class='ocr_par' dir='ltr' id='par_1_2' title="bbox 649 547 2830 1286">
     <span class='ocr_line' id='line_1_2' title="bbox 656 547 2827 626; baseline 0.001 -23"><span class='ocrx_word' id='word_1_4' title='bbox 656 549 967 613; x_wconf 81' lang='grc' dir='ltr'><strong><em>χαιότατον</em></strong></span> <span class='ocrx_word' id='word_1_5' title='bbox 992 548 1163 622; x_wconf 78' lang='grc' dir='ltr'><strong>ἱερόν.</strong></span> <span class='ocrx_word' id='word_1_6' title='bbox 1201 578 1231 589; x_wconf 91' lang='lat'><em>-</em></span> <span class='ocrx_word' id='word_1_7' title='bbox 1251 578 1280 589; x_wconf 91' lang='lat'>-</span> <span class='ocrx_word' id='word_1_8' title='bbox 1303 552 1532 622; x_wconf 73' lang='grc' dir='ltr'><em>Γραφαὶ</em></span> <span class='ocrx_word' id='word_1_9' title='bbox 1551 550 1614 603; x_wconf 79' lang='grc' dir='ltr'><strong>δέ</strong></span> <span class='ocrx_word' id='word_1_10' title='bbox 1635 547 1845 602; x_wconf 75' lang='grc' dir='ltr'><em>αὐτόθι</em></span> <span class='ocrx_word' id='word_1_11' title='bbox 1865 580 1895 590; x_wconf 89' lang='grc'>-</span> <span class='ocrx_word' id='word_1_12' title='bbox 1917 580 1947 590; x_wconf 90' lang='lat'><strong>·-</strong></span> <span class='ocrx_word' id='word_1_13' title='bbox 1970 552 2069 602; x_wconf 78' lang='grc' dir='ltr'><strong>καὶ</strong></span> <span class='ocrx_word' id='word_1_14' title='bbox 2091 549 2348 616; x_wconf 74' lang='grc' dir='ltr'><em>Πενθεὺς</em></span> <span class='ocrx_word' id='word_1_15' title='bbox 2369 554 2469 604; x_wconf 76' lang='grc' dir='ltr'><strong>καὶ</strong></span> <span class='ocrx_word' id='word_1_16' title='bbox 2489 553 2827 626; x_wconf 78' lang='grc' dir='ltr'><strong><em>Λυκοῦργος</em></strong></span> 
     </span>
     <span class='ocr_line' id='line_1_3' title="bbox 655 625 2827 707; baseline 0.001 -21"><span class='ocrx_word' id='word_1_17' title='bbox 655 627 737 687; x_wconf 77' lang='grc' dir='ltr'><strong>ὦν</strong></span> <span class='ocrx_word' id='word_1_18' title='bbox 771 635 832 698; x_wconf 81' lang='grc' dir='ltr'><strong>ἐς</strong></span> <span class='ocrx_word' id='word_1_19' title='bbox 866 632 1150 686; x_wconf 74' lang='grc' dir='ltr'><em>Διόνυσον</em></span> <span class='ocrx_word' id='word_1_20' title='bbox 1186 625 1431 704; x_wconf 77' lang='grc' dir='ltr'><strong><em>ὕβρισαν</em></strong></span> <span class='ocrx_word' id='word_1_21' title='bbox 1464 632 1717 698; x_wconf 80' lang='grc' dir='ltr'><strong><em>διδόντες</em></strong></span> <span class='ocrx_word' id='word_1_22' title='bbox 1750 633 1929 698; x_wconf 80' lang='grc' dir='ltr'><strong><em>δίκας·</em></strong></span> <span class='ocrx_word' id='word_1_23' title='bbox 1962 630 2217 707; x_wconf 73' lang='grc' dir='ltr'><em>Ἀριάδνη</em></span> <span class='ocrx_word' id='word_1_24' title='bbox 2252 634 2315 686; x_wconf 78' lang='grc' dir='ltr'><strong>δὲ</strong></span> <span class='ocrx_word' id='word_1_25' title='bbox 2335 633 2706 690; x_wconf 74' lang='grc' dir='ltr'><strong><em>καθεύδουσα</em></strong></span> <span class='ocrx_word' id='word_1_26' title='bbox 2725 640 2827 689; x_wconf 74' lang='grc' dir='ltr'><strong>καὶ</strong></span> 
     </span>
     <span class='ocr_line' id='line_1_4' title="bbox 654 713 2830 793; baseline 0.001 -21"><span class='ocrx_word' id='word_1_27' title='bbox 654 716 881 787; x_wconf 79' lang='grc' dir='ltr'><strong><em>Θησεὺς</em></strong></span> <span class='ocrx_word' id='word_1_28' title='bbox 920 714 1282 787; x_wconf 66' lang='grc' dir='ltr'><em>ἀναγόμενος</em></span> <span class='ocrx_word' id='word_1_29' title='bbox 1325 720 1424 770; x_wconf 80' lang='grc' dir='ltr'><strong>καὶ</strong></span> <span class='ocrx_word' id='word_1_30' title='bbox 1444 716 1733 782; x_wconf 80' lang='grc' dir='ltr'><strong><em>Διόνυσος</em></strong></span> <span class='ocrx_word' id='word_1_31' title='bbox 1765 713 1926 785; x_wconf 75' lang='grc' dir='ltr'><em>ἥκων</em></span> <span class='ocrx_word' id='word_1_32' title='bbox 1957 718 2017 783; x_wconf 77' lang='grc' dir='ltr'><strong>ἐς</strong></span> <span class='ocrx_word' id='word_1_33' title='bbox 2049 716 2155 785; x_wconf 79' lang='grc' dir='ltr'><strong>τῆς</strong></span> <span class='ocrx_word' id='word_1_34' title='bbox 2182 713 2474 791; x_wconf 73' lang='grc' dir='ltr'><strong>Ἀριάδνης</strong></span> <span class='ocrx_word' id='word_1_35' title='bbox 2505 718 2614 788; x_wconf 77' lang='grc' dir='ltr'><strong>τὴν</strong></span> <span class='ocrx_word' id='word_1_36' title='bbox 2645 719 2830 793; x_wconf 78' lang='grc' dir='ltr'><em>ἁρπα-</em></span> 
     </span>
     <span class='ocr_line' id='line_1_5' title="bbox 650 801 2821 871; baseline 0.003 -19"><span class='ocrx_word' id='word_1_37' title='bbox 650 801 778 871; x_wconf 79' lang='grc' dir='ltr'><strong>γήν.</strong></span> <span class='ocrx_word' id='word_1_38' title='bbox 819 806 924 855; x_wconf 82' lang='lat' dir='ltr'><strong>Has</strong></span> <span class='ocrx_word' id='word_1_39' title='bbox 957 805 1193 868; x_wconf 80' lang='lat' dir='ltr'><strong>picturas</strong></span> <span class='ocrx_word' id='word_1_40' title='bbox 1227 804 1472 853; x_wconf 82' lang='lat' dir='ltr'>Horatius</span> <span class='ocrx_word' id='word_1_41' title='bbox 1508 803 1732 854; x_wconf 78' lang='lat' dir='ltr'><strong>fortasse</strong></span> <span class='ocrx_word' id='word_1_42' title='bbox 1766 803 1974 853; x_wconf 80' lang='lat' dir='ltr'><strong>viderat</strong></span> <span class='ocrx_word' id='word_1_43' title='bbox 2006 804 2241 855; x_wconf 83' lang='lat' dir='ltr'><strong>Athenis.</strong></span> <span class='ocrx_word' id='word_1_44' title='bbox 2278 832 2333 841; x_wconf 91' lang='lat'>—</span> <span class='ocrx_word' id='word_1_45' title='bbox 2360 807 2438 856; x_wconf 90' lang='lat' dir='ltr'><strong>De</strong></span> <span class='ocrx_word' id='word_1_46' title='bbox 2462 808 2704 870; x_wconf 81' lang='lat' dir='ltr'>Lycurgo</span> <span class='ocrx_word' id='word_1_47' title='bbox 2727 809 2821 858; x_wconf 81' lang='lat' dir='ltr'><strong>cfr.</strong></span> 
     </span>
     <span class='ocr_line' id='line_1_6' title="bbox 651 887 2824 952; baseline 0.001 -13"><span class='ocrx_word' id='word_1_48' title='bbox 651 889 911 952; x_wconf 78' lang='lat' dir='ltr'><strong>imprimis</strong></span> <span class='ocrx_word' id='word_1_49' title='bbox 945 888 1117 950; x_wconf 70' lang='lat' dir='ltr'><strong>Zoega</strong></span> <span class='ocrx_word' id='word_1_50' title='bbox 1149 887 1389 937; x_wconf 67' lang='lat' dir='ltr'><strong>Abhandl.</strong></span> <span class='ocrx_word' id='word_1_51' title='bbox 1418 888 1456 935; x_wconf 94' lang='lat'><strong>1.</strong></span> <span class='ocrx_word' id='word_1_52' title='bbox 1492 887 1779 937; x_wconf 68' lang='lat' dir='ltr'><strong>Kunstblatt</strong></span> <span class='ocrx_word' id='word_1_53' title='bbox 1814 888 1957 938; x_wconf 77' lang='grc'>4829.</span> <span class='ocrx_word' id='word_1_54' title='bbox 1984 889 2026 937; x_wconf 83' lang='lat' dir='ltr'>N</span> <span class='ocrx_word' id='word_1_55' title='bbox 2036 924 2046 935; x_wconf 93' lang='lat'><strong>.</strong></span> <span class='ocrx_word' id='word_1_56' title='bbox 2076 888 2157 937; x_wconf 75' lang='lat'><strong>⁴5.</strong></span> <span class='ocrx_word' id='word_1_57' title='bbox 2228 888 2363 938; x_wconf 88' lang='lat' dir='ltr'><strong>Eum</strong></span> <span class='ocrx_word' id='word_1_58' title='bbox 2384 888 2597 940; x_wconf 84' lang='lat' dir='ltr'><strong>videbis</strong></span> <span class='ocrx_word' id='word_1_59' title='bbox 2620 890 2672 940; x_wconf 90' lang='lat' dir='ltr'><strong>in</strong></span> <span class='ocrx_word' id='word_1_60' title='bbox 2695 903 2824 942; x_wconf 80' lang='lat' dir='ltr'><strong>vase</strong></span> 
     </span>
     <span class='ocr_line' id='line_1_7' title="bbox 650 969 2826 1035; baseline 0.001 -14"><span class='ocrx_word' id='word_1_61' title='bbox 650 970 998 1035; x_wconf 79' lang='lat' dir='ltr'><strong>italo-graeco</strong></span> <span class='ocrx_word' id='word_1_62' title='bbox 1032 972 1085 1021; x_wconf 89' lang='lat' dir='ltr'><strong>in</strong></span> <span class='ocrx_word' id='word_1_63' title='bbox 1120 969 1277 1022; x_wconf 83' lang='lat' dir='ltr'><strong>Millin</strong></span> <span class='ocrx_word' id='word_1_64' title='bbox 1310 971 1484 1020; x_wconf 71' lang='lat' dir='ltr'><strong>noser.</strong></span> <span class='ocrx_word' id='word_1_65' title='bbox 1522 971 1605 1020; x_wconf 70' lang='lat' dir='ltr'><strong>des</strong></span> <span class='ocrx_word' id='word_1_66' title='bbox 1638 970 1785 1021; x_wconf 70' lang='lat' dir='ltr'><strong>lomb.</strong></span> <span class='ocrx_word' id='word_1_67' title='bbox 1824 972 1884 1020; x_wconf 78' lang='lat' dir='ltr'><strong>de</strong></span> <span class='ocrx_word' id='word_1_68' title='bbox 1916 971 2105 1021; x_wconf 69' lang='lat' dir='ltr'><strong>canosa</strong></span> <span class='ocrx_word' id='word_1_69' title='bbox 2137 970 2195 1020; x_wconf 87' lang='lat' dir='ltr'><strong>T.</strong></span> <span class='ocrx_word' id='word_1_70' title='bbox 2221 972 2271 1021; x_wconf 97' lang='grc'>2.</span> <span class='ocrx_word' id='word_1_71' title='bbox 2308 972 2370 1022; x_wconf 88' lang='lat' dir='ltr'><strong>N.</strong></span> <span class='ocrx_word' id='word_1_72' title='bbox 2400 973 2479 1021; x_wconf 79' lang='grc' dir='ltr'><strong>Μ.</strong></span> <span class='ocrx_word' id='word_1_73' title='bbox 2506 973 2635 1022; x_wconf 87' lang='lat' dir='ltr'><strong>etin</strong></span> <span class='ocrx_word' id='word_1_74' title='bbox 2658 973 2826 1024; x_wconf 81' lang='lat' dir='ltr'><strong>altero</strong></span> 
     </span>
     <span class='ocr_line' id='line_1_8' title="bbox 649 1052 2825 1122; baseline 0 -16"><span class='ocrx_word' id='word_1_75' title='bbox 649 1057 778 1106; x_wconf 70' lang='lat' dir='ltr'><strong>Mus.</strong></span> <span class='ocrx_word' id='word_1_76' title='bbox 816 1054 966 1105; x_wconf 75' lang='lat' dir='ltr'><strong>Bor-b.</strong></span> <span class='ocrx_word' id='word_1_77' title='bbox 1005 1054 1134 1105; x_wconf 77' lang='lat' dir='ltr'>XIII.</span> <span class='ocrx_word' id='word_1_78' title='bbox 1172 1055 1228 1103; x_wconf 90' lang='lat' dir='ltr'><strong>T.</strong></span> <span class='ocrx_word' id='word_1_79' title='bbox 1264 1053 1376 1114; x_wconf 89' lang='grc'>29.,</span> <span class='ocrx_word' id='word_1_80' title='bbox 1414 1053 1506 1103; x_wconf 87' lang='lat' dir='ltr'><strong>nbi</strong></span> <span class='ocrx_word' id='word_1_81' title='bbox 1541 1054 1648 1104; x_wconf 77' lang='lat' dir='ltr'><strong>iem</strong></span> <span class='ocrx_word' id='word_1_82' title='bbox 1684 1066 1871 1105; x_wconf 81' lang='lat' dir='ltr'><strong>amens</strong></span> <span class='ocrx_word' id='word_1_83' title='bbox 1908 1055 2077 1104; x_wconf 77' lang='lat' dir='ltr'><strong>factus</strong></span> <span class='ocrx_word' id='word_1_84' title='bbox 2109 1052 2194 1104; x_wconf 83' lang='lat' dir='ltr'><strong>vel</strong></span> <span class='ocrx_word' id='word_1_85' title='bbox 2230 1053 2336 1104; x_wconf 82' lang='lat' dir='ltr'><strong>filio</strong></span> <span class='ocrx_word' id='word_1_86' title='bbox 2369 1054 2454 1105; x_wconf 82' lang='lat' dir='ltr'><strong>vel</strong></span> <span class='ocrx_word' id='word_1_87' title='bbox 2488 1057 2698 1107; x_wconf 79' lang='lat' dir='ltr'><strong>Baccho</strong></span> <span class='ocrx_word' id='word_1_88' title='bbox 2726 1058 2825 1122; x_wconf 89' lang='lat' dir='ltr'><strong>ipsi</strong></span> 
     </span>
     <span class='ocr_line' id='line_1_9' title="bbox 653 1137 2825 1202; baseline 0 -13"><span class='ocrx_word' id='word_1_89' title='bbox 653 1138 954 1202; x_wconf 79' lang='lat' dir='ltr'><strong>(inghirami</strong></span> <span class='ocrx_word' id='word_1_90' title='bbox 989 1137 1120 1189; x_wconf 83' lang='lat' dir='ltr'><strong><em>Gall.</em></strong></span> <span class='ocrx_word' id='word_1_91' title='bbox 1159 1137 1266 1186; x_wconf 86' lang='lat' dir='ltr'><strong>Om.</strong></span> <span class='ocrx_word' id='word_1_92' title='bbox 1305 1138 1343 1187; x_wconf 93' lang='lat'><strong>1.</strong></span> <span class='ocrx_word' id='word_1_93' title='bbox 1374 1149 1427 1200; x_wconf 87' lang='lat' dir='ltr'><strong>p.</strong></span> <span class='ocrx_word' id='word_1_94' title='bbox 1466 1137 1600 1198; x_wconf 71' lang='lat'><strong>⁴56.)</strong></span> <span class='ocrx_word' id='word_1_95' title='bbox 1638 1138 1812 1188; x_wconf 84' lang='lat' dir='ltr'><strong>securi</strong></span> <span class='ocrx_word' id='word_1_96' title='bbox 1846 1138 2011 1187; x_wconf 88' lang='lat' dir='ltr'><strong>ictum</strong></span> <span class='ocrx_word' id='word_1_97' title='bbox 2046 1137 2284 1187; x_wconf 75' lang='lat' dir='ltr'><strong>intentat.</strong></span> <span class='ocrx_word' id='word_1_98' title='bbox 2356 1139 2583 1202; x_wconf 79' lang='lat' dir='ltr'><strong>Lycurgi</strong></span> <span class='ocrx_word' id='word_1_99' title='bbox 2609 1141 2825 1190; x_wconf 82' lang='lat' dir='ltr'><strong>exitium</strong></span> 
     </span>
     <span class='ocr_line' id='line_1_10' title="bbox 651 1220 2820 1286; baseline 0 -14"><span class='ocrx_word' id='word_1_100' title='bbox 651 1223 852 1286; x_wconf 87' lang='lat' dir='ltr'><strong>ipsum,</strong></span> <span class='ocrx_word' id='word_1_101' title='bbox 903 1220 997 1271; x_wconf 87' lang='lat' dir='ltr'><strong>ubi</strong></span> <span class='ocrx_word' id='word_1_102' title='bbox 1032 1221 1182 1271; x_wconf 79' lang='lat' dir='ltr'><strong>Furia</strong></span> <span class='ocrx_word' id='word_1_103' title='bbox 1218 1221 1356 1270; x_wconf 80' lang='lat' dir='ltr'><strong>ferro</strong></span> <span class='ocrx_word' id='word_1_104' title='bbox 1390 1220 1698 1271; x_wconf 79' lang='lat' dir='ltr'><strong>acutissimo</strong></span> <span class='ocrx_word' id='word_1_105' title='bbox 1733 1234 1858 1271; x_wconf 90' lang='lat' dir='ltr'><strong>eum</strong></span> <span class='ocrx_word' id='word_1_106' title='bbox 1893 1224 2172 1281; x_wconf 78' lang='lat' dir='ltr'>excaecat,</span> <span class='ocrx_word' id='word_1_107' title='bbox 2226 1223 2310 1272; x_wconf 88' lang='lat' dir='ltr'><strong>est</strong></span> <span class='ocrx_word' id='word_1_108' title='bbox 2342 1220 2470 1272; x_wconf 88' lang='lat' dir='ltr'><strong>ibid.</strong></span> <span class='ocrx_word' id='word_1_109' title='bbox 2508 1220 2654 1272; x_wconf 84' lang='lat' dir='ltr'><strong>Iliad.</strong></span> <span class='ocrx_word' id='word_1_110' title='bbox 2691 1220 2820 1272; x_wconf 83' lang='lat' dir='ltr'><strong>Tab.</strong></span> 
     </span>
    </p>
   </div>
   <div class='ocr_carea' id='block_1_3' title="bbox 651 1303 2825 1443">
    <p class='ocr_par' dir='ltr' id='par_1_3' title="bbox 651 1303 2825 1443">
     <span class='ocr_line' id='line_1_11' title="bbox 651 1303 2819 1369; baseline 0 -13"><span class='ocrx_word' id='word_1_111' title='bbox 651 1306 732 1356; x_wconf 89' lang='grc'>82.</span> <span class='ocrx_word' id='word_1_112' title='bbox 795 1306 1103 1369; x_wconf 76' lang='lat' dir='ltr'><strong>comparato</strong></span> <span class='ocrx_word' id='word_1_113' title='bbox 1161 1305 1346 1354; x_wconf 85' lang='lat' dir='ltr'><strong>Nonno</strong></span> <span class='ocrx_word' id='word_1_114' title='bbox 1403 1304 1499 1364; x_wconf 84' lang='grc'>20,</span> <span class='ocrx_word' id='word_1_115' title='bbox 1568 1304 1651 1353; x_wconf 76' lang='lat'><strong>35.</strong></span> <span class='ocrx_word' id='word_1_116' title='bbox 1746 1303 1920 1367; x_wconf 75' lang='lat' dir='ltr'><strong>(Cous.</strong></span> <span class='ocrx_word' id='word_1_117' title='bbox 1981 1305 2143 1354; x_wconf 79' lang='lat' dir='ltr'><strong>etiam</strong></span> <span class='ocrx_word' id='word_1_118' title='bbox 2199 1305 2439 1356; x_wconf 78' lang='lat' dir='ltr'><strong>Get-hard</strong></span> <span class='ocrx_word' id='word_1_119' title='bbox 2493 1306 2819 1369; x_wconf 73' lang='lat' dir='ltr'><strong>Archaeotoq.</strong></span> 
     </span>
     <span class='ocr_line' id='line_1_12' title="bbox 662 1376 2825 1443; baseline -0.001 -12"><span class='ocrx_word' id='word_1_120' title='bbox 662 1379 887 1443; x_wconf 72' lang='lat' dir='ltr'><strong>Zeituny.</strong></span> <span class='ocrx_word' id='word_1_121' title='bbox 934 1379 1020 1429; x_wconf 84' lang='lat' dir='ltr'><strong>IV.</strong></span> <span class='ocrx_word' id='word_1_122' title='bbox 1069 1391 1121 1442; x_wconf 87' lang='lat' dir='ltr'><strong>p.</strong></span> <span class='ocrx_word' id='word_1_123' title='bbox 1167 1376 1304 1441; x_wconf 72' lang='lat'><strong>254.)</strong></span> <span class='ocrx_word' id='word_1_124' title='bbox 1360 1406 1414 1415; x_wconf 88' lang='lat'><strong>—</strong></span> <span class='ocrx_word' id='word_1_125' title='bbox 1471 1392 1520 1428; x_wconf 85' lang='lat' dir='ltr'><strong>v.</strong></span> <span class='ocrx_word' id='word_1_126' title='bbox 1572 1379 1656 1428; x_wconf 88' lang='grc'>20.</span> <span class='ocrx_word' id='word_1_127' title='bbox 1706 1376 2042 1442; x_wconf 74' lang='lat' dir='ltr'><strong>Bistonidum]</strong></span> <span class='ocrx_word' id='word_1_128' title='bbox 2093 1378 2334 1429; x_wconf 78' lang='lat' dir='ltr'><strong>Bacchae</strong></span> <span class='ocrx_word' id='word_1_129' title='bbox 2382 1382 2611 1443; x_wconf 79' lang='lat' dir='ltr'><strong>utreque</strong></span> <span class='ocrx_word' id='word_1_130' title='bbox 2663 1393 2825 1429; x_wconf 83' lang='lat' dir='ltr'><strong>manu</strong></span> 
     </span>
    </p>
   </div>
   <div class='ocr_carea' id='block_1_4' title="bbox 649 1460 2826 2111">
    <p class='ocr_par' dir='ltr' id='par_1_4' title="bbox 649 1460 2826 2111">
     <span class='ocr_line' id='line_1_13' title="bbox 651 1460 2820 1528; baseline -0.001 -14"><span class='ocrx_word' id='word_1_131' title='bbox 651 1465 931 1528; x_wconf 81' lang='lat' dir='ltr'><strong>serpentes</strong></span> <span class='ocrx_word' id='word_1_132' title='bbox 981 1463 1251 1526; x_wconf 80' lang='lat' dir='ltr'><strong>gestantes</strong></span> <span class='ocrx_word' id='word_1_133' title='bbox 1300 1476 1350 1510; x_wconf 86' lang='lat' dir='ltr'><strong>v.</strong></span> <span class='ocrx_word' id='word_1_134' title='bbox 1389 1462 1532 1526; x_wconf 81' lang='lat' dir='ltr'><strong>apud</strong></span> <span class='ocrx_word' id='word_1_135' title='bbox 1577 1460 2026 1512; x_wconf 82' lang='lat' dir='ltr'><strong>Raoul-Rochette</strong></span> <span class='ocrx_word' id='word_1_136' title='bbox 2077 1464 2215 1512; x_wconf 77' lang='lat' dir='ltr'><strong>Mon.</strong></span> <span class='ocrx_word' id='word_1_137' title='bbox 2267 1463 2401 1512; x_wconf 65' lang='lat' dir='ltr'><strong>inda.</strong></span> <span class='ocrx_word' id='word_1_138' title='bbox 2458 1464 2498 1513; x_wconf 94' lang='lat'><strong>1.</strong></span> <span class='ocrx_word' id='word_1_139' title='bbox 2549 1476 2604 1527; x_wconf 90' lang='lat' dir='ltr'><strong>p.</strong></span> <span class='ocrx_word' id='word_1_140' title='bbox 2640 1463 2722 1513; x_wconf 90' lang='grc'><strong>22.</strong></span> <span class='ocrx_word' id='word_1_141' title='bbox 2766 1490 2820 1499; x_wconf 89' lang='grc'>-</span> 
     </span>
     <span class='ocr_line' id='line_1_14' title="bbox 649 1544 2824 1610; baseline -0.001 -12"><span class='ocrx_word' id='word_1_142' title='bbox 649 1549 731 1598; x_wconf 88' lang='grc'><strong>22.</strong></span> <span class='ocrx_word' id='word_1_143' title='bbox 770 1545 1067 1610; x_wconf 67' lang='lat' dir='ltr'><strong>quantvun]</strong></span> <span class='ocrx_word' id='word_1_144' title='bbox 1118 1545 1314 1596; x_wconf 83' lang='lat' dir='ltr'><strong>Bacchi</strong></span> <span class='ocrx_word' id='word_1_145' title='bbox 1348 1546 1624 1608; x_wconf 84' lang='lat' dir='ltr'><strong>Gigantem</strong></span> <span class='ocrx_word' id='word_1_146' title='bbox 1674 1544 2025 1596; x_wconf 77' lang='lat' dir='ltr'><strong>confodientis</strong></span> <span class='ocrx_word' id='word_1_147' title='bbox 2077 1546 2287 1609; x_wconf 77' lang='lat' dir='ltr'><strong>egregia</strong></span> <span class='ocrx_word' id='word_1_148' title='bbox 2333 1548 2417 1596; x_wconf 90' lang='lat' dir='ltr'><strong>est</strong></span> <span class='ocrx_word' id='word_1_149' title='bbox 2449 1546 2624 1609; x_wconf 78' lang='lat' dir='ltr'><strong>imago</strong></span> <span class='ocrx_word' id='word_1_150' title='bbox 2679 1546 2824 1610; x_wconf 82' lang='lat' dir='ltr'><strong>apud</strong></span> 
     </span>
     <span class='ocr_line' id='line_1_15' title="bbox 653 1628 2824 1693; baseline -0.001 -11"><span class='ocrx_word' id='word_1_151' title='bbox 653 1630 892 1682; x_wconf 78' lang='lat' dir='ltr'><strong>Gerhard</strong></span> <span class='ocrx_word' id='word_1_152' title='bbox 933 1631 1211 1693; x_wconf 69' lang='lat' dir='ltr'><strong>Vasenoom.</strong></span> <span class='ocrx_word' id='word_1_153' title='bbox 1251 1631 1307 1679; x_wconf 89' lang='lat' dir='ltr'><strong>T.</strong></span> <span class='ocrx_word' id='word_1_154' title='bbox 1346 1628 1425 1680; x_wconf 72' lang='lat'><strong>64.</strong></span> <span class='ocrx_word' id='word_1_155' title='bbox 1482 1631 1616 1679; x_wconf 91' lang='lat' dir='ltr'><strong>Item</strong></span> <span class='ocrx_word' id='word_1_156' title='bbox 1649 1629 1890 1680; x_wconf 82' lang='lat' dir='ltr'><strong>Bacchus</strong></span> <span class='ocrx_word' id='word_1_157' title='bbox 1924 1628 2183 1680; x_wconf 80' lang='lat' dir='ltr'><strong>barbatus</strong></span> <span class='ocrx_word' id='word_1_158' title='bbox 2220 1631 2479 1693; x_wconf 81' lang='lat' dir='ltr'>Eurytum</span> <span class='ocrx_word' id='word_1_159' title='bbox 2513 1629 2824 1681; x_wconf 81' lang='lat' dir='ltr'><strong>confodiens</strong></span> 
     </span>
     <span class='ocr_line' id='line_1_16' title="bbox 653 1711 2825 1778; baseline 0 -15"><span class='ocrx_word' id='word_1_160' title='bbox 653 1714 797 1777; x_wconf 80' lang='lat' dir='ltr'><strong>apud</strong></span> <span class='ocrx_word' id='word_1_161' title='bbox 839 1711 1099 1776; x_wconf 78' lang='lat' dir='ltr'><strong>Millingen</strong></span> <span class='ocrx_word' id='word_1_162' title='bbox 1143 1715 1182 1763; x_wconf 91' lang='lat'><strong>1.</strong></span> <span class='ocrx_word' id='word_1_163' title='bbox 1220 1713 1277 1763; x_wconf 88' lang='grc' dir='ltr'><strong>Τ.</strong></span> <span class='ocrx_word' id='word_1_164' title='bbox 1315 1714 1397 1763; x_wconf 81' lang='grc'>25.</span> <span class='ocrx_word' id='word_1_165' title='bbox 1436 1715 1596 1776; x_wconf 80' lang='lat' dir='ltr'><strong>etque</strong></span> <span class='ocrx_word' id='word_1_166' title='bbox 1642 1711 1919 1777; x_wconf 73' lang='lat' dir='ltr'><strong>Ephialten</strong></span> <span class='ocrx_word' id='word_1_167' title='bbox 1962 1712 2091 1764; x_wconf 84' lang='lat' dir='ltr'><strong>ibid.</strong></span> <span class='ocrx_word' id='word_1_168' title='bbox 2127 1715 2184 1763; x_wconf 88' lang='lat' dir='ltr'><strong>T.</strong></span> <span class='ocrx_word' id='word_1_169' title='bbox 2220 1714 2270 1763; x_wconf 88' lang='lat'><strong>7.</strong></span> <span class='ocrx_word' id='word_1_170' title='bbox 2311 1740 2367 1750; x_wconf 88' lang='lat'>—</span> <span class='ocrx_word' id='word_1_171' title='bbox 2410 1714 2492 1764; x_wconf 88' lang='grc'>23.</span> <span class='ocrx_word' id='word_1_172' title='bbox 2526 1714 2696 1778; x_wconf 74' lang='lat' dir='ltr'><strong>leonis]</strong></span> <span class='ocrx_word' id='word_1_173' title='bbox 2737 1715 2825 1763; x_wconf 86' lang='lat' dir='ltr'><strong>In-</strong></span> 
     </span>
     <span class='ocr_line' id='line_1_17' title="bbox 655 1795 2826 1860; baseline 0 -13"><span class='ocrx_word' id='word_1_174' title='bbox 655 1797 885 1858; x_wconf 84' lang='lat' dir='ltr'><strong>terdum,</strong></span> <span class='ocrx_word' id='word_1_175' title='bbox 922 1796 1021 1847; x_wconf 89' lang='lat' dir='ltr'><strong>sed</strong></span> <span class='ocrx_word' id='word_1_176' title='bbox 1055 1809 1202 1857; x_wconf 81' lang='lat' dir='ltr'>raro,</span> <span class='ocrx_word' id='word_1_177' title='bbox 1239 1795 1323 1846; x_wconf 88' lang='lat' dir='ltr'><strong>leo</strong></span> <span class='ocrx_word' id='word_1_178' title='bbox 1358 1797 1552 1846; x_wconf 83' lang='lat' dir='ltr'><strong>Bacchi</strong></span> <span class='ocrx_word' id='word_1_179' title='bbox 1586 1798 1671 1846; x_wconf 84' lang='lat' dir='ltr'><strong>est</strong></span> <span class='ocrx_word' id='word_1_180' title='bbox 1704 1795 1929 1847; x_wconf 78' lang='lat' dir='ltr'><strong>famulus</strong></span> <span class='ocrx_word' id='word_1_181' title='bbox 1963 1799 2075 1847; x_wconf 82' lang='lat' dir='ltr'><strong>sive</strong></span> <span class='ocrx_word' id='word_1_182' title='bbox 2109 1809 2294 1848; x_wconf 88' lang='lat' dir='ltr'><strong>comes</strong></span> <span class='ocrx_word' id='word_1_183' title='bbox 2327 1797 2380 1847; x_wconf 89' lang='lat' dir='ltr'><strong>in</strong></span> <span class='ocrx_word' id='word_1_184' title='bbox 2414 1797 2665 1860; x_wconf 78' lang='lat' dir='ltr'><strong>antiquae</strong></span> <span class='ocrx_word' id='word_1_185' title='bbox 2696 1797 2826 1847; x_wconf 80' lang='lat' dir='ltr'><strong>artis</strong></span> 
     </span>
     <span class='ocr_line' id='line_1_18' title="bbox 656 1878 2824 1945; baseline 0 -16"><span class='ocrx_word' id='word_1_186' title='bbox 656 1879 929 1945; x_wconf 75' lang='lat' dir='ltr'><strong>operibus,</strong></span> <span class='ocrx_word' id='word_1_187' title='bbox 985 1879 1355 1930; x_wconf 73' lang='lat' dir='ltr'><strong>Crr.Gerha1-d</strong></span> <span class='ocrx_word' id='word_1_188' title='bbox 1396 1880 1678 1944; x_wconf 72' lang='lat' dir='ltr'><strong>Vasenqem.</strong></span> <span class='ocrx_word' id='word_1_189' title='bbox 1717 1881 1773 1930; x_wconf 93' lang='lat' dir='ltr'><strong>T.</strong></span> <span class='ocrx_word' id='word_1_190' title='bbox 1800 1880 1882 1930; x_wconf 87' lang='grc'><strong>38.</strong></span> <span class='ocrx_word' id='word_1_191' title='bbox 1926 1908 1980 1918; x_wconf 92' lang='lat'><strong>—-</strong></span> <span class='ocrx_word' id='word_1_192' title='bbox 2017 1880 2098 1931; x_wconf 85' lang='grc'>29.</span> <span class='ocrx_word' id='word_1_193' title='bbox 2141 1882 2202 1931; x_wconf 76' lang='lat' dir='ltr'><strong>To</strong></span> <span class='ocrx_word' id='word_1_194' title='bbox 2231 1880 2372 1945; x_wconf 77' lang='lat' dir='ltr'><strong>vidit]</strong></span> <span class='ocrx_word' id='word_1_195' title='bbox 2410 1880 2547 1931; x_wconf 89' lang='lat' dir='ltr'><strong>Cum</strong></span> <span class='ocrx_word' id='word_1_196' title='bbox 2577 1878 2824 1931; x_wconf 86' lang='lat' dir='ltr'><strong>Semelen</strong></span> 
     </span>
     <span class='ocr_line' id='line_1_19' title="bbox 656 1962 2825 2029; baseline -0.001 -15"><span class='ocrx_word' id='word_1_197' title='bbox 656 1966 882 2014; x_wconf 83' lang='lat' dir='ltr'><strong>matrem</strong></span> <span class='ocrx_word' id='word_1_198' title='bbox 917 1977 983 2014; x_wconf 86' lang='lat' dir='ltr'><strong>ex</strong></span> <span class='ocrx_word' id='word_1_199' title='bbox 1015 1964 1151 2014; x_wconf 83' lang='lat' dir='ltr'><strong>Orco</strong></span> <span class='ocrx_word' id='word_1_200' title='bbox 1188 1963 1495 2025; x_wconf 81' lang='lat' dir='ltr'><strong>reduceret,</strong></span> <span class='ocrx_word' id='word_1_201' title='bbox 1534 1964 1686 2014; x_wconf 88' lang='lat' dir='ltr'><strong>cuius</strong></span> <span class='ocrx_word' id='word_1_202' title='bbox 1720 1964 1915 2028; x_wconf 89' lang='lat' dir='ltr'><strong>incepti</strong></span> <span class='ocrx_word' id='word_1_203' title='bbox 1940 1978 1969 2014; x_wconf 83' lang='lat' dir='ltr'>a</span> <span class='ocrx_word' id='word_1_204' title='bbox 1992 1964 2183 2015; x_wconf 82' lang='lat' dir='ltr'><strong>Libero</strong></span> <span class='ocrx_word' id='word_1_205' title='bbox 2205 1967 2356 2028; x_wconf 84' lang='lat' dir='ltr'><strong>patre</strong></span> <span class='ocrx_word' id='word_1_206' title='bbox 2389 1962 2612 2014; x_wconf 78' lang='lat' dir='ltr'><strong>feliciter</strong></span> <span class='ocrx_word' id='word_1_207' title='bbox 2631 1964 2825 2029; x_wconf 80' lang='lat' dir='ltr'><strong>patrati</strong></span> 
     </span>
     <span class='ocr_line' id='line_1_20' title="bbox 655 2046 2576 2111; baseline 0 -14"><span class='ocrx_word' id='word_1_208' title='bbox 655 2046 1011 2111; x_wconf 81' lang='lat' dir='ltr'><strong>pulcherrima</strong></span> <span class='ocrx_word' id='word_1_209' title='bbox 1047 2049 1220 2110; x_wconf 78' lang='lat' dir='ltr'><strong>imago</strong></span> <span class='ocrx_word' id='word_1_210' title='bbox 1257 2049 1428 2099; x_wconf 79' lang='lat' dir='ltr'><strong>exstat</strong></span> <span class='ocrx_word' id='word_1_211' title='bbox 1460 2048 1512 2098; x_wconf 90' lang='lat' dir='ltr'><strong>in</strong></span> <span class='ocrx_word' id='word_1_212' title='bbox 1545 2049 1769 2098; x_wconf 69' lang='lat' dir='ltr'><strong>Monam.</strong></span> <span class='ocrx_word' id='word_1_213' title='bbox 1808 2048 1917 2098; x_wconf 76' lang='lat' dir='ltr'><strong>dell’</strong></span> <span class='ocrx_word' id='word_1_214' title='bbox 1952 2050 2070 2099; x_wconf 75' lang='lat' dir='ltr'><strong>[nst.</strong></span> <span class='ocrx_word' id='word_1_215' title='bbox 2108 2048 2323 2098; x_wconf 79' lang='lat' dir='ltr'><strong>archeol.</strong></span> <span class='ocrx_word' id='word_1_216' title='bbox 2362 2049 2418 2098; x_wconf 90' lang='lat' dir='ltr'><strong>T.</strong></span> <span class='ocrx_word' id='word_1_217' title='bbox 2456 2047 2576 2098; x_wconf 77' lang='lat'><strong>56..</strong></span> 
     </span>
    </p>
   </div>
   <div class='ocr_carea' id='block_1_5' title="bbox 1521 2434 1961 2456">
    <p class='ocr_par' dir='ltr' id='par_1_5' title="bbox 1521 2434 1961 2456">
     <span class='ocr_line' id='line_1_21' title="bbox 1521 2434 1961 2456; textangle 90"><span class='ocrx_word' id='word_1_218' title='bbox 1521 2434 1961 2456; x_wconf 69' lang='lat'><strong>1}</strong></span> 
     </span>
    </p>
   </div>
  </div>
 </body>
</html>
