3234 4975
654 393 775 459 ⁴68

1885 245 1913 263 Ι

1424 397 1678 446 HORATu
1712 398 2046 449 CARMlNUM

1331 831 2121 894 cmxxx-

987 1004 1043 1068 Ο
1090 1003 1333 1077 Venus,
1382 1001 1602 1087 regina
1650 1000 1830 1067 Cnidi
1876 999 2242 1088 Paphique,

985 1125 1232 1210 Sperne
1277 1121 1577 1188 dilectam
1629 1122 1920 1209 Cypron,
1970 1132 2035 1187 et
2077 1123 2362 1188 vocantis

780 1321 929 1370 XXX.
999 1322 1161 1371 lnscr.
1207 1320 1345 1384 volg.
1384 1323 1439 1371 et
1471 1323 1571 1371 ST:
1628 1322 1702 1370 Ad
1749 1322 1992 1371 Venerem.
2047 1348 2098 1355 —-
2147 1322 2194 1369 4.
2233 1321 2382 1370 Gnidi
2425 1319 2642 1381 bSTd,J.
2687 1349 2734 1356 ——

714 1396 763 1444 2.
803 1395 1017 1457 Cyprom
1049 1409 1318 1460 superscr.
1356 1410 1392 1445 u
1424 1397 1481 1445 B.

690 1573 843 1622 XXX.
869 1572 1125 1635 Glycerae
1144 1573 1367 1633 amicae,
1386 1573 1580 1624 Veneri
1597 1574 1693 1624 do-

655 1648 727 1696 mi
745 1660 873 1697 suae
892 1645 1299 1712 supplicaturae,
1324 1661 1515 1711 pacem
1534 1647 1689 1698 divae

650 1723 917 1784 precatur.
972 1722 1064 1771 Est
1084 1715 1375 1788 ᾀσμάτιον
1396 1718 1687 1788 κλητικόν,

648 1796 733 1844 cui
768 1799 1079 1858 comparant
1110 1797 1451 1847 Anacreontis
1480 1798 1685 1859 Fragm.

646 1869 695 1917 2.
753 1869 941 1931 Bergk.
1000 1868 1069 1919 ad
1124 1871 1415 1920 Bacchum:
1478 1861 1688 1934 Ὠ,ναξ

646 1932 694 2011 ᾦ
746 1939 1010 2009 δαμάλης
1044 1938 1225 2015 Ἔρως
1278 1945 1393 1995 Καὶ
1446 1941 1692 2009 Νύμφαι

647 2015 1000 2080 κυανωπιδες
1040 2017 1352 2090 Πορφυρέη
1396 2022 1442 2069 τ’
1483 2013 1691 2089 Ἀφρο-

653 2090 778 2159 δίτη
824 2093 1270 2158 Συμπαίζουσιν·
1311 2094 1692 2180 ἐπιστρέφεαι

650 2165 695 2217 δ’
721 2162 988 2234 ’Τψηλῶν
1009 2166 1273 2237 κορυφὰς
1295 2164 1504 2254 ὀρέων·
1542 2170 1692 2221 Γου-

649 2239 865 2308 νοῦμαί
914 2239 1127 2294 σε·σὺ
1170 2241 1215 2293 δ’
1257 2238 1502 2308 εὐμενὴς
1529 2237 1689 2294 Ἐλθ’

651 2312 818 2381 ἡμῖν,
862 2318 1281 2386 κεχαρισμένης
1322 2315 1369 2367 δ’
1412 2312 1693 2384 Εὗχωλῆς

648 2388 977 2443 ἐπακούειν·
1014 2388 1357 2459 Κλευβούλῳ
1390 2390 1435 2442 δ’
1466 2387 1692 2459 ἀγαθὸς

649 2464 818 2533 γενοῦ
842 2463 1237 2556 Σύμβουλος·
1295 2463 1396 2518 τὸν
1450 2464 1593 2534 ἐμὸν
1647 2466 1691 2536 δ’

649 2536 825 2613 ἔρωτ’,
842 2533 912 2592 Ὠ
933 2539 1203 2603 Δεύνυσε,
1227 2541 1518 2603 δέχεσθαι.
1546 2545 1694 2595 Eius-

650 2619 776 2669 dem
810 2620 1019 2682 generis
1052 2619 1149 2668 fuit
1180 2620 1422 2683 Sapphus
1452 2633 1687 2680 carmen,

650 2693 799 2742 cuius
844 2694 1091 2757 superest
1134 2692 1452 2744 versiculus:
1500 2687 1579 2742 Ἤ
1623 2707 1692 2743 σε

648 2763 879 2838 Κύπρος
928 2760 971 2830 ἢ
1017 2762 1228 2830 Πάφος
1271 2761 1314 2832 ἢ
1357 2763 1687 2838 Πάνορμος.

649 2842 851 2903 Fragm.
890 2841 938 2890 7.
976 2842 1162 2904 Bergk.
1207 2871 1259 2878 —
1301 2843 1562 2893 «Carmen
1595 2855 1694 2906 per

647 2929 813 2966 annos
847 2917 942 2964 720
978 2919 1032 2966 et
1065 2917 1177 2966 730.
1211 2918 1565 2981 compositum
1591 2920 1689 2967 est.

648 2988 912 3053 siquidem
940 2990 1162 3051 Glycera
1188 2990 1379 3041 eadem
1404 2994 1502 3051 est,
1542 2992 1693 3042 cuius

649 3077 709 3113 se
744 3075 928 3113 amore
962 3077 1278 3127 percussum
1302 3079 1421 3116 esse
1447 3064 1571 3115 dicit
1594 3066 1690 3116 Od.

651 3140 708 3197 4,
747 3138 833 3198 49,
872 3139 920 3187 5.
960 3141 1015 3188 et
1047 3138 1105 3200 3,
1156 3140 1219 3189 49
1258 3142 1389 3190 extr.
1439 3141 1696 3190 Kirchner

650 3211 815 3262 refert
868 3211 936 3261 ad
992 3226 1040 3261 a.
1094 3212 1251 3263 734.»
1311 3216 1525 3265 Fluunt.
1599 3217 1694 3278 (De

648 3289 870 3352 poeticis
902 3289 985 3339 his
1019 3290 1292 3341 amoribus
1316 3295 1550 3343 nostram
1574 3306 1698 3343 sen-

653 3365 873 3414 tentiam
908 3365 1015 3414 iam
1048 3365 1223 3427 nosti.)

719 3440 766 3487 4.
805 3439 1005 3502 Gnidiae,
1040 3439 1189 3490 urbis
1212 3439 1421 3491 Doridis
1443 3442 1497 3491 in
1521 3443 1694 3503 Caria,

654 3513 746 3563 ubi
781 3513 1054 3564 colebatur
1086 3516 1265 3565 Venus
1291 3528 1323 3564 a
1345 3515 1603 3566 Praxitele
1629 3515 1698 3566 ad

652 3589 892 3652 Plu-ynes
943 3589 1216 3654 exemplar
1262 3589 1483 3654 sculpta.
1560 3594 1700 3641 Pau-

651 3678 765 3715 san.
815 3667 918 3715 Att.
979 3667 1039 3726 4,
1100 3667 1158 3726 4,
1218 3665 1280 3715 3;
1342 3662 1561 3716 Κνίδιοι
1615 3680 1700 3715 τι-

649 3737 840 3804 μῶσιν
867 3734 1202 3811 Ἀφροδίτην
1221 3736 1495 3804 μάλιστα.
1546 3739 1699 3791 Cnidi

651 3816 832 3864 autem
866 3817 1004 3866 teste
1038 3816 1296 3866 Pausania
1334 3817 1382 3875 4,
1422 3817 1469 3876 4,
1506 3814 1555 3866 4.
1600 3815 1697 3864 tria

653 3891 806 3938 erant
848 3887 1100 3950 delubra,
1147 3882 1481 3975 Ἀφροδίτης
1517 3888 1700 3960 Δωρί-

650 3960 824 4025 τιδος,
856 3956 1132 4034 Ἀκραίας,
1169 3958 1478 4027 Εὖπλοΐας.
1520 3965 1702 4014 Venus

653 4037 872 4098 Cnidia,
952 4037 1362 4089 illustrissimum
1431 4036 1701 4089 Praxitelis

653 4126 816 4177 opus.
872 4112 1262 4176 quadamtenus
1313 4125 1565 4177 expressa
1620 4115 1704 4164 est

653 4187 704 4234 in
762 4185 1080 4237 ΚΝῙΔΙΩΝ
1129 4188 1377 4238 nummis.
1469 4187 1703 4250 (Praeter

653 4261 809 4312 huius
833 4260 1310 4314 celebratissimum
1333 4263 1697 4322 imitationem,

1762 1575 2028 1624 Venerem
2051 1573 2364 1633 Mediceam,
2390 1558 2538 1623 ‘inter
2557 1572 2809 1637 pulcher-

1762 1649 1896 1697 rima
1948 1648 2084 1698 deae
2135 1647 2417 1698 simulacra
2459 1648 2807 1699 memoranda

1763 1724 1886 1773 sunt
1928 1721 2159 1773 Melense
2203 1725 2258 1773 et
2291 1723 2624 1787 Campanum
2666 1721 2810 1787 apud

1763 1795 2024 1859 Millingen
2055 1797 2175 1846 Ano
2219 1798 2356 1846 Mon.
2405 1798 2466 1846 11.
2513 1795 2571 1855 4,
2623 1798 2682 1857 5,
2736 1796 2806 1857 6.)

1768 1898 1824 1907 -
1859 1870 2126 1933 Paphtque]
2168 1869 2356 1933 Odyss.
2393 1870 2461 1931 «9,
2498 1870 2621 1921 362:
2666 1865 2738 1920 Ἡ
2762 1867 2808 1918 δ’

1763 1939 1879 2016 ἄρα
1928 1941 2160 2031 Κύπρον
2210 1943 2371 1994 ἵκανε
2422 1939 2810 2009 φιλομμειδὴς

1759 2013 2056 2091 Ἀφροδίτη
2106 2013 2199 2080 Ες
2252 2016 2496 2081 Πάφον·
2554 2012 2701 2068 ἔνθα
2747 2016 2811 2068 δέ

1766 2095 1827 2144 οἱ
1890 2095 2127 2159 τέμενος
2191 2091 2394 2160 βωμός
2461 2109 2523 2144 τε
2585 2090 2805 2159 θυήεις.

1764 2168 1932 2220 Alcm.
1961 2171 2040 2219 Fr.
2070 2170 2150 2220 40.
2170 2169 2364 2233 Bergk:
2401 2165 2637 2239 Κύπρον
2660 2168 2814 2256 ἱμερ-

1764 2241 1870 2295 τὰν
1891 2240 2144 2294 λιποῦσα
2171 2245 2271 2294 καὶ
2297 2240 2514 2306 Πάφον
2547 2238 2810 2315 περιρῤύ-

1765 2334 1888 2370 ταν.
1925 2319 2066 2382 Virg.
2104 2324 2234 2370 Aen.
2274 2320 2330 2379 4,
2367 2318 2488 2369 445ε
2533 2319 2651 2381 Ipsa
2686 2319 2811 2381 (Ve-

1765 2395 1880 2457 nus)
1924 2394 2147 2456 Paphum
2189 2392 2410 2443 sublenis
2442 2394 2546 2444 abit
2582 2395 2812 2455 sedesque

1761 2469 1934 2519 revisit
1967 2470 2125 2519 Laeta
2155 2481 2289 2518 nm.
2337 2469 2415 2519 De
2453 2467 2595 2519 cultu
2630 2470 2811 2519 autem

1763 2544 1985 2595 Veneris
2007 2544 2236 2608 Paphiae
2260 2542 2477 2594 consule
2496 2544 2657 2593 Taciti
2677 2544 2808 2594 nist.

1829 2695 1877 2743 2.
1916 2694 2122 2758 Sperne]
2159 2697 2218 2744 ut
2250 2693 2344 2743 Od.
2385 2693 2433 2752 4,
2472 2693 2560 2752 49,
2598 2693 2656 2742 9;
2714 2692 2806 2741 Ve-

1764 2782 1858 2817 nus
1878 2768 2098 2830 cypr-mn
2118 2768 2348 2817 deseruit.
2374 2792 2428 2802 --
2450 2766 2665 2831 cypron]
2689 2767 2807 2816 nul-

1765 2843 1843 2891 las
1890 2843 1971 2891 eui
2012 2842 2257 2904 praetulit
2304 2855 2426 2890 aras
2477 2842 2644 2890 Undae
2689 2842 2806 2890 diva

1763 2931 1955 2967 mernor
1984 2917 2218 2979 Paphiae.
2255 2918 2448 2966 Lucan.
2486 2917 2547 2978 8,
2585 2915 2698 2967 456.

1832 2993 1880 3042 3.
1922 2991 2094 3056 Tlmre]
2133 2992 2226 3042 «Ut
2251 2989 2539 3055 plurimum
2564 2990 2631 3040 de
2655 2991 2808 3040 thure

1769 3069 1823 3116 et
1844 3065 2065 3115 floribus
2084 3066 2132 3115 ei
2157 3064 2605 3115 sacrificabatur.»
2625 3067 2808 3114 Senot..

1767 3141 2080 3190 Aristaenet.
2118 3141 2167 3200 2,
2206 3139 2293 3188 ⁴7:
2348 3136 2580 3204 τιμᾶται
2606 3133 2811 3210 Ἀφρο-

1768 3213 1894 3281 δίτη
1929 3210 2227 3280 λιβανωτῷ
2263 3215 2363 3263 καὶ
2393 3214 2644 3276 θυσίαις.

1833 3289 1882 3341 4.
1913 3289 2160 3353 Transfer]
2188 3289 2292 3339 «Eo
2310 3303 2375 3338 ex
2398 3287 2533 3350 loco,
2561 3287 2812 3339 ubinunc

1770 3364 2018 3423 moraris,
2058 3363 2239 3413 confer
2270 3366 2324 3413 te
2359 3366 2496 3414 cet.»
2537 3390 2590 3401 -
2623 3364 2810 3428 αοαοηι]

1770 3439 2011 3502 Plerique
2046 3438 2460 3502 interpretantur
2491 3438 2558 3488 de
2582 3439 2814 3488 sacrario

1772 3512 1964 3576 (uquod
1979 3513 2137 3562 etiam
2151 3514 2204 3562 in
2217 3512 2458 3563 aedificio
2473 3513 2679 3578 privato
2690 3525 2812 3563 esse

1768 3589 1998 3651 potest.»
2019 3588 2298 3650 Utrmwus.)
2323 3588 2434 3637 sive
2465 3585 2671 3637 larario.
2709 3586 2812 3637 Sed

1771 3663 1963 3726 partim
1986 3662 2141 3713 huius
2159 3662 2481 3713 condicionis
2495 3662 2703 3726 puellae
2719 3663 2818 3712 mi-

1774 3751 1874 3788 nus
1902 3737 2185 3788 convenire
2207 3736 2417 3787 videtur
2437 3738 2711 3802 proprium
2734 3750 2818 3787 aa·

1774 3813 2003 3862 crarium
2020 3827 2030 3860 :
2051 3810 2287 3862 habebat
2304 3811 2526 3862 sortasse
2544 3815 2603 3861 ut
2618 3809 2818 3882 ἑταίρα

1773 3887 1911 3937 inter
1943 3886 2041 3936 alia
2075 3886 2296 3946 ludicra,
2335 3885 2528 3949 quibus
2561 3886 2815 3936 refertum

1775 3965 1858 4013 est
1890 3964 2132 4014 Museum
2167 3960 2293 4011 illud
2314 3959 2673 4012 Borbonicum
2697 3973 2818 4010 «ar-

1775 4050 2036 4098 canum»,
2096 4035 2322 4100 sigillum
2378 4036 2537 4087 etiam
2593 4035 2816 4086 Veneris

1775 4124 2022 4172 aereum,
2061 4111 2358 4162 cuiusmodi
2393 4110 2555 4174 sigilla
2592 4111 2816 4161 deorum

1775 4188 1934 4236 etiam
1958 4186 2100 4250 apud
2123 4200 2247 4246 nos,
2284 4185 2652 4248 Vindonissae,
2677 4185 2818 4234 Vito-

1775 4261 1910 4322 duri,
1936 4263 2201 4325 Augustae
2223 4263 2600 4322 Rauracorum,
2629 4259 2816 4323 (Turici
