3234 4975
669 373 793 436 522

838 530 938 606 Et,
988 528 1380 616 quandoque
1433 530 1758 616 potentior

1440 375 1700 424 HORATu
1738 375 2078 427 CARMINUM

923 650 1107 737 Largi
1156 649 1536 716 muneribus
1582 652 1798 717 riserit
1841 651 2105 728 aemuli,

834 768 1115 835 Albanos
1160 791 1365 858 prope
1410 780 1473 837 te
1519 770 1700 838 lacus

921 891 1123 957 Ponet
1165 910 1590 958 marmoream
1637 891 1759 958 sub
1805 891 1986 958 trabe
2031 892 2247 958 citrea.

833 1056 965 1123 Illic
1007 1056 1283 1143 plurima
1324 1057 1588 1123 naribus

805 1282 885 1332 ⁴8.
940 1282 1122 1344 Lar-95³
1170 1279 1487 1342 manca-u,

1545 1282 1723 1345 (Largi
1771 1280 1941 1344 Β,λψ,
1979 1294 2117 1332 corr.
2153 1280 2225 1344 β,

2758 898 2842 960 ΞΟ

2277 1283 2407 1334 item
2446 1285 2678 1336 Pottierii
2715 1287 2769 1346 4,

727 1357 787 1416 7,
824 1356 882 1416 8,
921 1356 1000 1405 ⁴7.
1040 1353 1291 1405 Praetulit
1324 1355 1485 1406 etiam
1520 1353 1708 1417 Bentl.)
1748 1379 1804 1390 —
1843 1356 1925 1406 20.
1963 1355 2122 1405 citrea
2153 1356 2222 1417 Β,
2260 1354 2443 1407 Bland.
2473 1358 2770 1422 antiquiss..

727 1428 957 1480 Pottierii
993 1430 1047 1490 i,
1084 1429 1142 1490 7,
1179 1429 1250 1489 8.,
1289 1429 1497 1479 Comm.
1537 1429 1731 1493 cruq.,
1767 1430 1848 1480 LC
1887 1432 1942 1479 et
1984 1427 2277 1488 Bentleius.
2329 1431 2587 1483 varietate
2628 1433 2772 1483 haud

728 1504 1054 1554 memorata:
1108 1503 1299 1565 cypria
1328 1502 1564 1564 besni,
1619 1504 1817 1566 cuprea
1848 1504 1909 1564 S,
1964 1505 2092 1554 item
2124 1500 2194 1570 γᾶ
2227 1517 2314 1569 ap.
2350 1505 2563 1557 liii-ehu.
2602 1508 2661 1558 N.
2706 1509 2767 1567 Q.

730 1579 852 1627 Hor.
890 1592 943 1642 p.
981 1577 1063 1627 36.
1100 1579 1182 1629 66.
1224 1578 1303 1640 (Ut
1336 1591 1451 1638 nos,
1486 1577 1553 1638 J.)

664 1785 747 1842 (ex
770 1780 923 1832 solita
944 1779 1030 1831 illa
1064 1781 1293 1844 imagine
1318 1779 1413 1830 Od.
1440 1779 1471 1830 3
1489 1817 1501 1840 ,
1525 1780 1610 1841 26,
1637 1781 1706 1842 2.)

661 1855 889 1916 efficiet,
927 1856 987 1904 ut
1018 1854 1254 1905 victricia
1288 1855 1376 1904 tua
1411 1866 1559 1904 arma
1594 1853 1712 1904 ubi-

659 1943 765 1993 que
799 1926 1144 1979 celebrentur
1173 1928 1579 1992 proferaturque
1613 1931 1712 1980 im-

662 2003 872 2067 perium
908 2005 1111 2052 tuum.»

728 2076 808 2126 ⁴7.
849 2076 930 2126 ⁴8.
956 2076 1038 2138 Et,
1067 2075 1387 2138 qnmaoquo]
1425 2077 1710 2140 «Eiquan-

665 2149 953 2214 docunque
969 2148 1192 2200 rivalem
1216 2150 1316 2201 etsi
1340 2149 1564 2214 largiora
1587 2164 1709 2202 mu-

659 2237 790 2275 nera
825 2224 1029 2275 amicae
1065 2224 1380 2275 offerentem
1414 2227 1631 2290 proprio
1655 2228 1711 2275 et

656 2298 854 2349 decore
890 2300 945 2349 et
976 2299 1186 2361 ingenio
1208 2298 1395 2348 vicerit
1416 2300 1559 2363 apud
1583 2313 1708 2351 eam

656 2373 903 2436 adeoque
927 2371 1073 2423 illum
1097 2372 1374 2424 deriserit»
1398 2375 1502 2423 cet.
1541 2374 1707 2437 Iunge

650 2447 902 2512 potentior
931 2447 1244 2507 muneribus,
1283 2459 1478 2511 «quam
1510 2460 1708 2499 mune-

657 2536 783 2583 ra»,
835 2534 942 2572 non
976 2534 1103 2572 cum
1134 2520 1248 2572 aliis
1280 2522 1449 2571 riserit
1485 2523 1709 2573 muneri-

655 2596 762 2646 bus.
788 2621 842 2632 —
877 2597 1036 2660 Lau-qi
1057 2622 1088 2633 -
1109 2622 1138 2632 -
1159 2594 1344 2645 aemuli
1366 2596 1614 2659 praefero
1639 2610 1706 2647 ex

657 2672 972 2723 auctoritate
1007 2670 1137 2722 Cod.
1175 2671 1452 2734 antiquiss.
1489 2671 1548 2721 B.
1619 2673 1704 2722 Sic

655 2747 978 2798 constructio
1030 2758 1246 2808 quoque
1302 2745 1363 2795 fit
1414 2744 1706 2809 elegantior

653 2824 815 2885 atque
848 2821 1062 2871 Horatio
1095 2820 1318 2883 dignior.
1371 2821 1507 2880 Quin
1542 2821 1703 2871 etiam

652 2896 757 2946 hoc
790 2894 945 2958 longe
977 2893 1259 2965 acerbius:
1321 2892 1486 2944 «Nihil
1537 2893 1704 2944 habet

652 2968 925 3029 aemulus,
971 2981 1069 3018 cur
1101 2968 1449 3033 praeferatur,
1484 2970 1703 3032 praeter

654 3043 859 3093 divitias
894 3041 1290 3103 tantummodo,
1338 3054 1472 3105 quas
1505 3041 1702 3093 identi-

651 3117 781 3168 dem
814 3114 957 3179 large
992 3114 1265 3180 profundit
1285 3153 1297 3176 ,
1342 3115 1443 3165 sed
1473 3115 1697 3177 frustra

566 3180 573 3189 ’
652 3194 707 3242 ιιι
759 3190 904 3240 enim
952 3201 1080 3240 eum
1127 3190 1296 3240 vincis
1344 3190 1400 3240 et
1440 3188 1611 3241 forma
1645 3191 1702 3241 et

651 3262 922 3314 nobilitate
963 3266 1019 3314 et
1059 3263 1357 3315 facundia.»
1418 3265 1485 3326 (v.
1507 3264 1570 3314 ⁴3
1593 3264 1698 3328 sq.)

649 3339 823 3402 Atque
909 3335 1110 3389 facilius
1189 3337 1700 3389 accommodabam

650 3412 974 3463 adiectivum
1022 3411 1092 3461 ad
1140 3414 1443 3477 proximum
1498 3424 1695 3463 nomen

649 3500 810 3552 quam
846 3485 913 3536 ad
948 3485 1300 3550 longinquius.

714 3561 795 3612 ⁴9.
830 3560 1046 3611 Albanos
1066 3586 1098 3597 -
1117 3586 1148 3596 -
1169 3559 1324 3623 moue]
1376 3558 1471 3612 Ubi
1504 3562 1698 3610 contu-

647 3633 774 3686 leris
823 3633 1236 3686 delineationem
1298 3632 1436 3683 illius
1493 3635 1695 3685 unctus

647 3708 791 3773 apud
823 3708 1097 3772 Nibbyum
1137 3709 1346 3772 Viaqqio
1379 3708 1441 3757 11.
1479 3721 1532 3771 p.
1571 3708 1653 3758 33.
1678 3747 1691 3770 ,

536 3805 543 3812 ·
646 3782 857 3834 videbis
917 3785 1170 3847 quattuor
1223 3780 1371 3833 lacus
1425 3781 1499 3832 ibi
1555 3783 1695 3833 anti-

645 3857 825 3920 quitus
869 3856 971 3908 sibi
1014 3857 1288 3921 proximos
1333 3855 1521 3917 fuisse,
1591 3856 1690 3917 ita,

645 3934 706 3981 ut
736 3932 888 3994 quasi
930 3929 1355 3995 quadrangulum
1396 3929 1688 3980 efficerent.

645 4005 778 4054 Sunt
826 4005 872 4066 4)
907 4003 1056 4055 lacus
1089 4003 1323 4055 Albanus
1356 4005 1572 4069 proprie
1607 4003 1693 4054 di-

646 4078 793 4137 ctus;
830 4077 877 4139 2)
914 4076 1060 4128 lacus
1092 4078 1465 4135 Nemorensis;
1503 4078 1550 4140 3)
1584 4080 1691 4128 La-

643 4150 841 4214 qhetto·,
867 4151 981 4201 sine
999 4152 1212 4202 nomine
1230 4153 1475 4217 proprio;
1513 4151 1560 4213 4)
1585 4154 1691 4203 La-

644 4237 736 4289 90,
773 4224 890 4290 099⁸·
917 4224 1053 4276 Valle
1070 4225 1293 4276 Aricina.
1344 4227 1405 4277 ln
1438 4240 1502 4277 ea
1534 4227 1692 4289 igitur

1783 1782 2000 1844 regione
2065 1781 2277 1833 videtur
2344 1784 2600 1834 Maximus
2655 1782 2835 1835 villam

1783 1855 2055 1907 habuisse.
2125 1857 2416 1908 Parietinae
2461 1857 2726 1921 Nymphei
2779 1861 2837 1909 et

1781 1928 1993 1979 delubri
2025 1943 2193 1995 prope
2220 1929 2372 1982 lacus
2393 1928 2582 1980 Albani
2604 1933 2835 1983 emissa-

1783 2004 1922 2054 rium
1951 2006 2259 2056 etiamnunc
2290 2017 2576 2069 superesse
2605 2007 2835 2057 testatur

1781 2077 2033 2128 Bianconi
2083 2080 2242 2141 Opere
2287 2081 2328 2129 1.
2382 2092 2503 2143 pag.
2542 2079 2656 2129 ⁴90.
2725 2080 2834 2131 Sed

1782 2149 1938 2203 villae
1972 2152 2165 2203 horum
2199 2154 2578 2214 Maximorum,
2629 2156 2691 2203 ut
2722 2153 2834 2205 volt

1780 2223 1894 2285 ille,
1943 2226 2039 2277 has
2074 2239 2197 2278 esse
2231 2225 2484 2291 reliquias
2516 2229 2637 2291 quis
2670 2241 2834 2294 prae-

1781 2298 1985 2349 stabit?

1845 2373 1928 2423 20.
1965 2373 2133 2438 trabe]
2188 2374 2499 2436 «trabibus,
2553 2377 2834 2440 contigna-

1780 2447 1947 2509 tione,
1990 2446 2187 2500 tholo.»
2216 2477 2271 2489 —
2307 2450 2490 2515 citrea]
2528 2450 2678 2501 Hanc
2699 2449 2826 2502 lect.

1780 2521 1911 2571 Cod.
1949 2523 1988 2572 B
2023 2523 2267 2587 praetuli.
2349 2526 2580 2586 Vereor,
2619 2538 2687 2576 ne
2728 2525 2830 2587 Ον-

1772 2595 1894 2657 pria
1932 2597 2048 2646 orta
2091 2599 2161 2647 sit
2201 2611 2268 2647 ex
2302 2596 2384 2648 illa
2419 2597 2574 2661 longe
2607 2599 2823 2649 diversa

1776 2669 2242 2733 wabeprniaOd.
2271 2673 2320 2734 4,
2348 2673 2396 2733 4,
2425 2672 2535 2733 43.,
2574 2685 2675 2723 nec
2708 2685 2829 2723 ma-

1776 2756 2012 2808 gnopere
2062 2744 2241 2810 placet
2279 2747 2426 2796 deam
2458 2747 2614 2809 cypri
2661 2747 2826 2798 locari

1773 2817 1864 2866 aab
1896 2818 2039 2869 trabe
2070 2820 2275 2881 cypria.
2327 2819 2529 2871 Verum
2551 2820 2824 2885 appellare
2923 2884 2942 2893 -

1775 2889 1901 2942 hcet
1932 2893 2093 2943 etiam
2133 2892 2282 2943 Plinii
2316 2891 2494 2944 locum
2533 2895 2596 2944 H.
2625 2896 2685 2943 N.
2726 2894 2820 2955 ⁴3,

1776 2966 1885 3028 ⁴6„
1941 2965 2034 3016 ubi
2085 2966 2153 3017 de
2197 2967 2331 3017 citro
2367 2967 2503 3017 inter
2534 2965 2635 3016 alia
2684 2967 2821 3017 haec

1772 3035 2051 3102 leguntur:
2105 3040 2462 3102 Theophrastus
2478 3065 2509 3077 -
2529 3065 2559 3076 -
2579 3053 2822 3103 maenam

1772 3113 1880 3163 iam
1897 3113 2012 3163 huic
2032 3113 2208 3164 arbori
2227 3114 2464 3164 honorem
2485 3113 2684 3175 tribuit,
2719 3127 2824 3163 me·-

1769 3192 1999 3238 moratas
2044 3201 2113 3238 eoe
2152 3201 2214 3238 ea
2263 3190 2480 3252 referens
2523 3189 2823 3251 teniptorum

1768 3266 1991 3312 vete-m
2030 3263 2423 3326 contignationes
2465 3263 2822 3324 mundamque

1771 3336 2202 3388 mortalitatem
2263 3337 2512 3387 mater-iae
2575 3337 2629 3385 in
2681 3338 2821 3387 tectis

1769 3414 1949 3460 contra
1977 3410 2107 3461 vitia
2137 3412 2309 3461 omnia
2341 3411 2682 3473 incon-aptae.
2728 3411 2821 3461 Mi-

1769 3484 1913 3535 nime
1958 3485 2117 3548 igitur
2149 3483 2399 3536 audiendi
2445 3488 2571 3535 sunt
2623 3486 2816 3549 partim

1769 3557 1831 3618 ii,
1882 3559 1974 3621 qui
2016 3558 2086 3609 de
2130 3557 2340 3610 laminis
2374 3561 2581 3609 tantum
2616 3559 2814 3620 citreis,

1768 3631 1966 3695 quibus
2000 3632 2246 3683 inductae
2280 3632 2386 3682 sint
2414 3631 2621 3693 trabes,
2659 3632 2820 3682 inter-

1766 3707 2070 3769 pretantur,
2123 3707 2316 3770 partim
2349 3706 2440 3769 qui
2475 3718 2542 3756 ex
2574 3707 2691 3770 ipsa
2739 3706 2819 3756 hi-

1766 3781 1927 3831 storia
1962 3779 2184 3831 naturali
2208 3783 2264 3830 et
2283 3779 2430 3831 cedri
2455 3783 2512 3831 et
2533 3781 2648 3832 citri
2686 3779 2811 3831 lect.

1766 3855 1956 3917 omn-ia
1971 3854 2256 3918 probatum
2275 3855 2497 3905 iverunt.
2523 3856 2593 3906 lis
2610 3857 2809 3914 autem,

1766 3930 1856 3992 qui
1900 3929 2002 3980 hoc
2049 3927 2359 3993 praeferunt
2378 3966 2390 3989 ,
2460 3930 2584 3978 ante
2636 3928 2812 3978 omnia

1765 4002 2103 4067 probandum
2161 4003 2262 4053 erit
2311 4003 2551 4064 cypriam
2602 4000 2811 4051 trabem

1766 4077 1844 4127 sic
1878 4075 2021 4127 nude
2047 4076 2154 4128 dici
2182 4089 2284 4141 pro
2305 4076 2512 4126 cedrina
2531 4113 2543 4136 ,
2582 4075 2812 4125 maxime

1765 4163 1889 4201 cum
1923 4150 2181 4213 Libanus,
2230 4151 2407 4213 Syria,
2446 4150 2605 4198 Creta
2643 4147 2812 4210 magis

1765 4227 1924 4277 etiam
1970 4238 2132 4289 quam
2167 4225 2378 4289 Cyprus
2427 4222 2603 4274 cedris
2636 4221 2814 4273 abun-
