3234 4975
1251 412 1367 461 ΗΒ.
1409 411 1466 461 ΙΙ.
1540 412 1596 459 C.
1639 410 1720 460 XI.

2490 405 2614 467 269

907 570 1239 645 Quaerere
1287 586 1406 631 nec
1453 564 1739 652 trepides
1785 566 1847 628 in
1891 586 2081 630 usum

779 724 1108 789 Poscentis
1153 723 1296 789 aevi
1343 744 1569 811 pauca.

1660 723 1845 809 Fugit
1888 733 2059 788 retro
2572 723 2611 783 5

773 844 963 909 Levis
1010 844 1299 921 iuventas
1344 855 1410 909 et
1453 843 1688 919 decor,
1739 843 1920 909 arida

861 963 1142 1030 Pellente
1189 963 1464 1030 lascivos
1509 985 1769 1030 amoros

905 1086 1148 1152 Canitie
1193 1084 1577 1173 facilemque
1625 1107 1940 1151 somnum.

775 1246 912 1309 Non
957 1263 1218 1329 semper
1261 1241 1433 1307 idem
1479 1241 1747 1309 floribus
1793 1255 1891 1309 est
1936 1243 2142 1309 honor

776 1365 999 1430 Vernis
1043 1384 1257 1451 neque
1303 1384 1433 1430 uno
1477 1364 1658 1429 Luna
1702 1363 1945 1431 rubens
1990 1366 2146 1432 nitet

2534 1368 2605 1432 lo

857 1484 1079 1551 Voltu:
1128 1484 1287 1571 quid
1331 1485 1610 1551 aeternis
1654 1485 1971 1551 minorem

900 1605 1196 1673 Consiliis
1241 1606 1525 1672 animum
1567 1605 1844 1693 fatigas?

563 1799 610 1847 9.
647 1798 800 1846 honos
833 1796 938 1845 LCt
971 1806 1095 1844 cum
1128 1791 1278 1844 Aldo.
1322 1821 1375 1829 -
1416 1795 1477 1843 40

431 1977 533 2027 gua
584 1977 650 2013 ex
695 1963 971 2013 hominum
1016 1964 1144 2012 tunc
1185 1963 1478 2013 viventium

431 2039 702 2102 opinione,
739 2050 914 2101 neque
946 2036 1176 2087 cavillari
1210 2051 1478 2087 nonnemo

431 2112 689 2162 debebat:
732 2113 836 2161 «Ex
869 2112 1180 2176 praemissis
1214 2112 1327 2161 istis
1365 2110 1478 2162 col-

428 2185 697 2250 ligendum
721 2186 906 2246 fuisse,
935 2199 1068 2236 non:
1109 2198 1301 2249 «aergo
1323 2186 1477 2248 genio

430 2259 881 2323 indulgeamus»»‚
931 2259 1029 2310 sed
1077 2273 1268 2322 “ergo
1313 2260 1477 2309 vitam

428 2346 648 2396 agamus
680 2332 1023 2396 frugalemm»
1067 2333 1171 2384 Cfr.
1204 2334 1475 2396 egregium

428 2407 619 2459 Manilii
642 2407 820 2458 locum
848 2407 908 2467 4,
936 2408 1113 2458 4-80.
1142 2408 1209 2471 (v.
1236 2410 1292 2458 8:
1331 2408 1478 2457 Cum-

429 2497 527 2545 que
557 2483 636 2532 sui
662 2497 853 2544 parvos
872 2496 993 2532 usus
1014 2488 1207 2532 namara
1227 2488 1471 2545 reposcat,

425 2558 702 2608 Mater-iam
731 2559 970 2606 semim
999 2570 1217 2620 mamae
1240 2570 1339 2618 per
1356 2562 1476 2607 vota

421 2630 646 2694 ποίησε.)
684 2657 739 2666 -·
779 2632 1031 2680 Ceterum
1065 2632 1155 2694 qui
1185 2632 1476 2681 construxit

425 2706 638 2767 trepides
668 2707 797 2766 aevi,
835 2706 889 2755 id
924 2707 1034 2765 est,
1076 2706 1223 2754 «aevi
1258 2718 1470 2766 causa»,

425 2780 481 2829 id
537 2779 680 2842 quod
736 2778 1189 2841 simplicissimum
1251 2781 1366 2828 erat
1419 2779 1474 2828 in

423 2867 571 2902 ustam
601 2854 736 2912 aevi,
785 2851 1026 2902 consulto
1069 2852 1303 2904 noluisse
1345 2866 1473 2917 per-

424 2928 633 2990 spicere
676 2925 905 2976 videtur.
974 2927 1140 2978 Nimis
1186 2941 1315 2976 vero
1356 2926 1472 2978 lan-

424 3003 552 3062 guet
583 3001 759 3051 Wissii
794 3000 1101 3050 coniectura
1140 3001 1195 3049 in
1225 3014 1337 3050 mu.

491 3075 539 3124 6.
575 3074 732 3137 Levis]
770 3072 957 3134 «λεία,
996 3073 1256 3124 imberbis
1291 3088 1355 3124 ac
1390 3076 1472 3124 te-

426 3161 608 3198 nera.»
645 3147 829 3199 Tibull.
870 3149 926 3205 4,
964 3148 1022 3208 8,
1061 3148 1149 3198 3⁴:
1201 3149 1384 3199 Carior
1403 3153 1474 3197 est

421 3245 555 3282 auro
570 3232 787 3292 iuvenis,
814 3232 897 3280 cui
913 3231 1044 3280 levia
1057 3232 1248 3295 halym
1266 3232 1386 3280 Ora.
1412 3260 1466 3268 —

421 3305 591 3369 arida]
630 3319 799 3368 «quae
823 3319 888 3355 ex
921 3306 1156 3356 siccitate
1185 3306 1468 3356 nascitur.»

486 3381 535 3429 8.
583 3380 801 3428 Facilem
843 3391 1092 3429 somnum
1138 3379 1266 3428 dixit
1310 3380 1470 3429 etiam

421 3453 518 3504 Od.
556 3453 614 3514 3,
650 3453 706 3502 2⁴
730 3492 742 3512 ‚
781 3451 830 3502 t.
874 3451 951 3516 (et
982 3453 1110 3501 leves
1140 3466 1337 3502 sonmos
1370 3454 1465 3503 Od.

418 3528 470 3586 2,
510 3527 589 3586 46,
629 3525 749 3589 45.);
792 3526 912 3589 «qui
947 3525 1099 3575 facile
1135 3525 1347 3590 obrepit
1368 3540 1470 3577 nec

417 3599 602 3662 vigiliis
636 3600 1092 3663 interrumpitur.»

484 3675 533 3724 9.
559 3675 732 3738 honor]
756 3672 1123 3738 pulchritudo;
1150 3673 1299 3723 brevi
1324 3674 1466 3725 enim

418 3751 773 3799 marcescunt.
846 3747 1221 3798 «membranae
1241 3785 1252 3807 ,
1308 3750 1462 3811 quot-

417 3823 550 3885 quot
580 3821 712 3882 vidi,
749 3823 924 3871 honor.
963 3822 1154 3881 Recte,
1192 3823 1251 3870 ut
1270 3822 1466 3871 vitetur

416 3893 603 3946 sibilus
638 3896 761 3956 iste,
796 3896 1029 3959 floribus,
1065 3896 1243 3957 honos,
1278 3897 1460 3944 vernis.

416 3969 516 4029 Qui
549 3969 753 4032 primus
786 3971 1038 4030 mutavit,
1078 3970 1127 4019 ei
1161 3969 1328 4019 defuit
1366 3983 1465 4018 au-

414 4041 555 4092 rium
589 4041 894 4093 iudicium.»
929 4044 1114 4093 Bam.

481 4115 561 4165 40.
613 4116 762 4165 Luna
809 4115 1011 4180 rubens]
1064 4117 1252 4167 Rubero
1300 4117 1460 4166 etiam

415 4190 720 4253 Propertius
756 4189 883 4240 dixit
904 4191 972 4240 de
995 4190 1153 4240 lunae
1177 4189 1461 4254 splendore

417 4264 471 4320 4,
512 4265 599 4325 40,
638 4265 707 4315 8:
745 4265 810 4315 Et
840 4265 1017 4315 mediis
1047 4264 1187 4314 caelo
1209 4265 1464 4313 Lanaru-

1486 1794 1751 1869 ‚necb3

1553 1963 1686 2013 beret
1717 1963 1871 2025 equis.
1943 1965 2166 2018 Pudoris
2211 1970 2394 2018 contra
2437 1970 2603 2033 signi-

1554 2040 1728 2088 ficatio
1765 2040 1903 2091 inest
1935 2043 1988 2090 in
2022 2043 2146 2091 luna
2178 2043 2381 2093 rubente
2414 2046 2518 2094 Sat.
2548 2047 2597 2105 4,

1552 2115 1609 2171 8,
1664 2113 1745 2163 35.
1817 2142 1870 2150 -
1936 2117 2151 2166 «variat
2210 2116 2333 2167 luna
2383 2131 2601 2182 semper

1552 2187 1848 2237 crescendo
1883 2191 1937 2238 et
1970 2188 2387 2241 decrescendo.»

1619 2263 1700 2310 44.
1745 2264 1867 2322 quid
1907 2264 2137 2328 aeternis]
2188 2266 2356 2324 «Quid
2391 2269 2446 2315 tu
2482 2268 2568 2316 ani

1550 2348 1701 2385 mum
1735 2337 1951 2386 conficis
1986 2338 2390 2401 cogitationibus
2431 2340 2599 2389 inflni-

1549 2410 1640 2470 tis,
1689 2410 1757 2459 ad
1799 2410 2085 2474 longissimi
2123 2414 2378 2475 temporis
2412 2426 2598 2467 curam

1548 2484 1963 2547 pertinentibuS,
2002 2487 2196 2550 quibus
2232 2501 2331 2551 par
2360 2500 2480 2538 esse
2506 2501 2599 2537 ne-

1548 2561 1745 2621 queat?
1810 2562 2084 2622 tamquam
2134 2562 2177 2611 si
2230 2561 2596 2612 immortalitas

1549 2632 1643 2681 tibi
1695 2646 1953 2683 concessa
2005 2635 2121 2683 sit.»
2196 2636 2356 2684 Recte
2396 2634 2596 2684 Dillen-

1546 2705 1746 2769 burger
1763 2706 2032 2771 duplicem
2045 2708 2130 2757 hic
2145 2709 2596 2759 constructionem

1546 2783 1783 2830 statuere
1819 2781 2055 2830 videtur:
2113 2783 2327 2831 aeternis
2379 2783 2598 2831 consiliis

1542 2856 1735 2919 satians
1783 2858 1866 2905 et:
1916 2857 2161 2905 minorem
2209 2857 2426 2905 aeternis
2473 2870 2596 2905 con-

1543 2932 1682 2979 siliis.
1727 2957 1781 2966 -
1820 2929 1926 2979 Cir.
1964 2930 2060 2979 Od.
2102 2932 2156 2989 4,
2196 2931 2285 2990 44,
2334 2931 2391 2979 7:
2445 2931 2597 2993 Spem

1544 3005 1762 3068 lonyam.
1828 3005 2031 3054 Seneca
2072 3002 2139 3053 de
2175 3006 2367 3067 Tranq.
2405 3017 2490 3054 an.
2529 3005 2589 3054 9:

1542 3093 1651 3141 spes
1698 3080 1968 3141 emanatas
1999 3103 2029 3115 -·
2062 3084 2108 3128 et
2154 3078 2379 3128 animm
2424 3080 2476 3128 in
2506 3080 2594 3142 fu-

1542 3160 1664 3203 tura
1695 3154 1986 3202 minentem
2029 3152 2175 3202 dixit.
2229 3181 2284 3189 —
2327 3154 2588 3217 minorem]

1545 3231 1602 3278 ut
1636 3223 1822 3293 ἥττων
1853 3224 2036 3290 τινός,
2078 3229 2330 3291 «imparm

1610 3303 1690 3352 43.
1763 3303 1866 3353 Cur
1895 3302 2013 3366 non]
2042 3304 2439 3360 ,Sententiarum
2474 3304 2592 3351 iun-

1544 3380 1694 3427 ctura
1730 3377 1865 3426 haec
1900 3379 2009 3427 est:
2059 3378 2326 3427 «Tametsi
2362 3377 2468 3426 iam
2502 3389 2592 3425 re·

1541 3452 1768 3501 stinctus
1805 3452 1855 3499 in
1889 3450 2043 3500 nobis
2079 3453 2163 3500 est
2201 3448 2590 3499 adolescentiae

1543 3525 1747 3584 fervor,
1804 3528 1984 3574 tamen
2034 3525 2340 3573 etiamnunc
2388 3525 2442 3571 et
2490 3535 2591 3585 po-

1541 3597 1703 3648 tando
1759 3600 1814 3647 et
1869 3598 2100 3648 amando
2165 3610 2264 3646 nos
2319 3594 2589 3644 oblectare

1540 3685 1843 3736 possumus.
1900 3673 2063 3734 Ergo,
2117 3671 2246 3720 dum
2295 3668 2443 3728 licet,
2498 3680 2589 3717 sa-

1539 3748 1747 3811 pienter
1789 3747 1894 3794 vita
1939 3745 2229 3794 fruamur.»
2270 3769 2324 3778 -
2357 3742 2586 3808 platano]

1537 3820 1783 3884 yemalem
1803 3817 2075 3882 platanum
2112 3816 2241 3866 dixit
2271 3816 2419 3865 ovid.
2460 3818 2582 3868 Met.

1540 3896 1629 3954 40,
1665 3895 1769 3954 95.,
1821 3893 1944 3955 quia
1991 3890 2093 3941 sub
2141 3891 2256 3940 eius
2297 3889 2490 3941 umbra
2523 3890 2589 3940 li-

1538 3968 1729 4018 benter
1772 3967 1927 4029 genio
1968 3963 2312 4027 indulgebant
2343 3966 2581 4016 Romani.

1542 4069 1597 4078 -—-
1634 4041 1711 4089 vel
1742 4040 1852 4104 hac]
1900 4038 2235 4102 Reprehendi
2268 4038 2406 4089 solet
2437 4052 2469 4088 a
2501 4038 2587 4088 lu-

1536 4116 1729 4165 dorum
1763 4113 2028 4176 magistris
2062 4113 2148 4163 bic
2181 4125 2370 4163 versus
2394 4113 2581 4171 exitum

1536 4189 1691 4254 quasi
1721 4201 1852 4238 vero
1884 4187 2238 4252 peritissimus
2272 4186 2457 4236 artifex
2483 4186 2585 4235 hac

1536 4264 1650 4327 ipsa
1726 4274 1917 4313 versus
1993 4261 2411 4312 conformatione
2478 4273 2583 4310 non
