3234 4975
644 383 770 449 456

1407 389 1663 438 ΗΟΒΑΊῚΙ
1699 389 2035 440 CARfflNUM

1361 877 2077 940 CAR-mxx..

979 1047 1118 1111 Non
1162 1044 1376 1121 videS,
1424 1055 1666 1133 quanto
1713 1066 1978 1113 moveas
2021 1047 2298 1133 periclo,

976 1166 1255 1254 Pyrrhe,
1305 1166 1613 1233 Gaetulae
1658 1165 1904 1264 catulos
1948 1166 2265 1233 leaenae?

975 1290 1154 1354 Dura
1196 1298 1343 1374 post
1383 1288 1600 1374 paullo
1647 1288 1853 1375 fugies
1898 1287 2176 1353 inaudax

1231 1409 1481 1477 Proelia
1526 1418 1745 1496 raptor
1762 1460 1776 1485 ‚

979 1568 1139 1635 Cum
1183 1589 1303 1654 per
1345 1567 1673 1634 obstantes
1720 1566 2026 1634 iuvenum
2070 1577 2359 1633 catervas
2771 1569 2809 1630 5

768 1765 877 1816 XX.
912 1765 1078 1814 Inscr.
1104 1761 1241 1826 volg.
1282 1764 1357 1813 Aa
1375 1764 1649 1825 Pyrrum,
1688 1766 1744 1813 et
1763 1764 1840 1813 sic
1864 1762 2032 1813 Codd.
2062 1764 2185 1814 mei.
2214 1762 2309 1827 (Ad
2329 1763 2562 1813 Phitwm
2578 1764 2654 1826 Τ.)
2685 1791 2741 1800 -

708 1841 755 1888 4.
800 1836 1007 1900 periclo]
1059 1837 1275 1886 tumultu
1306 1851 1344 1895 χ
1381 1838 1434 1886 et
1474 1850 1585 1886 var.
1633 1835 1753 1888 lect.
1799 1854 1911 1904 γικ.
1961 1864 2014 1874 -
2075 1838 2123 1887 3.
2154 1838 2370 1900 paulum
2413 1834 2635 1902 Τᾰβνξ.
2686 1866 2741 1876 -

707 1914 755 1962 5.
799 1912 1037 1961 obstantis
1073 1911 1172 1961 BT.

711 2088 818 2139 XX.
867 2089 1003 2138 Acre
1035 2088 1309 2137 certamen
1345 2086 1413 2137 de
1449 2087 1693 2138 Nearcho

648 2159 1045 2213 adolescentulo
1063 2162 1241 2210 ortum
1256 2162 1396 2211 inter
1406 2162 1690 2223 Pyrrhum,

643 2239 758 2287 eius
808 2238 1131 2296 amatorem,
1181 2238 1237 2285 et
1279 2233 1510 2301 puellam
1555 2234 1692 2286 illius

644 2323 829 2361 amore
872 2312 1143 2361 incensam
1187 2322 1422 2374 eumque
1464 2308 1567 2361 sibi
1598 2311 1691 2360 uni

644 2398 861 2435 servare
903 2398 968 2435 ac
1001 2385 1231 2434 retinere
1266 2385 1570 2449 cupientem
1610 2382 1693 2434 le-

645 2459 770 2524 pide
805 2461 1001 2510 narrat.
1071 2461 1242 2525 Prope
1288 2457 1507 2511 ridicule
1554 2459 1687 2509 HR:

646 2535 906 2584 «Carmen
932 2532 1254 2584 obscurum»
1293 2535 1418 2596 (quo
1450 2533 1692 2598 profecto

643 2605 770 2657 nihil
828 2606 1019 2658 clarius
1063 2607 1169 2670 est)
1224 2609 1317 2657 net
1354 2608 1443 2657 vix
1477 2608 1690 2658 Horatio

643 2681 913 2745 dignum».
986 2682 1234 2746 (Tempus
1277 2683 1544 2734 incertum
1577 2684 1686 2740 est;

642 2755 884 2806 referunt
922 2754 1006 2805 alii
1051 2756 1121 2806 ad
1156 2769 1204 2806 a.
1244 2769 1298 2806 u.
1337 2770 1384 2807 c.
1422 2757 1567 2817 727..
1604 2754 1690 2805 alii

643 2831 712 2881 ad
745 2844 795 2879 a.
834 2829 968 2892 732.)

710 2905 757 2953 ⁴.
782 2906 833 2953 2.
873 2906 1019 2954 «Non
1042 2903 1193 2953 vides
1210 2941 1221 2963 ‚
1259 2905 1459 2966 quanto
1482 2904 1572 2953 tuo
1596 2917 1691 2967 pe-

643 2976 809 3027 riculo
853 2974 1059 3041 puellae
1095 2975 1296 3026 fervide
1342 2978 1541 3026 amanti
1580 2977 1692 3027 for-

642 3063 855 3102 mosum
890 3048 1286 3100 adolescentem
1324 3050 1562 3101 adimere
1595 3064 1692 3101 co-

644 3124 822 3174 neris?
876 3123 1119 3174 Profecto
1163 3136 1270 3174 non
1305 3125 1510 3175 minore
1545 3125 1692 3189 peri·

646 3197 766 3248 culo
798 3199 1024 3247 venator
1053 3196 1271 3248 leaenae
1308 3200 1549 3249 Gaetulae
1572 3199 1686 3261 (Οά.

647 3274 702 3333 4,
740 3272 830 3331 23,
869 3272 969 3334 ⁴0.)
1006 3270 1207 3323 catulos
1241 3273 1497 3323 auferat.»
1538 3275 1692 3323 Cete-

644 3358 766 3396 rum
798 3347 954 3396 vetus
989 3348 1069 3396 est
1113 3347 1455 3411 comparatio.
1526 3349 1686 3410 Regg.

643 3422 702 3481 2,
731 3421 820 3480 ⁴7,
846 3420 903 3470 8:
939 3420 1091 3470 veluti
1121 3422 1164 3470 si
1183 3434 1309 3471 ursa
1329 3421 1492 3483 raptis
1511 3422 1694 3471 catinis

642 3495 696 3543 in
729 3494 863 3543 saltu
893 3495 1109 3554 saeviat,
1148 3494 1215 3544 de
1250 3496 1378 3546 viris
1409 3496 1693 3558 fortissimis

641 3573 689 3618 et
710 3581 893 3618 amaro
915 3569 1100 3619 anivno.
1132 3596 1187 3604 —
1210 3569 1425 3634 moveas]
1452 3572 1687 3633 «tangaS,

642 3645 701 3692 ut
732 3645 975 3707 asportes
1009 3656 1073 3693 ex
1118 3641 1283 3693 lustro
1315 3642 1587 3694 leaenae.»
1630 3672 1685 3680 -

636 3717 850 3781 Pyrrhe]
894 3717 1181 3767 verissime
1226 3718 1398 3780 Unger
1437 3719 1497 3767 V.
1536 3720 1594 3768 R.
1633 3731 1685 3782 p.

639 3789 800 3839 x111.:
858 3790 1289 3853 «Bamhergerus
1334 3792 1386 3841 in
1428 3792 1599 3842 Philol.
1646 3793 1685 3841 1.

638 3863 687 3913 2.
724 3876 779 3927 p.
826 3862 940 3914 324.
988 3864 1446 3928 quemadmodum
1490 3868 1691 3915 Procu-

641 3934 805 3987 leium
850 3939 1055 3988 Graeco
1100 3938 1362 3989 vocabulo
1396 3937 1687 4003 Telephum

642 4024 695 4075 p.
733 4010 880 4071 3⁴6..
919 4013 989 4061 ita
1024 4014 1082 4063 C.
1120 4012 1361 4076 Valgium
1402 4014 1586 4076 Rufum
1620 4013 1688 4064 ab

645 4085 858 4135 Horatio
881 4085 968 4146 hic
993 4088 1250 4139 nominari
1275 4087 1561 4139 arbitratus
1586 4091 1687 4139 est.

641 4158 794 4219 Quod
863 4159 1135 4213 confutare
1192 4176 1298 4213 non
1360 4161 1535 4214 habeo
1592 4177 1692 4214 ne-

641 4245 849 4284 cesse.»

1830 2088 1878 2137 3.
1931 2093 2045 2149 post
2091 2088 2294 2151 paullo]
2349 2089 2678 2153 Frequenter
2732 2093 2810 2140 sic

1766 2162 1926 2212 etiam
1947 2160 2228 2224 salustiae,
2257 2163 2480 2225 Caesar,
2516 2164 2689 2214 Livius
2711 2177 2810 2228 pro

1755 2237 1933 2297 pauuo
1963 2242 2097 2297 post.
2137 2263 2193 2273 —
2238 2236 2487 2301 inantia-12]
2532 2231 2807 2303 ἄτολμος.

1765 2310 1876 2359 Hoc
1898 2322 2040 2359 nunc
2062 2309 2283 2372 quidem
2311 2302 2468 2374 ἅπαξ
2501 2307 2813 2377 λεγόμενον

1763 2396 1870 2433 uno
1916 2382 2083 2445 gradu
2125 2383 2284 2433 distat
2327 2396 2358 2433 a
2402 2385 2652 2448 «timido,
2708 2387 2813 2436 im·

1763 2455 1917 2518 belli,
1953 2457 2211 2521 ignavo»,
2250 2470 2390 2522 quae
2425 2460 2683 2511 maiorem
2704 2461 2812 2512 uti-

1764 2545 1870 2596 que
1905 2531 2107 2582 habent
2139 2533 2633 2596 reprehensionem.

1827 2608 1876 2656 ὅ.
1907 2619 2003 2668 per
2036 2606 2281 2656 obstantes
2307 2608 2541 2658 iuvenum
2562 2610 2807 2673 catervas]

1763 2678 2017 2744 Singulari
2072 2680 2294 2732 artificio
2344 2684 2537 2733 retinet
2591 2682 2809 2733 leaenae

1763 2754 2048 2817 imaginem
2083 2753 2380 2804 catulorum
2415 2758 2688 2820 raptorem
2726 2755 2810 2806 ui-

1761 2829 1878 2879 tum
1934 2829 2108 2879 euntis
2163 2827 2428 2893 simulque
2478 2829 2686 2895 puellae
2736 2829 2807 2881 ob

1763 2902 2034 2964 iniuriam,
2083 2915 2247 2966 quam
2281 2903 2330 2953 ei
2364 2903 2522 2953 infert
2553 2904 2805 2967 Pyrrhus,

1762 2978 1909 3039 grate
1965 2976 2252 3026 iracundae
2308 2976 2569 3028 admiscet
2623 2979 2810 3041 imagi-

1764 3063 1905 3101 nem.
1984 3051 2094 3101 Hae
2155 3056 2388 3101 catervae
2441 3054 2622 3102 autem
2686 3055 2812 3102 sunt

1761 3122 1923 3173 veluti
1939 3126 2257 3175 venatorum
2275 3125 2538 3187 Pyrrhum
2556 3126 2811 3175 comitan-

1763 3199 1920 3258 tium,
1958 3197 2013 3247 id
2047 3200 2153 3259 est,
2192 3199 2432 3263 priorum
2454 3198 2680 3249 Nearchi
2703 3212 2808 3250 una

1763 3284 1888 3322 cum
1909 3272 2135 3334 Pyrrho,
2163 3273 2247 3322 cui
2271 3275 2452 3323 tamen
2475 3271 2558 3323 ille
2577 3274 2808 3324 maxime

1763 3343 1991 3406 favebat,
2017 3348 2337 3406 amatorum,
2362 3349 2650 3410 antequam
2672 3360 2811 3412 puer

1762 3418 1997 3469 fervidae
2019 3418 2228 3484 puellae
2252 3423 2492 3472 maturus
2516 3422 2622 3471 iam
2645 3423 2805 3481 esset;

1761 3506 1867 3544 non
1901 3507 2032 3544 vero
2068 3497 2266 3546 «ceteri
2297 3494 2505 3558 puellae
2539 3498 2808 3546 amatores

1762 3568 2135 3621 dissuadentes
2156 3608 2168 3630 ‚
2237 3584 2305 3621 ne
2371 3572 2582 3634 repetat
2642 3571 2809 3621 Near-

1764 3644 1993 3705 chum»,
2041 3648 2102 3695 ut
2140 3647 2316 3695 visum
2351 3647 2433 3695 est
2465 3644 2804 3708 quibusdam.

1830 3718 1860 3768 6
1890 3744 1919 3754 —
1956 3718 2005 3768 8.
2065 3719 2331 3783 insiynem]
2391 3718 2566 3768 «inter
2621 3730 2809 3768 omnes

1765 3793 1994 3843 maxime
2031 3794 2433 3858 conspicuum.»
2493 3793 2553 3842 H.
2586 3790 2619 3841 l.
2648 3791 2810 3843 abso-

1763 3864 1898 3928 lute,
1952 3868 2076 3930 quia
2127 3867 2495 3930 unusquisque
2530 3864 2811 3930 suppletu-

1765 3954 1857 3991 rus
1908 3943 2049 3991 erat:
2113 3940 2321 3991 «forma
2371 3941 2509 3990 inter
2557 3937 2810 4003 aequales

1765 4028 1944 4066 suos.»
1986 4043 2040 4052 --
2080 4016 2283 4066 Grande
2320 4019 2572 4064 certamen
2603 4040 2631 4050 -
2652 4040 2680 4050 -
2703 4013 2809 4077 illa]

1767 4090 1924 4139 «Tota
1961 4090 2093 4140 haec
2128 4090 2387 4141 sententia
2414 4088 2675 4153 appositio
2698 4089 2808 4147 est,

1766 4177 1873 4214 non
1908 4163 1978 4215 ad
2019 4165 2319 4214 Nearchum
2360 4162 2580 4226 quidem
2615 4160 2807 4218 solum,

1766 4237 1862 4289 sed
1899 4237 1968 4288 ad
2001 4238 2334 4303 praecedens
2370 4237 2701 4289 enuntiatum
2735 4235 2815 4283 to-
