3234 4975
631 368 756 432 376

1397 371 1656 420 ΗΟΒΑΊΊΙ
1691 371 2026 423 CARMINUM

968 533 1101 600 Sub
1147 555 1302 619 rege
1347 534 1535 600 Medo
1581 535 1831 601 Marsus
1875 547 1939 602 et
1981 534 2260 622 Apulus,

961 654 1350 722 Anciliorum
1394 663 1460 721 et
1502 655 1778 722 nominis
1823 666 1887 721 et
1929 667 2116 743 togae

2713 657 2795 723 io

1045 774 1301 842 Oblitus
1347 785 1785 865 aeternaeque
1827 777 2060 845 Vestae
2084 828 2099 855 ‚

1129 896 1440 964 Incolumi
1484 898 1639 964 Iove
1684 907 1749 964 et
1790 895 1954 964 urbe
1999 899 2248 965 Roma?

956 1036 1095 1102 Hoc
1139 1045 1400 1103 caverat
1441 1057 1626 1102 mens
1670 1036 1943 1124 provida
1987 1037 2211 1125 Reguli

960 1158 1412 1225 Dissentientis
1455 1157 1949 1225 condicionibus

1048 1277 1284 1345 Foedis
1331 1289 1396 1346 et
1438 1277 1740 1366 exemplo
1783 1278 2092 1344 trahentis

2711 1282 2793 1346 ⁴5

752 1421 831 1471 40.
868 1421 1020 1472 Prius
1052 1425 1099 1470 et
1131 1433 1239 1470 om.
1277 1420 1334 1471 T.
1376 1446 1431 1456 —
1470 1421 1550 1470 42.
1586 1419 1823 1469 Incolomi
1856 1418 1945 1470 bs.
1989 1448 2042 1458 —
2080 1421 2159 1470 45.
2185 1420 2491 1471 εναήοηιίἀθ
2516 1422 2729 1474 Canteri

690 1496 827 1546 coni.
848 1497 903 1545 et
925 1507 1049 1544 cum
1067 1495 1273 1546 Comm.
1295 1495 1513 1557 Cruquii
1531 1495 1588 1555 L,
1614 1496 1744 1543 item
1763 1492 2046 1556 Bentleius,
2073 1495 2164 1557 qui
2188 1495 2367 1545 tamen
2389 1496 2443 1545 in
2457 1496 2725 1547 Adnotatt.

684 1568 921 1633 praefert
940 1569 1154 1631 ooeornplc·
1175 1569 1431 1619 trahentis.
1471 1569 1549 1630 (Ut
1572 1580 1698 1627 nos,
1734 1581 1923 1618 omnes
1945 1569 2140 1629 nostri,
2166 1568 2415 1631 Bentleii,
2452 1571 2727 1636 Pottierii.)

618 1687 727 1739 Liv.
754 1689 890 1753 Epit.
918 1688 1158 1738 CXXVII.
1189 1715 1245 1725 —
1271 1689 1509 1751 Languet
1535 1702 1667 1754 prae

618 1762 741 1814 lect.
767 1761 1025 1813 librorum
1058 1762 1263 1811 tantum
1298 1776 1405 1813 non
1429 1764 1670 1814 omnium

622 1836 788 1888 altera
820 1837 876 1886 in
907 1836 1071 1897 arvis,
1114 1848 1277 1898 quam
1313 1849 1437 1886 cum
1473 1838 1670 1888 Cante-

620 1925 712 1962 rus
747 1913 802 1961 et
832 1911 890 1960 T.
918 1909 1089 1960 Faber
1127 1910 1434 1960 coniectura
1465 1923 1671 1976 propo-

619 1987 855 2037 suissent
874 2023 886 2047 ,
953 1984 1286 2034 confirmavit
1339 1998 1477 2036 unus
1532 1985 1665 2037 Cod.

620 2059 804 2111 Altori.
844 2060 914 2120 4..,
952 2060 1006 2108 in
1039 2072 1147 2122 quo
1182 2060 1327 2109 casui
1362 2058 1608 2111 debetur.

685 2134 735 2184 9.
771 2133 905 2197 reae]
939 2132 1259 2184 invidiosum
1295 2135 1439 2199 apud
1473 2137 1670 2186 Roma-

618 2220 717 2259 nos
763 2221 977 2258 nomen.
1032 2232 1087 2243 —
1132 2209 1336 2258 Marsus
1379 2215 1427 2259 et
1460 2209 1668 2275 Aptans]

621 2280 1009 2332 bellicosissimi
1043 2280 1221 2333 ltaliae
1244 2282 1441 2347 populi.
1480 2282 1673 2333 Liben-

620 2359 720 2417 ter,
747 2356 1053 2419 ubicunque
1078 2359 1273 2421 potest,
1300 2370 1430 2408 suae
1448 2358 1668 2422 Apuliae

622 2432 865 2481 meminit
901 2433 1078 2495 poeta.

688 2507 767 2556 40.
802 2507 1127 2571 Anciliorum]
1162 2506 1342 2558 Altera
1378 2509 1545 2559 forma
1570 2522 1670 2559 an-

617 2581 790 2631 cilium
835 2582 917 2633 est
958 2583 1011 2632 in
1053 2584 1219 2633 Inscr.
1257 2596 1329 2633 m.
1368 2584 1477 2633 Lat.
1515 2582 1664 2635 2244.

620 2668 652 2705 a
696 2669 747 2705 v.
796 2657 971 2707 ancile.
1045 2655 1169 2720 (Cir.
1219 2657 1665 2722 Saturnaliormn,

616 2730 1025 2794 sponsaliorum.)
1067 2730 1206 2792 Lege
1242 2729 1390 2780 Ovid.
1429 2732 1565 2782 Fast.
1603 2732 1665 2793 3,

618 2803 732 2853 373.
801 2804 1089 2867 Nubigenae
1133 2804 1314 2866 clipeos
1345 2807 1502 2854 vocat
1534 2807 1665 2855 Stat.

619 2877 741 2928 silv.
768 2879 824 2938 ὃ,
851 2880 909 2938 2,
950 2879 1063 2928 434.
1094 2906 1149 2914 -
1176 2877 1338 2941 togae]
1362 2879 1505 2941 Virg.
1533 2881 1664 2929 Aen.

621 2953 674 3012 4,
711 2953 839 3002 282ε
898 2953 1174 3014 Romanoa,
1224 2965 1398 3002 rerum
1446 2954 1671 3003 dominos

618 3032 908 3090 gentemque
928 3030 1169 3089 togatam.
1203 3025 1385 3076 Florus
1407 3025 1466 3086 4,
1493 3028 1580 3088 44,
1606 3027 1665 3077 3:

622 3100 893 3163 (Antonius)
924 3101 1157 3162 paen-iao,
1204 3102 1445 3163 nmini-5,
1491 3107 1664 3165 togae,

617 3175 833 3239 faxim
866 3174 1056 3223 oblicus.
1082 3200 1138 3210 —
1156 3175 1385 3224 Nominis
1405 3176 1460 3226 h.
1487 3174 1520 3226 l.
1546 3189 1667 3226 ma-

620 3248 813 3298 nifesto
834 3260 932 3311 pro
952 3248 1208 3297 «nominis
1225 3248 1496 3309 Romani»;
1521 3249 1666 3313 quod

619 3323 796 3386 ipsum
839 3322 978 3371 inest
1022 3321 1073 3370 in
1128 3333 1246 3370 voc.
1295 3327 1454 3385 toque.
1535 3324 1666 3383 Quia

620 3410 727 3446 non
760 3393 1145 3457 intelligebant,
1191 3394 1405 3460 plurimi
1439 3398 1667 3462 scripto—

620 3485 707 3522 res
740 3470 938 3521 librarii
972 3471 1269 3521 omiserunt
1300 3476 1375 3532 et;
1413 3486 1551 3536 quae
1584 3475 1670 3523 in-

617 3544 905 3597 tolerabilis
961 3544 1118 3595 lectio
1180 3544 1380 3609 placuit
1434 3548 1668 3611 Cruquio

616 3634 680 3670 ac
715 3620 1015 3682 Torrentio,
1053 3621 1251 3670 reiecta
1287 3633 1316 3669 a
1350 3620 1602 3671 Bentleio.

683 3695 762 3744 44.
804 3695 882 3744 42.
918 3694 1110 3759 Vestae]
1137 3695 1288 3746 cuius
1321 3696 1454 3759 ignis
1474 3697 1669 3760 pignus

616 3770 732 3821 erat
787 3770 1113 3820 aeternitatis
1169 3771 1436 3821 Romanae
1497 3769 1663 3819 urbis.

617 3845 727 3895 Cic.
766 3843 834 3893 de
882 3845 1038 3906 Legg.
1077 3845 1136 3906 2,
1186 3845 1248 3894 8:
1311 3845 1532 3907 Virqines
1574 3844 1669 3891 Ve-

612 3918 768 3968 statos
799 3918 854 3966 in
884 3918 1007 3968 urbe
1037 3919 1350 3968 custodiunto
1381 3919 1548 3981 ionem
1567 3917 1670 3980 foci

606 3991 798 4055 publici
819 3992 1189 4053 serapam-mnu.
1226 3993 1284 4042 In
1307 3989 1666 4041 iureiurando

615 4063 854 4129 Philippo
877 4066 1154 4116 Macedoni
1190 4064 1438 4130 imposito
1461 4065 1664 4115 Graece

616 4141 694 4190 sic
729 4142 1139 4203 expresserunt:
1188 4136 1298 4205 τὴν
1330 4138 1530 4190 ἑστίαν
1561 4138 1667 4205 τῆς

607 4209 845 4279 Ῥώμης.
884 4213 1101 4264 Diodor.
1139 4214 1221 4263 Fr.
1259 4214 1414 4265 Dind.
1452 4227 1506 4279 p.
1545 4214 1660 4265 428.

1745 1689 1963 1739 Vestam
1984 1690 2197 1740 Romani
2219 1690 2418 1753 imper-ii
2429 1691 2619 1754 pimus
2637 1693 2795 1742 vocat

1744 1764 1948 1813 Seneca
1979 1765 2228 1814 Controv.
2262 1765 2283 1814 4
2310 1803 2321 1826 ,
2347 1765 2395 1815 3.
2421 1779 2541 1830 pag.
2568 1766 2648 1816 93.
2674 1766 2788 1830 Bip.

1749 1863 1804 1873 —
1841 1838 2082 1888 Incohnni
2112 1839 2240 1904 Iove]
2274 1837 2458 1889 «Salvo
2482 1838 2790 1904 Capitolio.»

1744 1913 1927 1962 Senot..

1809 1986 1890 2036 43.
1943 1988 2165 2053 caverat]
2206 1988 2299 2037 «Et
2342 1989 2524 2038 tamen
2570 2001 2638 2037 ne
2675 1986 2791 2038 talis

1743 2060 2016 2124 turpitudo
2051 2063 2211 2124 atque
2247 2061 2531 2123 ignominia
2553 2073 2791 2125 unquam

1743 2135 2008 2185 Romanos
2052 2134 2458 2195 dehonestaret,
2504 2135 2790 2199 providere

1742 2206 1985 2258 voluerat
2039 2209 2146 2259 iam
2197 2208 2455 2272 Regulus,
2515 2211 2791 2273 specimen

1744 2279 1870 2332 illud
1934 2295 2179 2333 summae
2246 2283 2574 2333 constantiae
2640 2285 2743 2333 cet.
2764 2300 2789 2326 ι

1743 2357 1943 2419 Captus
1987 2358 2072 2406 est
2101 2370 2130 2406 a
2172 2356 2696 2420 Karthaginiensibus
2738 2369 2786 2406 a.

1743 2444 1796 2480 u.
1837 2443 1885 2480 c.
1925 2429 2039 2480 499.
2112 2430 2315 2480 Crebro
2358 2432 2460 2481 hoc
2507 2430 2651 2481 idem
2702 2444 2793 2480 ar-

1741 2507 2055 2568 gumentum
2115 2505 2445 2556 tractabatur
2496 2506 2551 2555 in
2607 2506 2792 2556 rheto-

1743 2592 1864 2629 rum
1907 2577 2119 2630 scholis.
2193 2579 2298 2629 Cir.
2338 2580 2447 2630 Cic.
2485 2579 2554 2629 de
2600 2580 2686 2629 Or.
2725 2579 2786 2641 3,

1740 2655 1834 2714 28,
1875 2654 1988 2703 409.
2025 2652 2369 2712 Val.Max.l,
2404 2653 2452 2712 4,
2489 2652 2578 2704 ⁴4:
2613 2653 2787 2715 iniis,

1742 2740 1871 2790 quae
1892 2728 1962 2777 ad
1980 2728 2259 2777 custodiam
2277 2727 2535 2790 reliqionis
2558 2728 2787 2789 ααίηοηι,

1740 2802 1902 2853 nescio
1946 2815 2017 2852 an
2064 2815 2231 2851 omnes
2260 2803 2332 2852 M.
2368 2801 2548 2852 Atilius
2577 2803 2792 2866 Romans

1733 2876 2062 2939 praecesserit
2083 2878 2207 2935 cet.;
2240 2876 2377 2925 inter
2397 2878 2583 2939 poetas
2606 2875 2789 2927 Silium

1743 2951 1800 3013 6,
1850 2950 1946 3000 342
1993 2963 2143 3014 seqq.
2197 2949 2372 3013 (Balde
2407 2951 2580 3013 Lyric.
2621 2952 2675 3010 4,
2714 2951 2785 3012 3.,

1741 3025 1966 3076 fortasse
2013 3025 2169 3074 nimis
2215 3037 2403 3089 presse
2453 3025 2649 3075 Horatii
2698 3038 2792 3074 ve—

1741 3100 1892 3163 stigia
1938 3111 2203 3161 sequens,
2246 3097 2503 3162 pleraque
2549 3099 2673 3149 hinc
2718 3099 2789 3149 ad

1740 3174 1976 3224 'rhomae
2011 3174 2141 3223 Mori
2180 3174 2532 3224 constantiam
2563 3172 2791 3224 laudan-

1741 3249 1867 3299 dam
1902 3247 2161 3309 detorsit.)

1806 3323 1887 3375 44.
1957 3320 2348 3385 condicionibus]
2414 3334 2540 3373 casu
2603 3322 2784 3382 tertio,

1740 3401 1802 3450 ut
1833 3395 2044 3459 Quintil.
2077 3397 2138 3457 8,
2177 3397 2235 3458 6,
2272 3396 2364 3448 54:
2418 3396 2462 3445 si
2495 3409 2599 3459 qua
2627 3396 2790 3446 verbis

1741 3473 1978 3523 disseruit.

1808 3547 1887 3596 ⁴5.
1905 3545 1983 3595 46.
2003 3545 2259 3610 trahentis]
2274 3544 2382 3595 «Ab
2397 3543 2643 3608 exemplo
2658 3558 2787 3608 per-

1742 3622 1936 3670 niciem
1957 3621 2011 3669 in
2046 3621 2290 3683 posteros
2314 3617 2585 3680 trahebat,
2622 3618 2789 3668 dedu·

1742 3694 1921 3756 cebat,
1958 3694 2013 3744 id
2037 3697 2144 3753 est,
2182 3692 2459 3743 dictitabat
2480 3690 2583 3742 tale
2609 3705 2789 3743 exem-

1740 3767 1888 3833 plum
1923 3770 2118 3818 nimiae
2141 3766 2398 3818 facilitatis
2423 3766 2493 3816 ad
2513 3766 2789 3818 redimen-

1742 3842 1839 3894 dos
1892 3844 2134 3906 captivos
2184 3842 2293 3891 vim
2328 3842 2382 3890 et
2416 3842 2788 3892 auctoritatem

1739 3918 2093 3981 perniciosam
2128 3916 2180 3964 in
2213 3917 2457 3978 posteros
2479 3914 2788 3964 habiturum

1741 4004 1913 4043 esse.»
1978 3992 2119 4040 lanu.
2171 3989 2304 4039 Vide
2365 3989 2678 4038 Excursum.
2729 4013 2784 4024 -

1741 4066 1995 4116 Ceterum
2043 4063 2283 4115 trahentis
2330 4062 2559 4113 Codices
2599 4072 2788 4112 omnes

1738 4142 1955 4203 praeter
1998 4137 2218 4200 Cruquii
2262 4135 2637 4198 Scholiastam,
2695 4135 2788 4198 qui

1739 4212 1930 4263 habet:
1986 4211 2260 4276 abrahami]
2308 4210 2572 4263 adserenti
2614 4210 2666 4258 in
2701 4207 2787 4258 tu-
