3234 4975
648 420 772 497 388

1418 422 1675 472 HORATH
1711 421 2050 471 CARMINUM

1156 579 1251 644 De
1295 586 1519 643 tenero
1562 575 1910 642 meditatur
1953 576 2194 663 ungui3

980 701 1125 766 Mox
1168 699 1453 765 iuniores
1496 698 1755 785 quaerit
1799 696 2129 764 adulteros
2213 727 2224 735 2

2735 698 2817 763 25

978 823 1149 887 Inter
1191 820 1398 886 mariti
1442 820 1608 895 vina,
1659 838 1875 906 neque
1921 817 2096 906 eligit

1064 942 1177 1008 Cui
1223 941 1418 1008 donet
1461 940 1868 1027 impermissa
1912 938 2144 1026 raptim

769 1170 851 1220 27.
901 1170 1185 1219 intermissa
1217 1162 1373 1230 ST,§,

701 1247 785 1294 tus
820 1246 874 1292 et
906 1243 1035 1293 Ach.
1075 1241 1221 1291 Statii
1255 1240 1408 1291 liber.

1424 1168 1557 1217 Pott.
1596 1169 1742 1225 tres,
1794 1165 2072 1226 improvisa
2105 1162 2379 1215 Pulmanni
2416 1165 2547 1217 Cod.
2585 1167 2744 1230 quin-

1482 1240 1561 1301 (Ut
1592 1251 1718 1299 nos,
1756 1237 1943 1300 Bbcd.)

633 1447 852 1499 artibus.
925 1448 1064 1508 Cur,
1103 1458 1330 1509 quaeso,
1378 1445 1486 1494 ίαηι
1516 1458 1678 1506 nunc,
1756 1436 1982 1508 ὄνυχες,
2008 1438 2212 1507 ύφόἷς
2229 1439 2301 1494 τὰ
2319 1441 2494 1516 νεῦρα
2515 1441 2810 1497 παύεσθαι

632 1523 678 1573 si
711 1522 927 1572 iamiam
962 1523 1171 1570 matura
1206 1522 1330 1570 est‘?
1380 1521 1517 1570 Num
1557 1522 1683 1584 post
1756 1516 2040 1585 λέγουσιν.
2094 1519 2314 1571 Rufinus
2342 1520 2500 1571 Anth.
2536 1520 2641 1571 Pal.
2676 1523 2715 1572 1.
2752 1536 2806 1586 p.

629 1597 987 1647 maturitatem
1012 1594 1233 1645 demum
1256 1592 1368 1645 illas
1399 1593 1679 1644 addiscere

628 1668 906 1720 debebat?
994 1669 1162 1719 Immo
1219 1667 1483 1731 iungenda
1542 1667 1680 1718 haec

1755 1592 1855 1643 87.
1844 1608 1855 1619 ·
1913 1588 2021 1659 τὴν
2053 1589 2266 1658 ψυχὴν
2299 1589 2362 1657 ἐξ
2398 1588 2630 1655 ὀνύχων
2661 1589 2811 1645 ἀνοί-

1752 1680 1858 1733 γει.
1929 1666 2062 1718 Plut.
2112 1667 2182 1718 de
2227 1667 2393 1719 Educ.
2445 1667 2536 1719 lib.
2576 1672 2624 1719 5.
2662 1685 2715 1735 p.
2754 1670 2802 1720 3.

628 1756 755 1795 cum
787 1742 1174 1807 sequentihus:
1212 1742 1347 1791 «iam
1365 1755 1522 1804 nunc,
1559 1754 1680 1792 ma-
1752 1741 1849 1792 Ed.
1875 1741 2065 1793 Didot:
2105 1739 2588 1815 συμπαθέστερόν
2610 1758 2674 1794 u·
2692 1740 2805 1815 γὰρ

628 1822 745 1869 tura
780 1816 1026 1882 quidem,
1076 1815 1174 1867 sed
1209 1815 1446 1866 nondum
1490 1817 1673 1881 nupta,

632 1892 813 1943 animo
847 1892 1009 1954 agitat
1041 1902 1254 1940 amores
1287 1891 1521 1952 incestos,
1561 1889 1678 1941 «vel

632 1966 1135 2032 impudicissimus»,
1158 1978 1282 2014 mox
1293 1966 1453 2029 nupta
1465 1966 1566 2015 cet.
1594 1964 1676 2015 Ad

627 2042 787 2105 partt.
825 2041 931 2089 iam
961 2052 1095 2088 nunc
1127 2039 1221 2089 ct'r.
1251 2039 1345 2088 Od.
1372 2040 1433 2101 2,
1473 2040 1531 2100 4,
1568 2039 1670 2099 47.,

630 2118 687 2165 et
722 2113 941 2175 crebro,
980 2127 1084 2164 non
1120 2115 1299 2164 tamen
1322 2126 1556 2181 semper,
1581 2126 1676 2177 po-

628 2190 828 2239 nuntur
844 2188 1219 2253 propositionis
1240 2188 1386 2237 initio
1401 2225 1414 2248 ,
1448 2190 1508 2237 ut
1529 2187 1675 2251 apud

625 2262 790 2315 Plaut.
846 2261 948 2315 Mil.
1003 2261 1133 2327 glor.
1180 2263 1239 2323 2,
1276 2262 1337 2323 6,
1376 2261 1504 2312 463ε
1562 2263 1675 2312 Iam

622 2351 756 2388 nunc
791 2339 917 2388 satis
947 2343 994 2388 et
1016 2338 1134 2400 plus
1154 2338 1311 2387 nimio
1331 2337 1497 2386 merui
1525 2337 1667 2387 mali.

623 2412 819 2462 Contra
854 2414 1077 2477 Propert
1115 2412 1174 2473 4,
1219 2413 1272 2461 44
1300 2450 1312 2472 ,
1346 2411 1438 2460 93:
1487 2411 1676 2461 Discite

620 2492 887 2538 venturam
919 2490 1025 2539 iam
1043 2502 1178 2539 nunc
1198 2488 1381 2537 sentiro
1405 2492 1668 2537 senectam.

621 2562 681 2613 ln
741 2559 1007 2613 clausulae
1064 2565 1245 2613 autem
1298 2562 1404 2612 fine
1462 2562 1538 2625 (ut
1584 2561 1673 2612 hic

623 2634 877 2687 volebant
904 2637 1155 2701 nonnulli)
1192 2637 1370 2688 locum
1397 2650 1674 2701 nunquam

621 2708 803 2761 habet.
843 2711 948 2762 Csr.
976 2712 1127 2763 Hand
1151 2714 1300 2763 Turs.
1342 2713 1424 2762 111.
1464 2725 1517 2776 p.
1553 2711 1667 2761 453.

683 2784 767 2836 24.
805 2786 882 2835 Do
903 2786 1305 2851 tenero-miqui]
1343 2789 1671 2837 Graecorum

619 2854 683 2922 ἐξ
730 2852 968 2909 ἁπαλῶν
1019 2855 1263 2922 ὀνύχων.
1356 2863 1467 2912 Iam
1518 2860 1670 2912 solita

621 2934 707 2982 est
737 2934 1135 2998 interpretatio:
1194 2936 1346 2986 «inde
1382 2950 1412 2986 a
1447 2935 1671 3001 puellari

620 3008 822 3068 aetate,
859 3020 890 3057 a
914 3009 1085 3071 prima
1106 3008 1524 3068 adolescentiam
1563 3023 1670 3073 qua

621 3079 841 3143 quidem
893 3084 1109 3147 recepta
1161 3096 1266 3133 non
1316 3086 1499 3135 tamen
1553 3085 1669 3135 sine

620 3167 783 3205 causa
830 3156 881 3206 in
925 3157 1034 3205 toto
1077 3154 1195 3207 loco
1239 3158 1412 3209 haesit
1443 3158 1671 3210 Hotman

622 3227 965 3294 Peerlkamp,
1012 3232 1252 3282 ceterum
1294 3234 1429 3283 mire
1471 3245 1674 3298 propo-

626 3317 760 3355 nens
779 3318 828 3353 v.
852 3305 915 3354 22
931 3318 941 3353 z
960 3304 1002 3354 A
1016 3309 1181 3357 matre
1192 3308 1355 3371 virgo.
1383 3309 1669 3369 «Matura»,

623 3379 808 3441 inquit,
837 3378 1005 3429 «male
1031 3382 1279 3432 convenit
1300 3395 1426 3433 cum
1444 3395 1675 3446 sequen-

622 3451 766 3504 tibus
783 3492 795 3514 ,
870 3452 964 3503 ubi
1019 3454 1212 3505 eadem
1266 3456 1415 3520 virgo
1480 3456 1674 3507 dicitur

623 3540 836 3578 amores
870 3529 1107 3580 incestos
1142 3530 1391 3581 meditari
1425 3532 1485 3582 do
1505 3536 1673 3582 tenero

623 3603 832 3667 ungui.»
909 3603 1014 3653 Sed
1065 3617 1259 3655 novam
1292 3607 1557 3656 rationem
1589 3607 1674 3656 in-

623 3677 838 3740 geniose
872 3680 929 3728 et
959 3677 1116 3729 docte
1141 3692 1315 3742 nuper
1343 3680 1678 3743 investigavit

624 3752 796 3814 Unger
827 3751 889 3800 V.
927 3753 985 3802 R.
1022 3766 1075 3818 p.
1113 3752 1267 3815 40⁴..
1306 3766 1469 3817 quam
1501 3752 1678 3804 brevi·

623 3827 706 3875 ter
738 3825 824 3877 hic
859 3839 1141 3891 exponam.
1212 3827 1423 3879 Scilicet
1453 3824 1516 3892 ἐξ
1538 3822 1679 3880 ὀνύ-

625 3914 748 3960 χων
796 3903 852 3951 et
899 3896 963 3966 ἐξ
1011 3896 1253 3953 ἁπαλῶν
1308 3895 1538 3962 ὀνύχων
1591 3904 1678 3954 est

628 3975 930 4039 «penitus»,
981 3979 1042 4027 ut
1073 3989 1172 4028 nos
1206 3976 1536 4038 diceremuS,
1577 3990 1674 4028 «ex

627 4048 824 4099 intimis
859 4051 1098 4113 nervis»,
1135 4053 1195 4102 ut
1226 4052 1392 4104 Latini
1426 4050 1550 4102 alibi
1592 4052 1676 4102 di-

626 4125 841 4184 xerunt,
901 4137 999 4175 «ex
1045 4126 1166 4178 imis
1211 4125 1508 4178 medullis.»
1567 4127 1677 4178 Cur

625 4198 807 4247 autem
876 4197 1092 4250 intimus
1149 4212 1341 4251 sensus
1394 4200 1677 4265 meamus

626 4268 786 4320 tribui
822 4272 1069 4334 potuerit,
1095 4273 1268 4337 aperit
1280 4271 1459 4324 Pollux
1477 4274 1526 4334 2,
1557 4272 1670 4323 446.

1750 1816 2049 1887 θρέψουσι
2097 1817 2200 1867 καὶ
2252 1813 2348 1868 διὰ
2380 1816 2646 1881 πλείονος
2678 1817 2804 1869 ἐπι-

1747 1889 2007 1955 μελείας,
2056 1885 2138 1953 ὥς
2168 1884 2247 1940 ἄν
2280 1884 2516 1943 eudo-9⁶11
2547 1893 2682 1954 καί,
2735 1887 2806 1942 τὸ

1748 1962 1821 2032 δὴ
1844 1962 2178 2033 λεγόμενον,
2199 1962 2261 2030 ἐξ
2278 1960 2510 2027 ὀνύχων
2529 1930 2803 2033 [ἁπαλῶν]

1748 2035 2056 2108 ἀγαπῶσαι
2087 2036 2158 2092 τὰ
2182 2042 2356 2091 τέκνα
2375 2077 2390 2102 ,
2425 2041 2518 2092 uhi
2534 2084 2545 2105 ,
2584 2055 2708 2094 cum
2731 2042 2799 2093 de

1748 2115 2010 2167 matribus
2044 2116 2328 2167 manifesto
2362 2120 2564 2179 agatur,
2601 2117 2803 2181 signifi-

1747 2191 1835 2240 cat
1885 2191 2144 2255 «.penitus
2153 2208 2179 2236 n
2273 2192 2406 2240 Item
2462 2191 2799 2242 Automedon

1747 2265 1904 2315 Anth.
1959 2261 2066 2314 Pal.
2121 2264 2160 2313 1.
2215 2277 2268 2329 p.
2325 2265 2454 2314 ⁴⁴9:
2514 2259 2634 2331 Τὴν
2679 2259 2799 2316 ἀπὸ

1746 2335 1853 2403 τῆς
1880 2332 2071 2403 Ἀσίης
2104 2332 2489 2425 ὀρχηστρίδα,
2552 2335 2660 2405 τὴν
2692 2355 2801 2391 κα-

1746 2413 2047 2476 κοτέχνοις
2093 2409 2402 2479 Σχήμασιν
2451 2409 2514 2477 ἐξ
2558 2408 2802 2466 ἁπαλῶν

1745 2490 2057 2554 κινυμένην
2091 2480 2319 2548 ὀνύχων
2375 2491 2420 2554 (α
2424 2490 2578 2541 cuius
2617 2495 2794 2543 motus

1747 2562 1930 2614 lascivi
1944 2562 2092 2613 velut
2108 2575 2174 2613 ex
2191 2565 2390 2614 teneris
2406 2564 2675 2628 unguibus
2694 2566 2795 2616 orti

1746 2640 1920 2687 totum
1966 2649 2068 2701 per
2110 2650 2306 2701 corpus
2366 2639 2793 2702 propagantur,»)

1748 2710 1944 2762 Αἱνέω.
1983 2710 2149 2761 Plaut.
2172 2711 2333 2763 Stich.
2371 2713 2432 2773 5,
2470 2713 2531 2773 5,
2570 2713 2663 2762 49:
2701 2714 2798 2762 Lo-

1740 2787 1918 2849 pidam
1949 2790 1998 2835 et
2029 2798 2236 2835 suavem
2267 2786 2549 2836 cavationem
2570 2785 2800 2848 aliquam

1747 2861 1955 2922 occipito
2005 2860 2350 2923 οὸπαοαᾶοαιπ,
2412 2861 2503 2910 Ubi
2526 2862 2801 2923 perpruri-

1745 2947 1947 2986 scamus
1977 2947 2136 2996 usquo
2165 2947 2234 2984 σω
2262 2935 2581 2998 unguiculis,
2634 2947 2804 2999 quem

1745 3009 1923 3061 locum
1971 3009 2236 3073 expressit
2280 3008 2533 3074 Apuleius
2583 3010 2705 3061 Met.
2742 3024 2798 3074 p.

1745 3084 1859 3134 938.
1913 3084 1976 3134 H.
1994 3120 2006 3143 ,
2067 3082 2161 3133 ubi
2213 3082 2635 3144 Hildwrandus:
2711 3079 2805 3147 «ἐξ

1746 3151 1974 3217 ὀνύχων
2007 3155 2198 3219 φιλεῖν
2216 3193 2232 3218 ,
2277 3157 2332 3207 id
2366 3160 2476 3217 est,
2514 3170 2582 3208 ex
2614 3158 2800 3208 intimo

1745 3233 1997 3297 pectore,
2035 3232 2276 3296 penitus,
2316 3231 2650 3292 medullitus3
2708 3232 2800 3296 qui

1746 3307 1890 3357 enim
1926 3318 1992 3356 ex
2013 3304 2255 3369 partibus
2279 3306 2522 3370 corporis
2544 3307 2800 3357 extremis

1746 3380 1898 3444 quasi
1931 3378 2120 3442 flagrat
2152 3382 2208 3429 et
2239 3379 2476 3441 lascivit,
2530 3382 2640 3430 toto
2675 3393 2801 3431 cor-

1745 3467 1877 3517 pore
1929 3454 2310 3519 concupiscit.»
2379 3455 2489 3505 Cic.
2543 3454 2614 3504 ad
2648 3455 2791 3506 Fam.

1743 3530 1794 3589 4,
1821 3529 1869 3588 6,
1895 3527 1957 3576 2:
1994 3527 2093 3578 Sed
2104 3533 2318 3591 praesta
2338 3533 2385 3578 to
2406 3541 2543 3590 omn,
2568 3529 2656 3589 qui
2675 3527 2798 3578 nutes

1746 3615 1783 3652 a
1814 3602 2017 3663 tanam,
2052 3607 2111 3651 ut
2143 3603 2325 3653 Graeci
2359 3603 2552 3664 dictant,
2604 3603 2795 3667 unqui-

1744 3677 1870 3726 culis
1920 3689 1972 3727 os
2019 3678 2277 3764 coquinas,
2334 3676 2602 3726 «intime
2691 3689 2799 3727 non

1751 3750 1904 3802 «inde
1940 3764 1970 3800 a
2003 3752 2174 3816 prima
2206 3752 2494 3815 pueritia3»
2550 3763 2651 3815 pro
2690 3763 2798 3814 qua

1749 3829 1928 3878 tamen
1975 3826 2359 3890 significatione
2409 3828 2584 3890 Unger
2628 3822 2801 3875 attulit

1748 3903 1996 3953 Laui-ent.
2040 3900 2170 3963 Lyd.
2208 3899 2277 3951 de
2312 3901 2481 3965 Magg.
2518 3902 2581 3963 2,
2620 3901 2705 3951 26.
2739 3912 2796 3963 p.

1750 3975 1879 4026 438:
1912 3970 2052 4038 τοὺς
2084 3971 2147 4024 δὲ
2167 3970 2389 4039 νόμους
2410 3970 2600 4037 εἰδώς,
2642 3969 2800 4044 εἴπερ

1746 4064 1835 4113 τις
1866 4039 2044 4112 ἄλλος
2064 4085 2079 4111 ,
2117 4043 2206 4112 οἷς
2226 4046 2290 4113 ἐξ
2310 4041 2550 4099 ἁπαλῶν
2571 4043 2799 4107 ὀνύχων

1748 4122 1873 4175 avet·
1930 4119 1943 4136 '
2038 4159 2052 4173 .
2089 4122 2201 4175 Alia
2223 4123 2523 4174 testimonia
2543 4135 2642 4187 pro
2657 4120 2800 4185 prio-

1748 4211 1809 4248 re
1843 4199 1860 4248 i
1897 4210 1929 4247 a
1964 4197 2085 4247 vide
2121 4196 2265 4263 apud
2299 4198 2492 4262 ipsum.

1814 4273 1896 4322 25.
1939 4272 2022 4323 26.
2059 4273 2186 4323 Mox
2213 4271 2432 4322 iuniores
2453 4269 2577 4333 σοι]
2619 4269 2797 4318 «Dum
