3234 4975
634 395 756 459 552

1396 395 1653 446 HonA‘ru
1688 395 2025 446 CARmNUM

1056 550 1257 615 Maius
1303 548 1732 617 Echioniaeve
1776 549 2050 618 Thebae.

883 709 1127 774 Merses
1173 707 1523 795 profundo:
1574 707 1905 794 pulchrior
1948 707 2147 785 exiet3

878 832 1177 896 Luctere:
1227 828 1422 895 multa
1464 838 1733 913 proruet
1776 829 2096 916 integrum

965 951 1126 1018 Cum
1170 949 1363 1016 laude
1407 949 1718 1017 victorem
1768 959 2082 1038 geretque

1052 1070 1304 1138 Proelia
1347 1071 1729 1158 coniugibus
1774 1070 2118 1159 loquenda.

883 1229 1252 1317 Karthagini
1298 1229 1425 1296 iam
1469 1250 1597 1295 non
1643 1250 1767 1317 ego
1820 1230 2080 1296 nuntios

759 1375 839 1424 65.
876 1374 1072 1424 Morsus
1091 1371 1195 1422 Scd
1220 1374 1274 1422 et
1292 1370 1459 1422 Bentl.
1486 1369 1753 1436 plerique,
1790 1372 1989 1423 Marsae
2009 1373 2065 1422 T.
2110 1373 2190 1435 (Ut
2212 1385 2334 1434 nos,
2369 1370 2563 1434 Bbffl„
2593 1375 2730 1424 Pott.

690 1448 963 1513 quinque.)
1007 1474 1060 1484 —-
1099 1447 1258 1497 evenit
1299 1444 1525 1496 BbSTcd
1558 1449 1613 1496 et
1647 1445 1814 1496 Codd.
1845 1445 2065 1497 Bentleii
2104 1459 2170 1497 ac
2205 1447 2464 1510 Pottierii,
2501 1448 2645 1498 LCtF
2679 1450 2736 1497 et

690 1521 857 1573 Bentl.
898 1521 1046 1585 (exiet
1077 1534 1108 1572 e
1142 1533 1282 1571 corr.
1320 1520 1437 1571 Vat.
1474 1521 1513 1570 L
1555 1522 1609 1570 et
1641 1518 1755 1570 aliis
1791 1521 1880 1583 (9)
1917 1522 2062 1585 apud
2092 1520 2276 1572 Valart
2306 1522 2575 1583 Meineke‚
2611 1525 2735 1586 post

692 1610 789 1647 nos
834 1597 995 1647 etiam
1043 1595 1211 1659 Iahn.)
1253 1624 1306 1632 —
1347 1595 1426 1645 66.
1464 1596 1686 1645 Ductoro
1717 1594 1774 1649 T,
1823 1620 1881 1631 —
1919 1597 2126 1657 proruit
2173 1591 2334 1659 Τ,βξ,
2387 1608 2470 1659 pr.
2515 1595 2551 1645 d
2587 1597 2732 1659 (reti-

694 1672 882 1721 nentes
913 1670 1184 1735 ola-etque),
1226 1669 1392 1720 Bentl.
1444 1696 1495 1705 —
1539 1669 1623 1718 67.
1657 1669 1883 1732 aeraque
1913 1664 1999 1732 ὅξ,
2034 1668 2321 1720 Bentleius.
2362 1670 2553 1733 (Nostri
2586 1670 2732 1732 non.)

696 1773 749 1781 —
788 1745 867 1794 69.
902 1745 1207 1808 Karmayini
1242 1744 1432 1808 scripsi
1466 1756 1591 1794 cum
1625 1742 1680 1793 b.
1720 1742 2008 1807 (Car-maim·
2041 1743 2119 1805 Τ.)

629 1867 777 1916 conis
822 1863 956 1915 illius
990 1863 1240 1915 dentibus
1274 1867 1514 1914 ortorum
1548 1877 1674 1914 cum

628 1941 880 2003 quattuor
925 1939 1038 1990 aliis
1086 1941 1209 2003 post
1255 1951 1492 2003 pugnam
1535 1939 1677 1988 inter

630 2016 820 2065 fratres
876 2015 1178 2077 superstes,
1236 2026 1403 2075 gener
1457 2012 1672 2074 Cadmi,

628 2100 791 2151 quem
827 2088 877 2137 in
912 2085 1107 2137 Thebis
1136 2085 1432 2137 condendis
1456 2085 1672 2146 adiuvit,

628 2165 834 2225 Agaves
896 2162 1146 2222 maritus,
1215 2160 1435 2210 Penthei
1502 2161 1673 2224 pater.

632 2235 871 2301 Apollod.
898 2236 955 2297 3,
982 2235 1032 2296 4,
1061 2237 1108 2286 4.
1146 2235 1294 2285 Ovid.
1324 2236 1445 2286 Met.
1471 2234 1530 2293 3,
1559 2235 1672 2284 426.

696 2312 776 2362 65.
830 2310 1039 2374 Herses]
1095 2310 1186 2359 «Si
1220 2311 1500 2368 mersaris,
1552 2307 1679 2358 licet

632 2398 838 2436 merses
873 2385 926 2434 in
960 2382 1065 2434 alto
1098 2386 1259 2448 mari,
1308 2383 1579 2448 pulchrior
1612 2395 1678 2431 ac

631 2459 813 2510 fortior
847 2458 1058 2510 exibit.»
1096 2460 1273 2510 Lectio
1295 2472 1486 2509 ”tersus
1501 2455 1676 2508 «nullo

630 2534 790 2584 modo
842 2533 965 2584 l'erri
1007 2535 1201 2597 potest.
1259 2534 1500 2597 Oportuit
1532 2533 1675 2583 enim

628 2620 819 2668 mersa,
860 2620 963 2656 non
995 2621 1204 2667 mersus,
1258 2621 1380 2657 cum
1416 2605 1679 2656 referatur

630 2681 699 2731 ad
734 2683 1022 2732 Gemcet.»
1060 2682 1242 2731 Bam-1..
1282 2682 1475 2732 Contra
1510 2683 1564 2730 in
1584 2694 1673 2729 vv.

630 2759 816 2808 Mer-ses
838 2758 894 2805 et
918 2756 1125 2805 Lucem
1152 2757 1308 2819 aptus
1331 2758 1414 2806 est
1449 2753 1680 2819 paralle—

631 2832 834 2881 lismus.
878 2858 932 2866 —
964 2830 1241 2895 pulchrior]
1278 2843 1439 2894 saepe
1475 2829 1543 2880 de
1578 2830 1679 2880 he-

629 2905 839 2966 roibuS,
892 2918 1121 2970 quorum
1171 2905 1341 2956 forma
1391 2907 1442 2955 in
1488 2905 1679 2969 pugnis

631 2982 796 3031 enitet
838 2981 998 3042 atque
1042 2980 1328 3043 conspicua
1374 2982 1481 3040 est,
1535 2980 1678 3042 virg.

631 3058 761 3104 Aen.
799 3054 857 3114 7,
895 3053 1019 3102 656:
1062 3058 1202 3103 satu-s
1233 3054 1442 3104 Hercule
1468 3054 1680 3117 pulchro

634 3127 715 3191 (al.
754 3142 819 3177 ex
861 3126 1021 3190 gloss
1056 3127 1198 3191 forti)
1238 3129 1447 3179 Pulcher
1475 3128 1679 3178 Aventi-

630 3217 741 3253 nus,
801 3201 879 3251 lb.
928 3214 979 3251 v.
1029 3203 1158 3251 76⁴:
1217 3203 1470 3265 Hippolyti
1511 3203 1682 3264 protes

625 3277 971 3341 pulcherrima
1003 3276 1152 3337 bello,
1195 3276 1403 3327 Virbius.
1448 3301 1500 3311 —
1529 3275 1678 3340 exiet]

632 3354 857 3416 Propter
892 3348 1305 3415 parallelismum
1339 3351 1681 3402 statuendum

635 3429 719 3476 est
752 3425 1051 3477 archaismo
1085 3427 1138 3475 h.
1166 3424 1200 3475 l.
1231 3439 1386 3477 usum
1410 3438 1532 3477 esse
1555 3430 1684 3491 poe-

635 3504 769 3558 tam;
819 3513 942 3551 nam
983 3513 1136 3564 seqq.
1180 3500 1352 3551 futura
1389 3501 1517 3552 satis
1558 3513 1683 3550 mu—

635 3577 852 3625 niuntur
895 3572 963 3624 ab
1011 3574 1226 3638 optimis
1271 3574 1439 3625 Codd.
1477 3575 1682 3626 Mature

637 3653 845 3709 autem,
881 3652 939 3697 ut
962 3647 1046 3698 vel
1071 3649 1235 3699 nostri
1260 3648 1427 3699 Codd.
1455 3648 1685 3699 demon-

636 3727 833 3784 strant,
872 3725 1211 3774 Grammatici
1235 3724 1365 3783 hoc,
1404 3726 1462 3773 ut
1495 3725 1685 3787 opina-

638 3798 859 3858 bantur,
896 3811 1067 3848 naevo
1109 3798 1381 3848 Horatium
1412 3796 1684 3847 liberaturi

638 3871 1023 3935 interpolarunt
1038 3873 1213 3932 evenit,
1233 3871 1379 3934 quod
1393 3874 1572 3922 tamen
1582 3873 1684 3921 hac

640 3946 1020 4008 significatione
1075 3949 1164 4010 (ae
1205 3945 1468 4010 profundo
1513 3958 1687 3996 emer-

640 4021 737 4083 git,
795 4019 1034 4083 exsilit»)
1071 4021 1217 4071 omni
1252 4018 1497 4083 exemplo
1538 4022 1686 4071 caret

642 4107 704 4145 ac
738 4107 907 4157 prope
932 4095 1097 4157 cogit,
1135 4097 1396 4145 utcontra
1427 4092 1685 4145 librorum

641 4169 1009 4219 auctoritatem
1036 4169 1087 4218 in
1110 4181 1261 4233 seqq.
1289 4183 1504 4234 quoque
1526 4183 1689 4234 prae-

640 4243 808 4295 sentia
851 4241 1189 4305 recipiamus.
1242 4244 1394 4294 Exiet
1425 4246 1506 4294 est
1543 4243 1688 4310 apud

1749 1862 1964 1913 Tertull.
2010 1863 2131 1914 adv.
2164 1865 2278 1915 lud.
2318 1864 2396 1916 43.
2418 1905 2431 1928 ,
2465 1867 2627 1916 redies
2654 1866 2800 1930 apud

1747 1936 1901 2001 Apul.
1928 1939 2052 1989 Met.
2077 1951 2196 2003 pag.
2223 1939 2337 1990 449.
2350 1979 2362 2001 ,
2387 1939 2479 1990 ubi
2494 1940 2602 1991 vid.
2618 1938 2802 1992 Hilde-

1749 2011 1937 2062 brand.
1993 2012 2100 2062 Cir.
2140 2014 2302 2064 etiam
2335 2015 2582 2066 Huschke
2617 2013 2686 2065 ad
2719 2016 2803 2065 Ti-

1748 2084 1877 2136 bull.
1901 2085 2019 2136 Vol.
2045 2087 2095 2137 2.
2119 2100 2238 2151 pag.
2266 2088 2380 2138 707.
2410 2113 2465 2125 —
2490 2095 2705 2153 proruet
2724 2091 2804 2139 in-

1749 2159 1970 2224 teqrum]
2016 2164 2353 2224 «prosternet
2394 2162 2606 2212 hostem
2651 2161 2802 2213 illae-

1749 2247 1898 2294 sum,
1931 2234 2021 2297 qui
2044 2233 2220 2297 paullo
2244 2237 2366 2286 ante
2390 2236 2604 2288 iamiam
2627 2238 2800 2288 victo-

1749 2309 1860 2358 riae
1899 2309 2079 2357 certus
2114 2311 2281 2359 erat.»

1815 2382 1897 2431 68.
1934 2383 2226 2446 coniuqc'bus
2256 2384 2519 2450 loquenda]
2558 2384 2657 2435 «de
2683 2386 2800 2448 qui-

1748 2457 1852 2508 bus
1887 2458 2139 2521 coniuges
2182 2459 2541 2510 Romanorum
2587 2462 2642 2510 et
2674 2472 2800 2511 cum

1751 2530 1868 2581 filiis
1904 2534 1959 2582 et
1991 2533 2129 2582 inter
2162 2546 2222 2583 se
2256 2545 2382 2583 cum
2413 2532 2681 2598 voluptate
2716 2534 2802 2584 iu-

1751 2608 1940 2669 staque
1992 2604 2298 2669 gloriatione
2340 2607 2508 2657 verba
2555 2608 2798 2659 faciant.»

1752 2678 1942 2729 Salust.
1982 2680 2064 2730 Fr.
2101 2679 2216 2731 204.
2253 2694 2308 2745 p.
2345 2682 2459 2732 257.
2498 2680 2670 2732 Gerl.:
2705 2683 2801 2731 Hi-

1749 2755 2070 2816 spam'smos
2115 2754 2239 2817 ficit,
2288 2759 2346 2804 ut
2389 2755 2800 2806 inbellaeuntt’·

1751 2827 1841 2877 ἔκιε
1889 2827 2147 2878 iuvenibus
2187 2834 2461 2890 parentum
2505 2831 2647 2894 facta
2692 2844 2801 2880 mc-

1750 2906 2077 2953 morarentw·
2096 2915 2132 2951 a
2146 2902 2406 2954 mcv-ibus.
2441 2904 2587 2955 Haec
2605 2906 2802 2955 rectior

1753 2977 2114 3042 interpretatio
2149 2990 2312 3042 quam
2370 2977 2414 3040 4)
2453 2977 2800 3042 «coniugibus

1753 3051 2266 3114 Karthaginiensium
2312 3050 2647 3116 loquenda»;
2699 3065 2800 3118 pro

1755 3139 1860 3190 qua
1894 3126 2123 3176 afferunt
2151 3125 2337 3177 Catull.
2365 3125 2456 3189 64,
2493 3127 2616 3179 349:
2663 3128 2804 3178 Illius

1757 3200 1999 3263 (Achillis)
2042 3201 2271 3264 careotas
2306 3202 2516 3251 virtues
2562 3202 2804 3264 claraque

1751 3276 1893 3338 facta
1925 3274 2086 3337 Saepo
2114 3274 2405 3337 fatebuntur
2442 3281 2716 3339 anatem
2746 3277 2802 3326 in

1750 3348 1927 3412 funere
1964 3353 2168 3398 matres.
2227 3349 2429 3400 Verum
2470 3350 2515 3401 si
2557 3350 2662 3400 hoo
2702 3363 2803 3400 vo-

1752 3421 1939 3473 luisset
1970 3424 2153 3486 poem,
2214 3435 2390 3473 nonne
2433 3424 2801 3487 querimoniae

1756 3499 1811 3547 et
1841 3496 2017 3548 luctus
2049 3498 2380 3548 mentionem
2414 3498 2684 3548 iniecisset
2713 3496 2800 3548 vel

1753 3584 1861 3622 uno
1895 3569 2175 3637 ἐπιθέτῳῖ
2223 3571 2273 3635 2)
2312 3585 2373 3622 «a
2406 3570 2660 3622 militibus
2694 3574 2800 3623 Ro-

1755 3646 1928 3696 manis
1977 3645 2198 3696 domum
2244 3644 2527 3708 aliquando
2568 3647 2799 3696 reversis

1757 3720 2020 3772 narranda
2064 3721 2175 3770 suis
2218 3718 2594 3783 coniugibus»;
2647 3720 2796 3770 ovid.

1758 3796 1881 3845 Her.
1910 3798 1936 3847 1
1956 3834 1968 3856 ‚
2003 3794 2088 3844 30:
2125 3794 2402 3843 Narrantis
2420 3794 2609 3844 conium
2625 3795 2804 3857 pendet

1758 3869 1821 3917 ab
1855 3881 1942 3918 oro
1970 3868 2088 3917 viri.
2147 3867 2252 3918 Sed
2276 3868 2414 3918 hanc
2437 3881 2652 3932 quoque
2675 3881 2804 3919 sen-

1758 3943 1977 3994 tentiam
1995 3943 2109 3993 sine
2126 3941 2290 3992 dubio
2307 3940 2500 3993 clarius
2516 3943 2808 4005 expressis-

1759 4019 1843 4068 set
1867 4017 2133 4077 Horatius,
2161 4018 2220 4066 ut
2241 4016 2365 4067 iecit
2386 4017 2695 4067 Theocritus
2719 4018 2799 4076 46,

1759 4094 1840 4144 86.
1880 4094 1933 4143 in
1955 4092 2220 4141 contraria
2242 4093 2387 4141 sorte
2408 4093 2708 4141 Poenorum
2731 4089 2800 4139 ab

1762 4168 1986 4218 Hierone
2020 4166 2375 4216 devictorum:
2411 4162 2595 4227 φίλων
2616 4158 2802 4233 μόρον

1759 4236 2133 4308 ἀγγελέοντας
2167 4240 2402 4303 Τέκνοις
2442 4232 2529 4304 ἧδ’
2563 4231 2804 4298 ἀλόχοι-
