3234 4975
1228 415 1433 466 LIBER.
1505 415 1700 465 CARM.
1742 415 1825 465 ΙΧ.

781 572 1039 658 Puppes
1084 571 1530 636 sinistrorsum
1574 571 1774 654 citae.j

2488 410 2611 474 697

2535 569 2618 632 20

696 693 765 756 lo
812 691 1190 779 Triumphe,
1239 701 1306 756 tu
1351 690 1627 757 moraris
1674 711 1909 757 aureos

569 852 651 902 20.
689 852 817 899 sitae
851 850 1019 902 Codd.
1059 850 1165 900 duo
1204 850 1456 912 Cruquii‚
1513 863 1692 913 «quae
1736 853 1917 900 tamen
1963 851 2290 914 scriptura»,
2345 849 2547 913 inquit,

507 938 644 974 «non
679 924 904 978 carebat
937 923 1145 975 litura.»
1183 925 1336 988 (citae
1370 924 1549 987 hScd.)

442 1065 555 1113 eius
591 1064 710 1126 fuga
735 1062 903 1112 verba
938 1061 1113 1112 facere
1135 1063 1349 1126 poetam
1368 1099 1380 1123 ,
1418 1062 1487 1112 de

442 1151 546 1201 qua
589 1136 852 1187 Plutarch.
890 1137 1009 1185 Aut.
1053 1136 1143 1185 66:
1197 1134 1489 1197 αἰφνίδιον

441 1211 507 1259 αἱ
571 1205 941 1278 Κλεοπάτρας
1006 1203 1290 1272 ἑξήκοντα
1357 1207 1489 1274 νῆες

441 1278 732 1349 ὤφθησαν
783 1279 1088 1353 αἰρόμεναι
1143 1279 1286 1354 πρὸς
1339 1278 1489 1332 ἀπό-

444 1357 626 1409 πλουν
673 1352 746 1407 τὰ
798 1358 957 1408 ἱστία
1003 1358 1103 1407 καὶ
1151 1354 1246 1408 διὰ
1300 1359 1488 1423 μέσου

442 1430 767 1499 φεύγουσαι
789 1430 1270 1497 τῶνμαχομένων·
1288 1459 1340 1470 --
1358 1433 1430 1482 Οἱ
1442 1430 1488 1481 δ’

442 1507 688 1556 ἐναντίοι
721 1503 1117 1571 θαυμάζοντες
1141 1504 1389 1558 ἐθεῶντο
1411 1503 1489 1573 τῷ

444 1579 724 1646 πνεύματι
757 1584 1059 1652 χρωμένας
1094 1577 1337 1653 ὁρῶντες
1361 1583 1491 1634 ἐπε-

442 1653 667 1718 χούσας
701 1654 844 1727 πρὸς
877 1652 983 1722 τὴν
1018 1653 1485 1723 Πελοπόννησον.

443 1730 550 1780 Sed
572 1732 617 1781 si
643 1730 808 1780 verba
841 1744 940 1795 per
961 1744 1020 1781 se
1045 1732 1487 1796 spectaverimus,

442 1804 547 1853 hoc
578 1803 882 1854 videbimus
923 1804 1051 1853 dici:
1093 1807 1331 1867 «partem
1356 1818 1492 1868 quo-

443 1891 549 1941 que
583 1879 852 1927 sociorum
885 1878 1093 1927 Antonii
1130 1876 1395 1928 navalium
1418 1879 1492 1928 si-

444 1950 555 2002 mili
590 1952 794 2016 pudore
828 1950 914 2001 vel
949 1953 1111 2003 etiam
1144 1952 1363 2003 infelicis
1388 1954 1494 2003 exi-

451 2030 535 2077 tus
569 2029 717 2077 metu
738 2024 1041 2090 perculsam
1066 2027 1252 2089 ignave
1276 2027 1492 2077 latuisse

445 2101 495 2149 in
536 2103 693 2163 portu
726 2099 903 2162 aliquo
936 2099 1005 2149 ab
1040 2101 1189 2149 Actio
1224 2102 1493 2151 Orientem

442 2187 633 2224 versus
676 2176 846 2234 sit03»
900 2174 1012 2224 sive
1059 2185 1220 2223 verus
1262 2175 1377 2225 eius
1415 2175 1492 2223 rei

447 2248 661 2297 nuntius
715 2249 937 2297 Romam
1002 2249 1323 2309 pervenerat
1378 2248 1492 2297 sive

446 2333 544 2370 suo
609 2321 721 2369 iure
783 2319 835 2368 id
887 2319 1065 2379 finxit,
1130 2322 1189 2369 ut
1240 2319 1494 2382 equitatui

445 2391 642 2442 Gallico
677 2394 729 2441 in
764 2406 828 2442 eo
860 2392 1079 2456 pudoris
1113 2391 1198 2442 vel
1233 2394 1392 2444 etiam
1428 2393 1496 2442 ti·

443 2467 608 2518 moris
656 2466 850 2517 affectu
888 2465 1070 2518 classis
1132 2481 1348 2531 quoque
1398 2468 1499 2518 ho-

444 2539 575 2591 stilis
630 2554 754 2605 pars
818 2541 1231 2591 consociaretur.
1321 2541 1493 2593 Nolim

447 2614 553 2664 huc
608 2615 810 2664 referre
857 2613 1021 2664 verba
1072 2613 1335 2665 Plutarchi
1386 2620 1496 2665 An·-

449 2691 557 2739 ton.
596 2688 689 2738 63:
744 2683 824 2738 Οὐ
866 2684 986 2753 μὴν
1031 2680 1155 2738 ἀλλ’
1199 2686 1494 2755 ἐξενίκησε

445 2760 788 2833 Κλεοπάτρα
827 2759 922 2813 διὰ
964 2761 1077 2813 τῶν
1109 2762 1255 2813 νεῶν
1289 2762 1495 2834 κριθῆ-

445 2852 540 2887 ναι
572 2833 675 2887 τὸν
697 2834 953 2902 πόλεμον
978 2834 1088 2904 ἤδη
1123 2833 1267 2925 πρὸς
1300 2834 1493 2903 φυγὴν

449 2905 652 2981 ὁρῶσα
683 2911 784 2961 καὶ
817 2912 1088 2978 τιθεμένη
1111 2927 1184 2962 τα
1214 2912 1345 2961 καθ’
1368 2911 1497 2962 ἑαυ-

444 2981 570 3050 τήν,
591 2981 702 3047 οὐχ
727 2979 876 3037 ὅπου
895 2982 1039 3057 πρὸς
1056 2982 1124 3036 τὸ
1141 2984 1308 3054 νικᾷν
1331 2980 1494 3037 ἔσται

444 3057 759 3131 χρήσιμος,
811 3056 930 3111 ἀλλ’
964 3055 1104 3111 ὅθεν
1147 3053 1345 3111 ἄπεισι
1390 3055 1494 3131 ῥᾷ-

444 3149 557 3184 στα
606 3133 722 3185 τῶν
774 3133 1123 3206 πραγμάτων
1166 3131 1494 3199 ἀπολλυμέ-

444 3223 575 3258 νων.
613 3211 724 3260 Hoc
760 3212 931 3271 enim,
974 3223 1098 3261 cum
1134 3223 1353 3260 carmen
1388 3211 1491 3260 hoc

446 3285 802 3347 compositum
839 3287 947 3345 est,
1005 3287 1200 3336 Romae
1244 3286 1367 3334 sciri
1407 3286 1495 3334 vix

444 3358 681 3420 poterat,
725 3358 770 3407 si
803 3357 887 3408 vel
923 3361 1152 3410 maxime
1187 3373 1377 3410 verum
1401 3360 1496 3410 suit

446 3442 622 3492 neque
667 3444 730 3480 ex
777 3431 1150 3501 πραγματικῷ
1198 3433 1283 3483 illo
1325 3435 1495 3484 histo·

445 3503 555 3552 riae
590 3504 907 3556 scribendae
942 3519 1141 3569 genere
1175 3507 1350 3567 fluxit,
1388 3521 1494 3570 quo

446 3578 568 3640 post
625 3575 905 3640 Polybium
955 3593 1118 3643 saepe
1170 3579 1321 3629 abusi
1372 3582 1497 3631 sunt

448 3652 651 3699 Graeci.
712 3654 897 3715 Neque
923 3666 1052 3702 vero
1077 3664 1203 3702 cum
1237 3653 1498 3717 Interpre-

448 3723 587 3774 tibus
633 3724 739 3773 huc
792 3724 924 3774 trahi
976 3728 1201 3788 possunt
1234 3739 1319 3774 vv.
1359 3725 1490 3775 Plut.

446 3800 563 3848 Ant.
591 3798 710 3847 eod.
738 3812 857 3863 cap.
884 3799 1291 3863 praecedentia:
1330 3795 1409 3850 Τὸ
1433 3798 1495 3850 δὲ

448 3868 721 3922 ναυτικὸν
783 3872 846 3922 ἐν
902 3874 1072 3923 παντὶ
1125 3871 1495 3945 δυσπραγοῦν

445 3947 544 3996 καὶ
579 3943 723 4017 πρὸς
755 3940 993 3997 ἅπασαν
1030 3941 1321 4017 ὑστερίζον
1354 3945 1495 4012 βοή-

445 4019 610 4070 θειαν
658 4011 830 4083 αὖθις
884 4016 1166 4087 ἠνάγκαζε
1221 4017 1298 4086 τῷ
1350 4019 1494 4087 πεζῷ

447 4095 753 4165 προσέχειν
785 4090 887 4145 τὸν
915 4089 1223 4144 Ἀντώνιον.
1256 4121 1309 4130 -
1347 4095 1492 4158 dtas]

446 4170 633 4234 partic.
663 4171 936 4229 «citatae»,
975 4170 1033 4217 ut
1056 4169 1252 4218 Lucan.
1278 4168 1337 4227 8,
1363 4167 1488 4218 455:

448 4244 710 4307 Cyproque
728 4243 1175 4295 citata-'Immisere
1193 4246 1352 4301 racem
1378 4255 1495 4293 «ce—

1564 1062 1748 1114 leriter
1768 1065 1918 1114 actae
1934 1080 1947 1122 ;
1965 1082 1990 1108 ι
2032 1077 2225 1126 puppes
2244 1064 2397 1125 ciere,
2423 1064 2476 1113 in
2498 1076 2621 1128 pro-

1564 1150 1623 1188 sa
1648 1150 1727 1187 or.
1773 1137 1949 1201 (retro)
1990 1137 2229 1188 inhibere
2249 1137 2437 1198 remis,
2475 1132 2618 1207 πρύ-

1561 1227 1716 1276 μναν
1753 1206 2203 1280 ἀνακρούεσθαι.
2262 1212 2619 1261 Sinistrorsum

1563 1289 1763 1346 autem,
1779 1287 2031 1349 quoniam
2050 1288 2117 1346 ei,
2140 1287 2231 1349 qui
2249 1299 2279 1334 a
2296 1286 2620 1349 Septentrio-

1567 1372 1637 1407 ne
1675 1359 2031 1410 contuebatur
2067 1361 2302 1422 Actium,
2345 1360 2615 1410 sinistram

1565 1446 1755 1482 versus
1805 1446 1993 1484 omnes
2044 1434 2289 1497 regiones
2334 1432 2616 1482 orientales

1565 1508 1698 1556 sitae
1723 1510 1900 1569 erant,
1938 1509 2172 1572 primum
2194 1507 2614 1571 PeloponnesuS‚

1564 1583 1680 1631 tum
1724 1582 1846 1633 Asia
1894 1583 2093 1640 minor,
2148 1583 2263 1646 ipsa
2306 1583 2613 1646 Aegyptus3

1561 1655 1700 1704 haec
1734 1654 1926 1707 saltem
1962 1658 2097 1706 intra
2120 1657 2394 1706 Orientem
2428 1659 2483 1705 et
2505 1657 2613 1706 Me-

1564 1729 1783 1790 ridiem,
1820 1731 2091 1781 Sitd-Ost.
2130 1729 2427 1795 Simplicius
2452 1730 2615 1781 etiam

1565 1806 1858 1856 Gronovius
1883 1806 2035 1857 Obss.
2063 1806 2110 1857 4.
2135 1820 2189 1871 p.
2216 1805 2330 1857 545.
2376 1804 2614 1856 Frotsch.

1566 1876 1734 1939 (locus
1792 1879 2012 1943 dignus,
2065 1881 2156 1944 qui
2198 1881 2340 1930 totus
2384 1878 2615 1942 legatur)

1565 1952 1704 2001 haec
1737 1952 1982 2003 adnotat:
2025 1952 2284 2003 «Tabulae
2320 1953 2451 2004 situs
2491 1953 2612 2016 pin-

1567 2027 1806 2088 gentium
1851 2028 2049 2077 docent
2091 2027 2157 2077 ah
2192 2028 2343 2078 Actio
2386 2027 2619 2090 petenti-

1568 2099 1673 2151 bus
1708 2104 2009 2165 Aegyptum
2045 2102 2114 2152 ad
2147 2101 2356 2153 laevam
2382 2114 2502 2151 esse
2527 2114 2621 2151 na-

1568 2175 1874 2236 vigandum.
1933 2177 2109 2226 Livius
2156 2175 2379 2227 illustret
2422 2176 2517 2236 28,
2561 2177 2610 2225 5.

1570 2251 1703 2298 extr.
1731 2250 1782 2298 in
1815 2247 1929 2299 aliis
1952 2247 2083 2299 locis
2105 2250 2348 2300 similiter
2369 2249 2612 2312 loquens:

1570 2323 1755 2371 Oreum
1777 2348 1832 2382 —,
1894 2336 2023 2383 quae
2057 2323 2122 2371 ab
2154 2324 2471 2373 Demetriaco
2503 2324 2618 2372 sinu

1570 2396 1850 2447 Chalcidem
1871 2400 1917 2445 et
1938 2396 2187 2457 Euripum
2210 2397 2399 2457 petenti
2420 2397 2489 2445 ad
2516 2397 2619 2447 lao-

1567 2484 1688 2521 vam
1731 2470 1904 2532 prima
1948 2469 2147 2519 urbium
2178 2469 2411 2520 Euboeae
2450 2470 2620 2532 posita

1569 2551 1690 2595 est.»
1748 2544 2122 2607 (sinistrorsum
2164 2557 2264 2608 pro
2295 2545 2520 2604 sinistre,
2565 2546 2619 2594 in

1571 2620 1803 2679 deterius,
1839 2620 1994 2678 citae,
2032 2619 2092 2667 ut
2112 2617 2333 2681 quidam
2354 2619 2620 2681 interpre-

1571 2694 1710 2743 tatus
1729 2694 1831 2751 est,
1852 2692 2219 2742 consuetudini
2239 2692 2450 2742 Latinae
2468 2705 2620 2754 pror-

1570 2779 1663 2816 sus
1696 2766 1994 2829 repugnat.)
2031 2764 2161 2814 Vide
2196 2765 2511 2815 Excursum.

1635 2841 1719 2889 2⁴.
1772 2840 1854 2889 22.
1911 2840 1967 2888 Io
2019 2838 2615 2903 Trimnpho--bovowl

1572 2914 1678 2964 Csr.
1716 2913 1812 2963 Od.
1841 2912 1898 2974 4,
1935 2914 1996 2974 2,
2033 2913 2115 2963 49.
2174 2914 2268 2963 Est
2307 2914 2489 2963 autem
2535 2914 2618 2963 in-

1569 2988 1883 3049 terrogatio,
1974 2999 2078 3036 non
2153 2986 2489 3047 exclamatio,
2564 2989 2620 3036 ut

1569 3061 1812 3127 plerique
1855 3060 2212 3124 distinguunt:
2266 3063 2321 3111 Io
2357 3063 2620 3124 annpho

1570 3162 1600 3173 -
1622 3163 1652 3172 -
1692 3135 1868 3185 boves!
1939 3134 2026 3185 vel
2093 3137 2247 3200 peius
2307 3136 2491 3186 etiam:
2562 3137 2618 3186 Io

1574 3210 1837 3272 Triumpho
1873 3236 1904 3246 -
1932 3235 1963 3247 ·
1993 3209 2171 3260 boves:
2226 3211 2282 3261 Io
2335 3211 2614 3272 Triumpho.

1572 3303 1597 3329 ιι
1621 3286 1821 3335 Currus
1883 3283 1981 3347 ipsi
2048 3282 2395 3348 triumphales
2450 3285 2619 3346 parati

1572 3361 1720 3410 sunt:
1781 3372 1877 3408 cur
1920 3361 2010 3419 tu,
2065 3358 2351 3421 Triumphe
2375 3395 2388 3418 ‚
2441 3358 2519 3407 eis
2565 3359 2618 3407 in

1571 3446 1724 3484 mora
1750 3435 1884 3482 es‘1»
1920 3432 2042 3481 Sine
2066 3431 2325 3493 imagine:
2365 3430 2619 3489 «Quando

1570 3506 1790 3557 tandem
1840 3507 2040 3555 Caesar
2085 3503 2500 3568 triumphabit‘t»
2547 3504 2620 3565 (In

1571 3592 1794 3630 nummo
1827 3581 1885 3629 L.
1913 3578 2059 3640 Papii
2093 3577 2233 3628 Celsi
2266 3576 2409 3641 apud
2442 3578 2618 3628 Riccio

1569 3657 1642 3705 Μ.
1680 3656 1735 3703 F.
1774 3654 1830 3702 R.
1870 3665 1924 3715 p.
1964 3652 2076 3700 ⁴62.
2122 3651 2395 3714 Triumphi
2429 3653 2513 3701 est
2546 3650 2621 3701 ef-

1571 3727 1724 3789 figies
1758 3723 2030 3783 iuvenilis,
2077 3723 2309 3773 laureata
2346 3737 2473 3774 cum
2507 3726 2620 3774 tro-

1571 3813 1727 3864 paeo.
1771 3799 2029 3850 Scribitur
2064 3797 2418 3862 TRIVMPVS.)
2446 3824 2501 3833 —
2527 3811 2621 3848 au-

1569 3873 1711 3936 reos]
1749 3871 2053 3935 «fulgentes
2098 3870 2262 3920 ebore
2310 3875 2365 3921 et
2412 3870 2619 3922 laminis

1571 3948 1800 3997 aureis.»
1838 3946 1968 3997 Flor.
2010 3947 2066 4006 4,
2103 3946 2164 4006 ὅ,
2201 3946 2256 3995 6:
2299 3947 2451 4007 Inde,
2487 3947 2621 4006 quod

1571 4034 1728 4070 aureo
1771 4035 1930 4070 curru
1970 4025 2209 4082 quatum·
2250 4021 2388 4083 equis
2435 4020 2619 4071 tram»-

1566 4096 1771 4157 phatw.
1832 4093 2073 4144 Philostr.
2110 4095 2210 4143 Vit.
2248 4094 2407 4158 Soph.
2445 4095 2505 4152 4,
2550 4095 2614 4143 7:

1571 4169 1827 4218 Traianus
1863 4169 2088 4218 Dionem
2122 4162 2481 4233 ἀναθέμενος
2513 4161 2617 4218 αὖ·

1573 4237 1674 4292 τὸν
1691 4268 1720 4280 -
1737 4268 1762 4279 -
1784 4239 1845 4305 ἐς
1863 4237 1968 4308 τὴν
1989 4240 2214 4315 χρυσῆν
2235 4234 2486 4306 ἅμαξαν,
2525 4239 2616 4302 ἐφ’
