3234 4975
642 387 766 451 556
1410 390 1664 441 uonArn
1702 389 2039 443 emmim

634 531 874 592 monam,
913 543 1075 594 quam
1110 531 1326 581 Romani
1364 532 1775 595 reportaverint,
1813 545 1879 582 ex
1913 544 2019 595 quo
2054 530 2311 582 Hannibal
2349 532 2398 582 in
2424 530 2624 583 ltaliam
2647 535 2809 583 venit.

640 614 797 678 Atqui
821 616 1028 665 constat
1050 628 1114 664 ex
1136 614 1391 675 historiis,
1419 615 1523 664 iam
1548 628 1597 664 a.
1626 628 1679 665 u.
1707 628 1754 665 c.
1779 614 1894 665 539.
1922 616 1978 665 et
1999 614 2209 665 duobus
2234 615 2584 680 sequentibus
2609 618 2813 667 Poenos

641 710 670 747 a
706 699 772 749 M.
812 697 1030 748 Claudio
1064 696 1308 749 Marcello
1342 701 1587 763 praetore
1622 697 1764 762 apud
1810 698 1993 749 Nolam
2031 699 2192 749 fuisse
2227 700 2550 763 profligatos.
2621 700 2813 751 Clades

641 783 783 847 apud
818 784 1112 834 Metaurum
1157 782 1349 831 accidit
1383 795 1431 832 a.
1470 795 1523 831 u.
1563 796 1612 834 c.
1653 781 1766 833 547.
1838 781 2116 834 Marcellus
2149 784 2324 847 prima
2357 785 2577 834 victoria
2614 783 2812 834 Nolana

641 866 819 917 docuit
854 865 1201 916 Hannibalem
1236 866 1374 915 vinci
1407 878 1593 929 posse,
1634 879 1805 930 eaque
1841 880 1931 918 res
1965 866 2238 928 Romanis,
2278 867 2345 916 de
2380 881 2439 917 re
2464 880 2675 918 summa
2697 868 2811 918 fere

639 951 744 1000 iam
795 949 1229 1014 desperantibus,
1292 950 1528 1000 animum
1577 950 1823 1000 reddidit.
1898 952 2083 1014 ltaque
2132 950 2367 1001 historici
2418 950 2534 1002 dies
2582 949 2812 1001 Nolanos

638 1032 817 1084 multis
866 1032 1112 1084 laudibus
1162 1031 1585 1084 celebraverunt.
1666 1035 1775 1084 Liv.
1822 1034 1911 1095 23,
1968 1034 2048 1084 46.
2093 1033 2267 1085 Valer.
2313 1036 2448 1086 Max.
2486 1035 2542 1097 4,
2595 1036 2646 1085 6.
2714 1037 2811 1086 At—

637 1130 744 1180 que
787 1119 885 1168 ista
927 1117 1145 1167 victoria
1188 1116 1386 1167 Nolana
1429 1120 1537 1169 tam
1582 1117 1777 1168 crebro
1812 1120 1866 1167 et
1910 1121 2059 1181 grato
2093 1119 2332 1169 omnium
2365 1132 2616 1170 sermone
2650 1132 2810 1171 usur·

636 1200 892 1265 pabatur,
953 1202 1012 1251 ut
1060 1201 1452 1265 propemodum
1503 1214 1590 1253 res
1641 1202 1694 1251 in
1744 1200 2092 1265 proverbium
2141 1200 2345 1251 abierit.
2419 1203 2530 1253 Cic.
2576 1203 2719 1252 Brut.
2756 1203 2805 1252 3.

637 1284 945 1347 Hieronym.
984 1285 1078 1348 Ep.
1116 1285 1198 1334 7.»
1263 1285 1366 1335 HP.

765 1369 987 1429 Verum,
1026 1370 1084 1417 ut
1115 1380 1253 1431 quae
1287 1367 1521 1418 historici
1555 1370 1680 1418 sunt
1712 1369 2008 1431 argumenti
2043 1370 2096 1419 in
2130 1368 2232 1418 hac
2266 1368 2606 1419 adnotatione
2631 1370 2810 1419 omnia

638 1451 1022 1513 concedamus,
1062 1451 1243 1515 quidni
1278 1453 1550 1513 Horatius,
1587 1451 1716 1502 dum
1752 1450 2000 1503 Claudios
2034 1454 2276 1503 Nerones
2307 1452 2559 1516 patricios
2583 1454 2810 1504 summis

636 1533 882 1585 laudibus
917 1534 1141 1596 extollit,
1180 1536 1247 1586 M.
1286 1534 1566 1586 Claudium
1598 1534 1904 1586 Marcellum
1940 1535 2211 1600 plebeium
2242 1536 2601 1600 praeteriens,
2647 1549 2809 1601 prae-

637 1618 836 1670 claram
889 1616 1031 1669 illam
1078 1619 1354 1669 victoriam
1398 1633 1428 1669 a
1476 1620 1534 1669 C.
1573 1617 1794 1669 Claudio
1839 1621 2049 1670 Nerone
2096 1634 2162 1670 ex
2207 1618 2539 1671 Hasdrubale
2585 1618 2808 1670 relatam

636 1703 868 1767 primam
911 1701 999 1752 tali
1041 1703 1255 1753 nomine
1295 1715 1425 1752 vere
1458 1702 1676 1764 dignam
1707 1715 1900 1753 vocare
1935 1704 2207 1768 potuerit?
2272 1704 2427 1768 Apud
2459 1706 2675 1769 poetam
2709 1717 2809 1754 au-

636 1788 747 1837 tem
781 1784 1007 1849 lyricum
1040 1786 1093 1835 in
1128 1785 1496 1835 huiuscemodi
1531 1785 1790 1849 exemplis
1825 1800 1890 1836 ex
1912 1787 2249 1850 antiquitate,
2287 1799 2394 1837 non
2418 1801 2484 1838 ex
2505 1788 2807 1852 praesentia

636 1870 871 1933 repetitis
905 1869 1137 1919 historici
1171 1869 1442 1933 scriptoris
1476 1872 1869 1921 accurationem
1912 1883 2144 1935 semper,
2171 1871 2446 1934 requirere
2489 1885 2680 1923 sanum
2724 1872 2809 1921 in-

635 1953 927 2017 terpretem
961 1950 1146 2014 valde,
1184 1953 1394 2016 opinor,
1432 1953 1677 2005 dedecet.

1238 2243 1975 2302 Excunsus
2051 2245 2176 2301 ln.

1492 2395 1569 2443 An
1601 2406 1688 2443 vv.
1726 2393 1782 2443 64
1797 2392 1939 2445 -64,

763 2518 912 2569 Hanc
943 2516 1217 2581 stropham
1250 2515 1318 2566 ab
1353 2514 1578 2568 Hosman
1610 2513 1975 2580 Peerlkampio
2008 2529 2114 2566 non
2152 2514 2517 2567 addubitatam
2551 2528 2648 2579 pro
2671 2514 2805 2565 suh-

634 2601 794 2652 ditiva
816 2600 1003 2651 habuit
1023 2602 1129 2651 iam
1153 2601 1213 2651 C.
1240 2602 1297 2650 L.
1323 2601 1535 2660 Struve,
1563 2599 1835 2664 professor
1856 2600 2324 2663 Regiomontanus,
2354 2601 2405 2649 ln
2429 2597 2803 2663 scriptiuncula

634 2686 702 2735 ad
738 2688 796 2736 G.
836 2686 890 2736 L.
928 2683 1269 2736 Klausenium
1315 2683 1459 2736 4836.
1497 2684 1685 2734 missa:
1739 2682 1807 2732 ab
1859 2683 2029 2735 otioso
2081 2683 2223 2732 enim
2273 2682 2630 2733 Grammatico
2681 2695 2804 2732 eam

634 2768 950 2821 inculcatam
985 2782 1133 2831 esse,
1179 2769 1269 2832 qui
1303 2768 1466 2818 animi
1499 2780 1661 2817 causa
1695 2768 1773 2818 sic
1807 2767 2021 2830 Hydrae
2058 2770 2111 2817 et
2143 2764 2419 2838 Σπαρτῶν
2452 2766 2656 2817 fabulas
2691 2768 2803 2816 tra-

633 2855 778 2903 ctare
812 2852 1053 2903 voluerit.
1116 2854 1299 2914 (Nemo
1323 2853 1503 2901 autem
1526 2851 1760 2901 atrocius
1795 2851 1845 2901 in
1869 2852 1973 2902 hoc
1996 2863 2211 2901 carmen
2237 2853 2507 2914 grassatus
2529 2853 2612 2900 est
2638 2863 2802 2913 quam

632 2938 819 2990 Martin
851 2938 928 2987 De
960 2937 1150 2997 aliquot
1181 2937 1380 2986 Horatii
1412 2935 1728 2986 Carminibus
1752 2935 1966 2999 (Posen.
2005 2932 2168 2996 4844.)
2205 2947 2259 2997 p.
2301 2934 2366 2984 Xl
2407 2947 2512 2997 sq.,
2571 2934 2659 2998 qui
2695 2946 2800 2984 non

634 3019 806 3071 solum
832 3033 956 3070 cum
981 3018 1344 3082 Peerlkampio
1370 3031 1554 3069 versus
1576 3018 1626 3068 2.
1654 3018 1702 3068 3.
1729 3016 1776 3067 4.
1805 3017 1852 3068 6.
1883 3017 2056 3069 48-22.
2085 3016 2260 3069 44-48.
2288 3017 2488 3078 73-76.,
2515 3016 2615 3069 sed
2637 3018 2800 3068 etiam

630 3117 716 3154 vv.
754 3103 931 3154 29-36.
968 3103 1145 3153 65-68.
1182 3100 1470 3152 eiiciendos
1505 3099 1728 3164 censet.)

760 3188 899 3237 Sane
948 3184 1178 3236 notabile
1230 3188 1313 3236 est
1360 3198 1549 3236 versus
1598 3187 1721 3235 ante
1773 3185 2026 3235 Criticum
2079 3182 2393 3236 Leidensem
2434 3185 2561 3234 huic
2591 3184 2677 3235 vel
2727 3183 2798 3234 illi

631 3274 939 3336 suspectos,
978 3271 1155 3320 earm.
1183 3270 1240 3330 3,
1281 3271 1369 3330 47,
1407 3270 1517 3320 5-8.
1544 3268 1602 3329 4,
1641 3268 1700 3328 4,
1739 3268 1935 3328 48-22.,
1972 3267 2182 3329 itidem,
2219 3269 2278 3318 ut
2300 3267 2427 3327 hos,
2456 3265 2799 3332 mythologici

631 3369 752 3407 esse
788 3354 1083 3418 argumenti
1119 3357 1174 3404 et
1214 3354 1327 3404 sine
1364 3367 1556 3416 magno
1597 3353 1896 3403 carminum
1928 3351 2247 3401 detrimento
2282 3348 2446 3400 deleri
2484 3361 2663 3414 posse.
2733 3353 2800 3399 At

629 3454 759 3491 vero
808 3440 1039 3490 invicem
1084 3451 1205 3490 sese
1250 3437 1568 3498 defendunt,
1623 3449 1746 3486 cum
1788 3435 2155 3486 demonstrent
2203 3434 2400 3484 Horatii
2451 3446 2660 3483 morem
2697 3431 2798 3496 (alii

629 3525 809 3575 dicent
842 3522 1041 3585 vitium)
1076 3522 1264 3582 fuisse,
1316 3520 1789 3573 Alexandrinorum
1823 3532 1990 3583 prope
2026 3520 2127 3568 ritu
2160 3519 2211 3567 in
2247 3516 2366 3568 talia
2402 3518 2666 3568 interdum
2702 3530 2799 3566 ex-

630 3609 903 3674 spatiandi.
945 3607 1049 3658 Csr.
1087 3607 1249 3657 etiam
1282 3608 1666 3657 Wuestemann
1702 3603 1770 3653 ad
1809 3604 1988 3653 Horat.
2028 3603 2131 3651 Sat.
2171 3602 2225 3660 2,
2267 3602 2320 3661 4,
2359 3600 2437 3650 35.
