3234 4975
652 408 776 472 480

1415 410 1672 461 nomm
1707 411 2044 477 mauman

904 565 1202 631 Gemmas
1247 573 1311 631 et
1353 563 1629 651 lapides,
1679 585 1907 630 aurum
1953 574 2019 630 et
2062 563 2298 638 inutile,

820 721 1062 788 Summi
1107 721 1439 787 materiem
1482 719 1631 786 mali
1659 772 1671 796 ,

901 841 1248 916 Mittamus‚
1297 838 1617 907 scelerum
1663 841 1715 905 si
1761 840 1930 907 bene
1975 841 2278 927 poenitet.

818 959 1158 1028 Eradenda
1200 959 1519 1047 cupidinis

2731 841 2813 903 50

898 1082 1085 1149 Pravi
1131 1091 1278 1147 sunt
1321 1080 1638 1147 elementa
1681 1090 1747 1146 et
1790 1089 2053 1147 tenerae
2098 1081 2286 1146 nimis

818 1240 1059 1306 Mentes
1108 1235 1548 1325 asperioribus

899 1356 1300 1424 Formandae
1345 1356 1591 1423 studiis.
1680 1357 1897 1424 Nescit
1939 1377 2111 1443 equo
2157 1356 2337 1424 rudis

778 1592 859 1644 49.
908 1592 1177 1643 numam
1216 1593 1294 1642 Lt.
1334 1592 1465 1654 (non
1508 1590 1700 1653 bSTc.)
1740 1618 1794 1626 —
1843 1590 1926 1643 50.
1961 1591 2237 1641 uiuamus.
2274 1591 2525 1643 scolam
2557 1593 2600 1641 si
2631 1591 2746 1642 beno

708 1666 948 1729 poenitet,
983 1666 1257 1744 Eradondc
1291 1665 1342 1714 F.
1385 1689 1439 1699 -—
1477 1662 1558 1714 64.
1597 1663 1905 1713 Fir-mandas
1935 1662 2203 1714 Bentleius
2238 1665 2374 1715 coni.

645 1878 808 1943 alym.
863 1905 916 1913 —
966 1875 1421 1940 amm-inutile]
1468 1888 1569 1940 per
1605 1872 1692 1925 λι-

645 1950 876 2017 τότητα,
904 1948 1250 2011 «exitiabile,»
1285 1951 1346 1999 ut
1371 1949 1515 2000 hand
1537 1962 1687 2008 rar-03

645 2026 723 2076 sic
774 2026 883 2075 Cic.
931 2022 1061 2074 Phil.
1107 2024 1167 2084 4,
1212 2021 1271 2083 8,
1319 2022 1415 2072 ⁴9:
1462 2023 1693 2084 inimatum

643 2104 691 2149 οι
722 2099 897 2149 inutile
917 2135 929 2157 ‚
965 2097 1216 2155 noxium;
1252 2096 1420 2146 Varro
1455 2098 1513 2147 R.
1539 2098 1598 2146 R.
1626 2095 1687 2156 3,

646 2173 726 2234 ⁴6,
765 2173 853 2222 ⁴8:
911 2170 1079 2235 reguli
1110 2169 1292 2236 plures
1345 2171 1500 2234 (inter
1542 2170 1688 2234 apes)

644 2246 1026 2310 inutiles-flaua
1051 2249 1263 2307 proptor
1293 2245 1572 2304 sedecimam
1617 2244 1689 2293 ita

644 2322 824 2370 autem
871 2318 1245 2384 explicandum
1297 2330 1450 2382 esse,
1504 2320 1689 2368 contra

644 2396 803 2457 atque
849 2391 935 2443 alii
980 2391 1336 2454 contendunt,
1390 2393 1693 2443 monstrant

642 2480 730 2518 vv.
768 2480 919 2531 seqq.

708 2541 791 2593 49.
826 2542 909 2592 so.
946 2538 1359 2603 sunm-mali]
1396 2538 1599 2590 <notum
1632 2541 1693 2589 ut

641 2629 839 2667 simma
882 2629 965 2665 res
1010 2614 1241 2677 publica,
1299 2626 1497 2663 suma
1534 2613 1687 2664 salus.

647 2689 848 2750 «Illud,
886 2703 918 2739 a
953 2702 1060 2753 quo
1094 2701 1255 2739 omne
1286 2685 1488 2738 malum
1522 2688 1693 2737 oritur

646 2778 711 2815 ac
743 2763 993 2829 pendet.»
1049 2761 1268 2812 Rutilius
1310 2762 1367 2822 4,
1409 2761 1533 2811 357:
1577 2763 1694 2813 Μα·

641 2839 788 2888 terias
815 2838 950 2887 vitiis
971 2849 1156 2885 aunam
1179 2834 1326 2884 letale
1336 2836 1603 2896 parandis.
1630 2864 1685 2873 —

640 2912 879 2963 scelernm
931 2910 975 2959 si
1029 2908 1147 2959 benc
1201 2910 1347 2971 (vere
1405 2909 1566 2971 atque
1624 2922 1690 2960 ex

641 2986 804 3035 animi
858 2983 1027 3033 nostri
1093 2982 1371 3045 sententia)
1439 2983 1684 3047 poenitet]

641 3061 785 3110 Haec
809 3058 965 3120 iungo
989 3068 1115 3106 cum
1135 3054 1424 3121 praecedd.
1450 3069 1461 3103 ε
1501 3059 1689 3123 «quip-

640 3146 708 3198 pe
728 3131 855 3181 illud
871 3130 1091 3180 demum
1103 3129 1463 3180 certissimum
1479 3131 1689 3193 signum

641 3207 743 3257 erit
774 3204 1129 3269 poenitentiae
1149 3240 1161 3263 ,
1196 3203 1289 3253 ubi
1322 3203 1514 3267 rebus,
1552 3218 1688 3268 qua-

640 3293 761 3331 rum
783 3289 995 3329 summa
1017 3276 1303 3341 cupiditate
1328 3279 1530 3329 incensi
1566 3293 1688 3330 era-

639 3367 786 3414 mm,
813 3353 1002 3416 sponte
1025 3352 1533 3413 renuntiaverimus3
1562 3367 1689 3405 nam

640 3428 820 3490 magni
863 3424 1062 3490 aliquid
1112 3429 1274 3490 atque
1321 3427 1553 3478 inusitati
1585 3440 1688 3491 pa-

639 3501 830 3552 trando
853 3499 1067 3550 firmum
1090 3502 1334 3550 nostrum
1354 3502 1686 3566 propositum

639 3573 1070 3640 patefaciendum
1094 3575 1229 3623 est.»
1288 3575 1525 3637 Languet
1554 3588 1688 3626 con-

640 3652 746 3700 tra:
788 3649 870 3697 «Si
902 3660 1031 3697 vere
1067 3659 1167 3698 nos
1191 3648 1461 3699 scelerum
1496 3649 1688 3714 poeni-

640 3724 733 3783 tet,
760 3721 1033 3773 eradenda
1049 3724 1174 3772 sunt
1196 3724 1366 3782 cet.»;
1404 3724 1459 3773 et
1481 3724 1684 3773 maiore

639 3809 765 3848 cum
812 3797 865 3846 vi
897 3809 1037 3847 nova
1068 3792 1270 3863 γνώμη
1320 3797 1434 3847 sine
1484 3798 1685 3860 protasi

639 3870 835 3934 incipit.
907 3870 1139 3934 (oeBene,
1193 3869 1377 3931 valde,
1437 3873 1497 3919 ut
1540 3870 1685 3935 apud

638 3945 864 3995 Ennium
899 3943 1256 4009 frequenter.»
1293 3944 1560 4006 Pomm.)

701 4019 757 4068 5⁴
788 4044 817 4055 -
838 4019 921 4069 63.
968 4018 1268 4083 Eradenda]
1306 4019 1550 4069 «Penitus
1584 4018 1685 4069 ah-

638 4090 831 4143 olenda
874 4095 999 4144 sunt
1044 4106 1110 4142 ex
1155 4092 1346 4144 animis
1388 4093 1594 4144 semina
1630 4095 1685 4144 et

636 4166 894 4231 principia
934 4177 1135 4231 pravae
1177 4167 1478 4233 cupiditatis
1519 4170 1681 4231 atque

1764 1877 1889 1926 ante
1924 1877 2102 1926 omnia
2144 1888 2504 1939 exsequamur
2536 1877 2813 1929 consilium

1764 1947 1894 2000 illud
1924 1963 2186 2012 nunquam
2217 1952 2354 2001 alias
2384 1952 2574 2002 datm.
2593 1972 2617 1997 n
2686 1953 2808 2003 Sen.

1764 2024 1858 2088 Ep.
1899 2024 1994 2073 Νι
2054 2026 2259 2074 eradere
2295 2025 2447 2087 vitia,
2498 2027 2808 2091 exstirpare.

1762 2098 1932 2147 Varro
1977 2098 2120 2147 Sent.
2158 2097 2238 2148 63.
2275 2112 2330 2163 p.
2367 2099 2448 2149 28.
2486 2100 2581 2149 Ed.
2620 2101 2810 2150 Devit:

1764 2171 1892 2221 Sunt
1925 2173 2204 2234 quaedam,
2253 2185 2382 2233 quae
2414 2174 2668 2223 eradenda
2697 2178 2814 2223 sime

1765 2245 1831 2294 ab
1864 2247 2034 2295 απὸηιο
2066 2246 2293 2306 scientis,
2345 2258 2476 2308 quae
2507 2247 2690 2296 sciendi
2720 2261 2812 2297 ve-

1761 2333 1880 2369 rum
1927 2321 2089 2370 locum
2121 2324 2381 2381 occupant.
2436 2347 2490 2356 —-
2544 2321 2810 2386 elementa]

1764 2394 1931 2444 Huius
1964 2406 2082 2443 voc.
2120 2393 2293 2457 prima
2337 2393 2647 2455 significatio
2682 2407 2807 2445 cum

1764 2468 1833 2519 sit
1866 2464 2100 2518 «litterae
2136 2479 2234 2519 suo
2257 2467 2443 2518 ordine
2467 2466 2809 2530 collocatae»,

1764 2542 2004 2605 apposite
2040 2542 2169 2591 dixit
2202 2543 2362 2592 etiam
2413 2545 2652 2604 eradere,
2710 2542 2813 2592 ob-

1763 2614 2014 2665 litterare.
2046 2643 2100 2651 —
2138 2616 2497 2681 asperioribus]
2536 2615 2696 2667 «Illud
2721 2616 2811 2667 ubi

1763 2688 2063 2753 perfectum
2098 2691 2223 2750 erit,
2275 2692 2563 2741 instituitor
2596 2692 2813 2756 sapien-

1766 2762 1867 2812 tior
1899 2763 2245 2827 severiorque
2278 2777 2572 2828 puerorum
2607 2764 2812 2815 educa-

1764 2837 1834 2886 tio
1856 2874 1869 2898 ‚
1923 2849 2085 2900 quam
2117 2834 2390 2901 paullatim
2436 2838 2810 2888 effeminarunt

1763 2909 2004 2961 Graeculi
2038 2911 2297 2974 imprimis
2330 2912 2569 2974 magistri
2593 2913 2638 2960 l»

1826 2983 1908 3035 54.
1963 2985 2045 3034 55.
2102 2985 2441 3049 For-manaae]
2498 2987 2557 3036 ln
2597 2986 2700 3036 hoc
2751 3000 2805 3036 v.

1761 3058 1880 3124 plus
1916 3059 2054 3108 inest
2086 3071 2249 3121 quam
2283 3059 2336 3109 in
2358 3057 2578 3109 Bentleii
2597 3061 2810 3124 flmm-

1761 3133 1888 3193 dae,
1925 3144 2051 3182 cum
2085 3130 2211 3182 illud
2246 3134 2413 3183 totam
2436 3133 2807 3184 educationem

1759 3205 2021 3269 significet
2074 3206 2145 3256 ad
2211 3206 2380 3257 bonas
2436 3210 2580 3258 artes
2646 3209 2808 3258 etiam

1761 3280 2044 3343 postmodo
2069 3280 2398 3331 exercendas
2420 3282 2805 3346 pertinentem3

1755 3354 2041 3416 fimandae
2062 3357 2207 3404 esset
2227 3355 2598 3404 tantummodo
2620 3370 2631 3403 :
2673 3355 2809 3404 «dn-

1759 3426 1985 3487 randae,
2034 3427 2462 3478 corroborandae
2498 3429 2659 3479 etiam
2692 3429 2806 3478 sine

1759 3501 1967 3550 actione
2001 3502 2126 3551 sunt
2157 3503 2369 3551 mentes
2402 3502 2558 3551 nimis
2578 3515 2809 3552 enerva-

1759 3576 1899 3625 tae.»
1955 3602 2010 3611 --
2068 3575 2256 3639 Nescit]
2294 3576 2542 3627 «lamiam
2577 3590 2643 3627 eo
2675 3589 2805 3641 per—

1757 3651 1979 3699 ventum
2001 3652 2110 3709 est,
2147 3651 2208 3699 ut
2237 3650 2390 3714 pueri
2424 3650 2638 3713 ingenui
2660 3651 2811 3714 eqni-

1757 3725 1871 3773 tare
1906 3735 1971 3773 ac
2002 3724 2189 3772 venari
2224 3724 2480 3784 nesciant,
2519 3726 2807 3789 propterea

1757 3796 1904 3860 quod
1936 3797 2100 3847 rudes
2133 3799 2294 3860 atque
2329 3797 2656 3848 inexercitati
2685 3799 2809 3848 sunt

1756 3874 1812 3921 et
1843 3870 1911 3921 ab
1948 3870 2091 3921 omni
2126 3869 2310 3921 labore
2357 3869 2700 3922 abhorrent.»
2741 3898 2797 3907 —

1754 3945 1995 4009 Haerere]
2039 3943 2356 4008 Simpliciter
2390 3946 2473 3995 est
2507 3945 2769 3995 «sedere»
2789 3983 2802 4007 ‚

1756 4033 1864 4070 non
1884 4023 1945 4070 ut
1964 4018 2206 4083 plerique
2231 4017 2510 4083 explicant,
2549 4018 2805 4070 «firmiter

1755 4093 1985 4144 insidere
2054 4106 2197 4156 equo
2258 4105 2491 4156 eumque
2546 4104 2755 4155 regere.
2775 4110 2802 4137 n

1757 4168 1865 4218 Cic.
1901 4181 2000 4232 pro
2033 4167 2206 4217 Deiot.
2245 4167 2339 4216 ⁴0:
2386 4169 2561 4229 Itaque
2592 4166 2808 4216 Deiota-

637 4239 910 4300 avaritiae,
948 4241 1005 4290 et
1025 4239 1245 4302 quidem
1266 4253 1333 4291 eo
1356 4242 1471 4306 ipso
1489 4279 1502 4303 ,
1535 4242 1681 4306 quod
1753 4254 1871 4291 nom
1907 4254 2022 4292 cum
2054 4241 2228 4304 plures
2266 4242 2319 4291 in
2362 4253 2546 4303 equom
2575 4240 2808 4290 sia-smis-
