3234 4975
672 393 794 457 718

1491 397 1763 447 HORATn.
1790 398 2047 448 EPODON

1375 893 2129 956 mxlv·

920 1096 1122 1162 Mollis
1168 1097 1396 1163 inertia
1440 1116 1558 1161 cur
1602 1106 1839 1161 tantam
1886 1096 2216 1164 diffuderit
2260 1099 2404 1163 imis

1005 1215 1410 1283 Oblivionem
1455 1216 1823 1298 sensibus,²

925 1335 1162 1402 Pocula
1207 1335 1525 1402 Lethaeos
1568 1346 1640 1400 ut
1682 1336 1735 1400 si
1782 1335 2085 1402 ducentia
2131 1358 2394 1403 somnos

1004 1459 1236 1522 Arente
1278 1455 1462 1523 fauce
1509 1456 1842 1533 traxerim,

794 1635 922 1685 XIV.
976 1635 1143 1685 Inscr.
1179 1633 1317 1697 volg.
1370 1634 1446 1684 Ad
1476 1636 1831 1684 Maecenatem.
1873 1661 1927 1671 —
1978 1636 2261 1684 Maecenati
2293 1641 2499 1685 accusat
2530 1636 2774 1686 desidiam

729 1710 935 1758 sumnB
971 1721 1035 1757 ac
1068 1706 1379 1758 similiterc.
1410 1732 1466 1743 —
1505 1708 1621 1757 Om.
1648 1709 1703 1757 T.
1736 1735 1792 1745 -
1828 1708 1878 1757 3.
1912 1709 1990 1758 uti
2022 1709 2064 1757 si
2097 1705 2409 1773 ἀασοηείαξ,
2444 1711 2774 1760 υεόᾶαοοηιία

730 1781 799 1830 bc
805 1779 894 1841 ,,β
931 1782 1163 1831 Pottierii
1197 1783 1462 1844 quinque,
1497 1781 1651 1831 veluti
1682 1782 1916 1831 ducentia
1947 1797 2026 1831 νω
2062 1785 2118 1832 et
2150 1781 2351 1846 aliquot
2386 1784 2629 1834 Pottierii.

729 1936 859 1986 XIV.
912 1934 1231 1999 Maecenati,
1285 1939 1375 2001 qui
1410 1937 1706 1997 instantius,
1785 1936 2048 1997 borum,-

663 2010 1122 2073 quemadmodum
1173 2011 1386 2060 videtur
1406 2049 1418 2072 ‚
1487 2010 1708 2074 Epodon

663 2076 952 2148 συλλογὴν
984 2087 1043 2133 ut
1086 2084 1273 2133 ederet
1313 2084 1381 2134 ab
1424 2098 1490 2134 eo
1536 2083 1711 2148 petie-

664 2159 771 2216 rat,
831 2169 890 2207 se
927 2160 1172 2218 excusat,
1233 2159 1516 2221 propterea
1563 2156 1709 2220 quod

664 2231 907 2292 Phrynes
942 2243 1125 2281 amore
1161 2233 1349 2295 captus
1391 2232 1612 2281 inertiae
1649 2242 1709 2280 se

663 2304 952 2364 dediderit;
990 2318 1153 2369 quam
1178 2306 1305 2355 satis
1327 2304 1556 2355 validam
1579 2317 1711 2353 cau-

663 2390 779 2428 sam
813 2390 934 2429 esse
969 2380 1187 2428 minime
1220 2377 1385 2428 latere
1424 2391 1493 2428 ne
1534 2378 1711 2440 ipsum

663 2452 884 2516 quidem
916 2454 1149 2505 amicum
1183 2453 1380 2518 pariter
1412 2452 1580 2503 amori
1615 2449 1714 2500 ob-

664 2527 878 2576 noxium
901 2526 1044 2577 dicit.
1083 2528 1538 2591 compositionem
1568 2524 1712 2574 refe-

665 2600 788 2648 runt
818 2599 887 2649 ad
921 2613 1089 2651 annos
1122 2614 1174 2648 u.
1203 2613 1251 2648 c.
1287 2600 1402 2649 720.
1439 2599 1555 2649 72⁴.
1592 2599 1706 2648 722.

663 2672 781 2722 vid.
819 2673 1019 2723 Franke
1055 2688 1108 2738 p.
1149 2673 1261 2723 433.

736 2781 846 2833 4-4.
892 2783 1300 2833 imis-sensibus·
1297 2783 1315 2847 ]
1356 2784 1416 2832 ut
1456 2781 1579 2832 alibi
1612 2782 1714 2831 imo

661 2857 835 2917 cordo,
859 2856 960 2906 tono
974 2862 1193 2919 pectore,
1221 2858 1406 2920 sicque
1429 2856 1569 2918 Virg.
1597 2853 1707 2905 Ecl.

662 2930 720 2991 3,
758 2929 845 2981 54:
898 2930 1128 2981 Sensibus·
1175 2931 1297 2981 haec
1343 2930 1457 2980 imis
1502 2928 1603 2993 (res
1642 2932 1712 2978 ost

661 3017 763 3053 uon
789 3004 983 3068 parva)
1014 3017 1247 3067 reponas.
1289 3031 1342 3040 —
1379 3003 1682 3054 Oblivionem'
1691 3000 1706 3066 ]

663 3078 915 3127 carminis
949 3077 1043 3127 tibi
1075 3077 1343 3141 promissi.
1375 3106 1430 3114 -
1478 3076 1712 3127 ducentia

660 3150 874 3212 smnnos]
910 3151 994 3199 Sic
1025 3163 1252 3213 soporem
1285 3152 1464 3201 ducere
1496 3163 1594 3215 pro
1630 3148 1714 3200 ob-

662 3225 843 3274 ducere
874 3224 1037 3273 etiam
1060 3223 1170 3273 Tib.
1205 3226 1261 3285 ⁴,
1286 3225 1347 3283 Ξ,
1375 3224 1455 3274 79.
1498 3251 1553 3260 -
1597 3229 1711 3273 tra-

660 3295 845 3360 xerim]
893 3297 997 3347 Cfr.
1037 3297 1086 3357 ⁴,
1115 3297 1175 3346 ⁴7
1197 3333 1209 3357 ,
1232 3297 1315 3347 2⁴.
1344 3299 1397 3347 et
1419 3296 1476 3356 4,
1509 3297 1597 3359 ⁴2,
1628 3296 1705 3347 44.

661 3372 842 3421 ducere
854 3372 1057 3433 pocula,
1086 3369 1333 3421 Liber-mn.
1362 3371 1539 3434 Eurip.
1559 3369 1706 3434 Cyci.

661 3444 786 3496 4⁴7:
824 3440 999 3510 πῶμα
1019 3471 1050 3483 -
1071 3438 1357 3509 -Ἐδέξατ’
1378 3438 1633 3495 ἕσπασέν
1665 3443 1709 3493 τ’

661 3513 911 3583 ἄμυστιν
944 3515 1208 3582 ἑλκύσας.

726 3628 860 3677 5-8.
909 3629 1143 3693 Candide]
1180 3641 1341 3679 «vere
1374 3628 1503 3677 mibi
1537 3627 1707 3677 amice

661 3712 985 3764 semperque
1011 3704 1271 3752 sincere.»
1302 3729 1355 3738 —
1376 3701 1572 3764 occidis]
1600 3702 1711 3750 «to-

661 3775 763 3823 ties
810 3787 897 3825 me
941 3788 1125 3839 rogas,
1177 3777 1239 3824 ut
1279 3775 1487 3825 crucies
1532 3786 1620 3823 me
1656 3775 1710 3822 et

663 3860 887 3908 eneces;
948 3861 1073 3898 nam
1123 3847 1252 3912 quid
1301 3846 1443 3896 aliud
1492 3846 1709 3895 tandem

660 3922 989 3984 respondere
1012 3933 1233 3984 possum
1250 3932 1413 3984 quam
1435 3919 1600 3969 deum
1615 3957 1628 3981 ,
1653 3919 1707 3968 id

662 3996 762 4054 est,
780 3996 1053 4056 Amorem,
1083 4008 1170 4045 me
1194 3993 1521 4058 impedire‘?›»
1547 3996 1705 4043 Poeta

661 4067 805 4132 apud
837 4069 1029 4118 Athen.
1075 4069 1163 4129 40,
1200 4068 1289 4119 64ε
1344 4061 1596 4128 Ἀπολεῖς
1644 4068 1704 4132 μ

660 4135 903 4211 ἐρωτῶν.
948 4167 998 4179 -
1040 4142 1182 4206 olim]
1219 4140 1594 4201 «iamdudum,
1650 4143 1709 4191 ut

661 4217 795 4276 scis,
850 4214 943 4264 tibi
977 4216 1302 4279 promissum
1338 4213 1533 4265 librum
1570 4216 1706 4265 iam-

2093 1939 2151 1986 ut
2196 1951 2226 1987 a
2274 1939 2474 1988 maiore
2515 1941 2668 2002 parte
2712 1952 2836 1988 eum

1782 2013 1956 2061 vocat.
1982 2037 2036 2047 -
2066 2012 2175 2060 «De
2198 2011 2303 2060 hoc
2332 2014 2441 2061 toto
2465 2011 2597 2061 libro
2621 2014 2827 2077 accipe,

1784 2084 1875 2147 qui
1900 2095 2042 2132 nunc
2064 2083 2284 2147 Epodon
2322 2085 2645 2143 inscribitur3
2671 2112 2702 2122 -
2723 2112 2751 2122 -
2778 2088 2835 2135 et

1784 2155 2046 2219 significat
2080 2169 2328 2220 magnam
2364 2158 2525 2208 fuisse
2560 2159 2837 2208 hominum

1784 2230 1852 2280 de
1914 2230 1998 2279 his
2062 2229 2257 2293 Epodis
2320 2233 2834 2295 exspectationem.»

1784 2306 1967 2354 Bnnrt..
1999 2330 2054 2339 —
2074 2305 2396 2367 promi-cmm]
2421 2308 2480 2355 A.
2511 2307 2563 2355 P.
2591 2306 2681 2356 45:
2715 2321 2837 2368 pro-

1782 2379 1921 2427 missi
1935 2378 2177 2427 comunis
2193 2384 2387 2428 auctor.
2413 2377 2625 2441 Aliquot
2641 2378 2835 2430 saitem

1784 2452 1941 2503 huius
1974 2449 2092 2501 libri
2127 2453 2362 2502 carmina
2395 2452 2500 2502 hoc
2535 2455 2834 2516 posteriora

1783 2527 1922 2576 sunt.
1964 2551 2018 2561 —
2055 2524 2132 2574 Aa
2163 2526 2451 2575 umbilicum
2482 2527 2744 2591 adducere]
2781 2528 2834 2578 id

1784 2601 1884 2659 est,
1913 2596 2278 2649 «absolverem
2315 2600 2662 2650 «Extremitas
2679 2601 2835 2650 char-

1784 2673 1869 2721 tae
1926 2683 2261 2734 papyraceae
2305 2669 2390 2721 vel
2444 2671 2830 2734 membranae,

1785 2757 1851 2793 ex
1896 2744 2091 2807 quihus
2141 2744 2560 2795 conficiebantur
2602 2746 2835 2797 volumi-

1784 2830 1882 2878 na,
1920 2817 2343 2881 agglutinabatur
2370 2818 2589 2880 bacillo,
2627 2822 2712 2870 cui
2735 2823 2835 2871 cir-

1784 2890 2226 2941 cumvolvebatur
2258 2894 2427 2942 totum
2450 2891 2718 2945 volumen.
2765 2894 2835 2945 ΙΙ-

1785 2965 1884 3015 lius
1920 2966 2092 3029 capita
2130 2978 2195 3014 ex
2228 2977 2352 3016 osse
2389 2969 2483 3017 aut
2520 2966 2660 3030 ligno
2695 2968 2833 3019 facta

1781 3039 2001 3088 mnbilim'
2032 3038 2392 3099 vocabantur,
2431 3042 2554 3103 quia
2578 3042 2630 3090 in
2653 3041 2830 3093 media

1782 3114 1935 3174 parte
1968 3111 2088 3162 libri
2111 3114 2277 3162 erant.
2315 3113 2535 3164 Martial.
2562 3114 2622 3175 4,
2658 3115 2714 3164 94
2737 3155 2751 3175 ,
2780 3118 2828 3165 ⁴:

1785 3187 1884 3237 0120
1914 3187 2023 3236 iam
2053 3187 2178 3237 satis
2209 3191 2306 3247 est,
2359 3188 2448 3238 ohe
2479 3187 2669 3249 libelle,
2719 3189 2833 3239 Iam

1774 3260 2093 3322 pervenimus
2112 3271 2268 3319 usque
2289 3262 2358 3311 ad
2376 3261 2683 3311 umbilicos.»
2706 3263 2828 3311 Fu.

1849 3333 1993 3383 9-42.
2031 3333 2277 3396 Bathyllo]
2312 3335 2487 3398 Antip.
2526 3336 2633 3385 Sid.
2669 3337 2827 3386 Anih.

1784 3406 1889 3456 Pal.
1928 3407 1968 3456 1.
2013 3419 2066 3470 p.
2104 3406 2219 3457 345.
2258 3407 2310 3456 in
2351 3409 2701 3458 Anacreontis
2744 3410 2832 3458 tu-

1782 3478 1954 3530 mulo:
1986 3474 2199 3545 Ἀκμήν
2222 3480 2285 3529 οῖ
2301 3476 2504 3549 λυρόευ
2539 3496 2593 3533 τι
2612 3479 2832 3546 μελίζε-

1780 3567 1876 3603 ται
1890 3548 2047 3618 ἀμφὶ
2063 3550 2359 3620 Βαθύλλῳ,
2373 3549 2566 3626 Ἵμερα
2581 3553 2701 3605 κτλ.
2725 3557 2834 3606 Ma-

1781 3628 1906 3677 xim.
1932 3629 2055 3690 Tyr.
2076 3627 2158 3678 24.
2183 3642 2236 3693 p.
2257 3628 2373 3679 484.
2394 3630 2473 3679 R.:
2516 3630 2828 3693 (Anacreon)

1782 3698 2009 3749 πάντων
2043 3699 2146 3771 ἐρᾷ
2178 3697 2293 3750 τῶν
2326 3700 2520 3752 καλῶν
2550 3704 2651 3753 καὶ
2674 3702 2832 3754 ἐπαι-

1782 3778 1874 3822 νεῖ
1918 3769 2162 3835 πάντας·
2214 3771 2403 3837 μεστὰ
2434 3773 2498 3826 δὲ
2540 3771 2722 3827 αὑτοῦ
2758 3771 2831 3825 τὰ

1782 3842 2021 3913 ᾄσματα
2054 3845 2158 3912 τῆς
2188 3847 2469 3935 Σμέρδξος
2501 3846 2694 3914 κόμης
2727 3851 2830 3899 καὶ

1781 3916 1897 3970 τῶν
1940 3917 2312 3980 Κλεοβούλου
2361 3916 2688 3988 ὀφθαλμῶν
2731 3925 2833 3973 καὶ

1782 3991 1887 4058 τῆς
1921 3991 2227 4046 Βαθύλλου
2270 4011 2442 4065 ωρας.
2503 3997 2654 4047 Idem
2695 3999 2833 4048 scri—

1779 4069 2248 4132 ptorDiss.37.11.
2269 4081 2324 4133 p.
2358 4070 2472 4120 209.
2510 4072 2567 4120 R.
2602 4083 2728 4122 cum
2762 4071 2833 4120 ab

1780 4144 2117 4193 Anacreonte
2169 4142 2311 4191 dicat
2355 4142 2655 4194 celebratos
2710 4155 2833 4193 esse

1779 4209 1998 4278 αὐλοὺς
2034 4211 2367 4276 Βαθύλλου,
2424 4217 2595 4278 Bergk
2629 4216 2836 4281 proba-
