3234 4975
1210 410 1323 458 LlB.
1363 409 1399 456 1.
1473 410 1530 455 (J.
1571 406 1807 456 xxxvn.

2457 398 2580 462 203

1039 870 1504 933 cm
1561 868 1992 930 mvn·

641 1119 661 1136 ι
770 1043 948 1108 Nunc
993 1051 1091 1107 est
1131 1038 1511 1115 bibendum,

1558 1058 1728 1104 nunc
1776 1034 1944 1124 pede
1986 1034 2190 1102 libero

776 1161 1095 1228 Pulsanda
1138 1160 1355 1237 tenua,
1401 1180 1569 1226 nunc
1613 1158 1963 1225 Saliaribus

902 1285 1150 1350 Ornare
1194 1281 1486 1370 pulvinar
1529 1280 1800 1347 deorum

570 1483 809 1533 xxxva.
878 1482 1043 1532 Inscr.
1082 1479 1218 1543 volg.
1255 1482 1330 1531 Ad
1363 1481 1566 1530 sodales.
1610 1507 1664 1514 ——-
1700 1480 1758 1527 In
1799 1479 2010 1527 victoria
2055 1478 2264 1540 Augusti
2296 1480 2347 1528 S.
2380 1505 2431 1513 —
2469 1479 2526 1527 ln

440 1558 701 1607 victorioem
731 1557 940 1620 Αυρωιι·
971 1557 1027 1605 τ.

507 1735 745 1784 XXXVII.
798 1733 974 1784 Pfimo
1010 1734 1186 1784 statim
1222 1732 1288 1782 de
1325 1731 1478 1782 Cleo—

442 1814 624 1874 patrae
676 1810 847 1859 morte
899 1809 1081 1858 nuntio
1126 1810 1346 1871 accepto
1390 1819 1481 1856 so·

444 1884 590 1935 dales
614 1884 877 1943 hortatur,
915 1885 975 1932 ut
992 1884 1133 1933 totos
1155 1883 1208 1932 in
1231 1880 1482 1931 laetitiam

444 1972 501 2009 se
537 1957 833 2016 effundant3
876 1958 945 2006 ita
980 1960 1188 2015 tamen,
1225 1959 1286 2005 ut
1317 1968 1483 2019 gene-

444 2045 623 2083 rosum
666 2032 880 2094 reginae
923 2031 1160 2081 animum
1192 2031 1306 2094 ipse
1347 2042 1484 2093 quo-

443 2119 547 2170 que
572 2105 707 2156 ultro
725 2108 976 2170 agnoscat
992 2108 1152 2168 atque
1171 2105 1479 2155 admiretur.

445 2180 548 2231 Cir.
586 2179 761 2244 virgil.
787 2182 918 2231 Aen.
944 2181 1004 2239 8,
1042 2180 1137 2230 675
1172 2192 1323 2243 seqq.
1362 2181 1485 2228 Pro-

444 2259 578 2319 pert.
628 2256 683 2315 3,
734 2255 815 2304 Η.
867 2257 919 2304 et
964 2253 1020 2314 4,
1069 2255 1116 2303 6.
1156 2255 1351 2304 Lucan.
1393 2255 1479 2313 ⁴0,

444 2331 523 2380 53.
593 2331 669 2379 De
704 2329 952 2388 Antonio,
998 2330 1181 2392 utpote
1217 2330 1484 2379 Romanus

443 2405 512 2453 de
546 2405 810 2463 Romane,
848 2403 934 2452 hic
968 2416 1188 2466 prorsus
1212 2402 1356 2460 silet;
1395 2416 1487 2452 ne-

445 2493 549 2542 que
582 2477 678 2538 illi,
717 2471 815 2528 sed
850 2477 1161 2543 Cleopatrae
1191 2478 1480 2538 dumtaxat,

444 2554 710 2603 Octaviani
766 2554 912 2603 iussu
975 2552 1176 2604 bellum
1230 2554 1487 2604 indixerat

445 2631 661 2679 senatus
698 2629 809 2690 (Dio
846 2629 991 2679 Cass.
1026 2630 1116 2689 50,
1155 2630 1243 2690 6.),
1281 2642 1381 2679 nec
1418 2628 1484 2678 de

445 2702 643 2766 collega
689 2704 741 2752 in
784 2705 1114 2753 triumviratu
1148 2704 1488 2768 triumphavit

446 2778 627 2826 victor.
710 2778 873 2827 Huius
914 2779 1056 2828 enim
1098 2779 1376 2838 intererat,
1430 2780 1490 2828 ut

448 2850 625 2913 quoad
677 2851 789 2901 eius
846 2851 957 2901 fieri
1012 2856 1197 2915 posset
1245 2853 1488 2902 homines

449 2923 887 2975 obliviscerentur
931 2928 1161 2977 amicum
1205 2927 1272 2977 ab
1317 2939 1382 2976 eo
1421 2925 1488 2975 ad

449 3002 679 3051 mortem
734 2998 982 3050 adactum
1038 3013 1175 3051 esse.
1270 3001 1490 3051 Nuntius

450 3076 631 3124 autem
653 3074 721 3124 de
746 3074 1020 3137 utriusque
1040 3077 1251 3125 interitu
1270 3078 1490 3126 Romam

448 3148 683 3212 perlatus
717 3151 801 3200 est
831 3152 1119 3199 auctumno
1143 3163 1187 3199 a.
1217 3165 1269 3200 u.
1297 3163 1345 3200 c.
1373 3149 1485 3201 724.

450 3237 480 3270 a
516 3224 582 3274 H.
608 3220 771 3273 Tullio
796 3222 1078 3284 Cicerone,
1117 3225 1341 3275 oratoris
1364 3224 1488 3286 filio,

451 3295 666 3347 consule
701 3299 814 3346 tum
834 3296 1075 3348 suffecto.
1130 3299 1273 3348 Inter
1293 3299 1493 3362 primas

451 3371 591 3421 Odas
624 3370 692 3419 ab
727 3371 938 3422 Horatio
973 3372 1140 3422 editas
1183 3373 1317 3422 haec
1351 3373 1493 3423 refe-

450 3444 619 3495 renda
642 3448 746 3505 est,
784 3446 1137 3509 quamobrem
1162 3447 1493 3498 excusandas

451 3520 654 3571 ducunt
700 3519 1063 3585 synaloephen
1116 3535 1165 3571 v.
1212 3525 1283 3581 5..
1337 3521 1498 3586 negli-

453 3596 684 3658 gentiam
710 3598 785 3663 Δἰιι
835 3609 1055 3646 caesura
1107 3596 1397 3647 admissam
1441 3612 1491 3646 v.

453 3674 501 3721 5.
542 3672 595 3721 et
633 3670 711 3722 ⁴4.

523 3747 568 3794 l.
600 3745 807 3797 Initium
830 3747 978 3796 duxit
999 3760 1063 3797 ex
1086 3747 1264 3798 Alcaei
1288 3749 1492 3811 Fragm.

458 3821 539 3870 ΞΟ.
577 3821 759 3883 Bergk
798 3834 849 3884 p
888 3821 1012 3871 575:
1068 3819 1189 3872 Νῦν
1235 3817 1346 3893 χρὴ
1391 3836 1498 3887 με·

461 3890 688 3960 θύσθην
705 3897 803 3946 καί
827 3910 953 3946 τινα
976 3891 1121 3967 πρὸς
1141 3895 1278 3957 βίαν
1295 3897 1495 3963 Πινην,

456 3966 650 4034 επειδὴ
702 3966 950 4022 κατθανε
996 3969 1291 4042 Μύρσιλος
1326 3972 1497 4036 (Lesbi

459 4045 751 4108 tyrannus),
788 4046 878 4096 ubi
913 4048 1024 4098 sine
1051 4061 1209 4098 causa
1234 4060 1499 4098 nonnemo

456 4119 733 4183 proposuit
788 4122 883 4171 καὶ
937 4119 1129 4181 χθόνα
1182 4121 1322 4193 πρὸς
1364 4120 1500 4183 βίαν

459 4195 651 4261 natm.
698 4197 753 4246 ln
788 4197 1000 4262 reliquis
1034 4200 1213 4248 autem
1247 4197 1498 4250 Alcaeum

459 4271 651 4321 imitari
686 4272 769 4321 vix
806 4273 1000 4335 potuit,
1039 4285 1162 4322 cum
1198 4273 1352 4323 nimis
1388 4275 1499 4322 arte

1555 1732 1732 1781 omnia
1755 1729 1824 1779 ad
1841 1728 2177 1793 Cleopatram
2199 1728 2510 1779 referantur.
2537 1756 2588 1763 --

1554 1807 1699 1856 Nunc
1738 1810 1811 1855 est
1850 1803 2122 1868 bibendum]
2158 1805 2337 1853 «Nunc
2374 1802 2594 1852 demum

1555 1892 1740 1930 rursus
1752 1878 1939 1930 bibere
1953 1891 2268 1929 concessum
2278 1878 2375 1928 est.
2386 1894 2411 1921 ιι
2424 1875 2528 1927 Ctr.
2541 1890 2590 1924 v.

1555 1956 1604 2003 ὅ.
1632 1982 1685 1990 -
1703 1952 2156 2018 nuncpedoltbero]
2174 1952 2379 2003 «Effusa
2402 1950 2595 2001 laetitia

1556 2029 1715 2080 hodie
1750 2033 1996 2094 potemus
2031 2031 2086 2079 et
2118 2027 2422 2079 saltemus.»
2473 2027 2597 2076 Ete-

1556 2104 1667 2152 nim
1699 2104 1865 2154 verba
1901 2104 1968 2154 ad
2002 2105 2177 2167 ipsum
2211 2100 2468 2151 Saliorum
2501 2101 2598 2150 tri-

1557 2179 1778 2243 pudium
1811 2193 1876 2229 ac
1910 2177 2288 2228 lectisternium
2317 2174 2595 2225 referenda

1557 2266 1662 2304 non
1686 2254 1808 2304 sunt
1831 2267 1955 2303 cum
1979 2251 2269 2311 nonnullis,
2291 2252 2598 2314 quasivero

1555 2340 1724 2391 penes
1760 2328 2032 2377 Horatium
2065 2327 2222 2378 fuerit
2257 2325 2374 2375 talia
2409 2325 2600 2375 decer·

1557 2414 1686 2451 nere
1711 2400 1793 2451 vel
1816 2403 2027 2465 proprie
2052 2401 2243 2451 imitari
2265 2399 2448 2449 iubere
2473 2400 2600 2449 ami-

1558 2489 1667 2527 cos.
1727 2475 1820 2526 Od.
1847 2476 1902 2535 3,
1941 2476 2031 2537 48,
2068 2476 2156 2525 45;
2195 2475 2596 2536 Gaudet--po-

1550 2553 1737 2614 pulisse
1763 2553 1925 2613 fossor
1973 2552 2061 2600 Ter
2087 2552 2212 2613 pede
2243 2557 2448 2600 tarn-mn.
2501 2552 2603 2600 En-

1560 2627 1677 2676 nius
1699 2627 1832 2675 Ann.
1861 2626 1881 2673 l
1907 2665 1917 2687 ,
1945 2627 2002 2676 2:
2028 2627 2221 2686 Musae,
2254 2625 2603 2687 quaepedibus

1558 2714 1801 2764 maymnn
1825 2700 2041 2761 pulsatis
2074 2699 2350 2761 Olympum.
2394 2725 2448 2734 -
2481 2700 2603 2760 pede

1561 2776 1740 2835 libero,
1778 2773 1922 2837 quod
1959 2787 2094 2823 «non
2131 2774 2456 2822 incatenaton
2484 2785 2606 2836 per-

1562 2862 1747 2913 peram
1809 2846 2039 2898 nonnulli
2104 2846 2458 2911 explicarunt,
2524 2851 2605 2898 est

1563 2922 1870 2987 simpliciter
1894 2920 2059 2985 «agili,
2086 2922 2352 2972 interdum
2382 2935 2604 2972 numero

1563 3011 1669 3050 non
1712 2999 1908 3062 optime
1950 3000 2188 3054 servato;
2233 2995 2399 3046 libere
2435 2996 2604 3059 tripu-

1565 3073 1794 3123 diante.»

1628 3149 1677 3198 2.
1716 3148 1763 3198 3.
1803 3149 1976 3198 Ritum
2022 3149 2176 3210 igitur
2217 3146 2519 3197 lectisternii
2553 3149 2602 3197 in

1564 3222 2036 3287 supplicationibus
2078 3222 2159 3273 dis
2192 3225 2314 3285 post
2346 3222 2604 3285 insignem

1565 3298 1796 3362 aliquam
1830 3297 2102 3348 victoriam
2137 3310 2166 3346 a
2201 3298 2388 3348 senatu
2424 3297 2607 3347 decre-

1564 3375 1632 3424 tis
1666 3373 1896 3437 applicat
1927 3372 1997 3422 ad
2025 3372 2168 3422 diem
2192 3385 2316 3422 cum
2337 3371 2606 3422 sodalibus

1569 3446 1854 3498 laetissime
1890 3445 2289 3498 celebrandum.
2354 3444 2492 3495 Talia
2517 3459 2610 3494 au-

1569 3525 1682 3572 tem
1704 3520 1978 3573 sollemnia
2002 3522 2279 3571 coniuncta
2305 3521 2455 3569 erant
2483 3532 2604 3568 cum

1571 3596 1740 3661 epulis
1790 3598 2035 3660 opiparis
2108 3595 2202 3645 Od
2256 3596 2316 3653 2,
2372 3594 2461 3649 ⁴4.
2516 3593 2604 3644 28:

1567 3672 1895 3735 Pontificum-
1904 3673 2080 3721 coenis.
2121 3671 2228 3720 Cic.
2256 3668 2323 3718 ad
2346 3671 2448 3717 Att
2475 3669 2523 3726 5,
2559 3668 2605 3716 9:

1570 3747 1766 3809 epulari
1799 3746 2049 3795 Saliarem
2069 3760 2122 3794 m
2142 3745 2357 3793 modmn.
2397 3744 2606 3793 Festus:

1571 3822 1723 3872 Saliis
1746 3834 1844 3883 por
1876 3834 2043 3871 omnes
2063 3832 2325 3869 sacrorum
2346 3819 2471 3877 dies,
2507 3817 2615 3866 ubi—

1571 3910 1764 3958 cunque
1817 3901 2046 3955 maurit,
2106 3895 2226 3955 quia
2280 3893 2613 3954 amplissimae

1567 3978 1829 4035 ponuntur
1875 3983 2081 4028 coenae,
2118 3971 2162 4017 si
2196 3967 2612 4032 quaediaoma-

1572 4062 1704 4113 ,qnae
1736 4054 1873 4106 siml,
1912 4046 2132 4096 Saliares
2165 4045 2496 4107 appellantur.
2554 4070 2606 4078 —

1567 4123 1825 4186 pulvinar]
1874 4120 2281 4170 «Pulvinaria
2325 4118 2614 4168 dicebantur

1574 4203 1665 4247 aut
1687 4198 1796 4248 lacti
1817 4198 2021 4246 deorum
2043 4202 2132 4246 aaz
2154 4195 2403 4254 mbulata,
2429 4194 2483 4242 ὄπ
2504 4192 2614 4253 qm·-

1575 4273 1664 4321 bus
1696 4272 1892 4322 stabant
1923 4272 2155 4332 nummo,
2205 4275 2261 4319 ut
2292 4268 2613 4319 manentiam
