3234 4975
660 411 785 478 292

1413 413 1671 464 HORATII
1708 413 2046 466 CARMINUM

996 568 1262 636 Servata
1306 578 1563 634 centum
1605 567 1896 634 clavibus
1941 579 2007 635 et
2048 590 2229 636 mero

1077 688 1300 776 Tinget
1339 689 1776 776 pavimentum
1819 689 2105 776 superbo
2128 741 2142 767 ‚

1160 807 1539 876 Pontificum
1581 809 1836 896 potiore
1880 810 2121 877 coenis.

782 1008 863 1058 27.
905 1007 1110 1072 Tingim
1140 1006 1308 1068 Td,C,
1364 1004 1534 1056 Bentl.
1577 1032 1633 1042 -
1685 1006 1953 1068 superbum
1985 1008 2023 1057 L
2059 1019 2089 1056 e
2126 1007 2324 1069 Codd.,
2360 1008 2599 1070 superbus
2631 1023 2755 1060 cor-

716 1084 895 1133 rectus
927 1081 1044 1131 Vat.
1082 1082 1143 1130 Α.
1179 1080 1322 1143 apud
1358 1081 1544 1141 Feam,
1581 1083 1643 1129 ut
1673 1079 1916 1130 voluerat
1947 1080 2218 1140 Barthius,
2254 1082 2478 1144 superbis
2511 1083 2579 1133 de
2614 1086 2754 1147 Lyn-

714 1156 866 1206 fordii
901 1158 955 1206 et
988 1154 1244 1217 Cuningh.
1284 1155 1419 1205 coni.
1458 1155 1512 1204 F.

714 1231 822 1294 quii
856 1233 912 1281 et
942 1229 1211 1291 Pottierii.)

1566 1154 1799 1217 (superbo
1832 1155 2049 1205 firmant
2079 1153 2331 1216 BbSTed,
2385 1168 2575 1207 omnes
2609 1158 2746 1209 Cru-

1255 1256 1308 1264 —
1344 1229 1426 1280 28.
1463 1230 1636 1280 caenis
1667 1230 1725 1279 T.

646 1408 705 1468 2,
755 1407 841 1456 ⁴9:
894 1407 1045 1457 Heres
1083 1419 1248 1467 meus,
1299 1418 1444 1467 quem
1484 1406 1689 1469 iynoro,
1771 1405 1954 1467 utique
1990 1404 2192 1455 effusae
2228 1418 2292 1455 ac
2324 1404 2683 1470 superbientis
2705 1406 2820 1457 lae-

643 1483 841 1544 sapions
872 1495 942 1530 an
973 1481 1151 1532 stultus
1180 1481 1384 1544 ficturus
1410 1480 1498 1541 sil,
1536 1480 1695 1529 domi-

641 1556 847 1605 nabitur
893 1556 949 1605 in
1002 1554 1256 1605 laboribus
1307 1554 1456 1616 meib,
1516 1554 1694 1616 quibus

643 1630 879 1680 desudavi
934 1634 981 1678 et
1034 1629 1271 1679 sollicitus
1322 1628 1415 1691 tui.
1501 1629 1568 1677 Et
1621 1632 1692 1676 est

641 1705 917 1766 quidquam
949 1708 1054 1752 tam
1084 1701 1307 1752 vanum?
1352 1700 1692 1753 Ecclesiasti-

642 1778 864 1838 cusu,
901 1776 963 1827 4:
1020 1777 1365 1838 Qulacervat
1409 1789 1475 1826 ea:
1520 1776 1691 1826 aniam

637 1865 728 1901 suo
760 1852 940 1900 iniuste
970 1850 1086 1899 aliis
1116 1855 1414 1914 conpr-eoae,
1451 1855 1499 1901 et
1531 1852 1586 1900 in
1608 1850 1693 1900 bo-

637 1926 718 1973 nis
749 1925 884 1974 illius
915 1924 1048 1973 alius
1078 1924 1440 1974 lumin-labitur.
1484 1951 1540 1960 —
1575 1938 1691 1974 cen-

637 2004 745 2047 tum
787 1996 1023 2062 clavibus]
1059 1997 1364 2062 Hyperbole
1398 2010 1560 2063 pro«
1534 1995 1687 2048 «dili-

640 2072 999 2135 gentissime.»

702 2224 784 2273 27.
849 2222 1032 2288 Tinqot]
1092 2220 1308 2273 «colore
1360 2223 1469 2273 vini
1518 2219 1684 2271 rubro

635 2298 1000 2361 pavimentum
1055 2295 1261 2347 triclinii
1317 2307 1685 2346 marmoreum

634 2371 885 2422 inficiet.»
937 2398 994 2408 —
1037 2384 1176 2421 mero
1208 2397 1238 2407 -
1269 2396 1299 2406 -
1329 2368 1556 2432 superbo]
1599 2369 1685 2417 Sic

635 2446 819 2511 optimi
852 2446 1051 2510 quique
1089 2444 1256 2495 Codd.
1297 2446 1439 2495 Mero
1462 2443 1562 2509 ipsi
1597 2456 1688 2494 su-

633 2519 821 2584 perbia
860 2521 1163 2570 attribuitur
1201 2533 1294 2579 eo,
1345 2518 1491 2581 quod
1530 2532 1687 2582 prae-

633 2595 857 2645 stantiae
892 2608 1021 2645 suae
1051 2593 1325 2644 conscium
1350 2593 1501 2656 quasi
1523 2591 1687 2643 insul-

635 2671 711 2719 tat
745 2671 1065 2733 pavimento.
1126 2668 1335 2718 Etenim
1358 2666 1590 2731 loquitur
1612 2667 1682 2717 de

631 2742 937 2808 profusione
960 2743 1182 2806 propter
1204 2742 1507 2810 παροινίαν
1528 2740 1682 2792 solita

633 2816 687 2866 in
721 2815 1013 2866 heluonum
1047 2813 1233 2879 epulis,
1273 2815 1495 2866 fortasse
1519 2817 1682 2866 etiam

633 2891 701 2942 de
735 2891 1055 2955 pytismatis.
1127 2889 1236 2938 Cic.
1264 2888 1484 2954 Philipp.
1511 2892 1568 2948 2,
1594 2889 1677 2940 44.

633 2964 702 3014 de
768 2963 1020 3013 Antonio:
1090 2962 1336 3011 natabant
1389 2964 1685 3025 pavimenta

631 3037 780 3097 vino,
832 3035 1100 3086 madebant
1147 3037 1382 3098 parietes.
1465 3039 1676 3087 Petron.

635 3111 724 3162 38:
755 3111 872 3173 plus
901 3110 1009 3159 vini
1039 3108 1129 3158 sub
1160 3122 1382 3159 mensam
1401 3111 1685 3173 emmdeboe

635 3189 748 3244 tur,
811 3197 966 3245 quam
1013 3182 1199 3244 aliquis
1246 3185 1300 3231 in
1349 3184 1475 3234 cella
1519 3184 1679 3252 habet.

634 3259 836 3308 vitruv.
874 3258 935 3319 7,
973 3256 1033 3318 4,
1071 3258 1224 3307 5:12»
1255 3259 1494 3308 nomimis
1526 3260 1687 3310 Graa-

632 3345 809 3384 corum
838 3331 1274 3381 hiborvmculorum
1305 3337 1353 3382 οε
1385 3335 1518 3395 quod
1531 3348 1686 3396 poeu-

633 3409 695 3458 lis
713 3412 762 3459 et
784 3407 1073 3470 pytismatis
1093 3408 1393 3469 amandum,
1429 3409 1579 3459 simul
1597 3422 1685 3459 ca-

633 3484 707 3533 dit
758 3483 1087 3544 sinouse-itque.
1169 3482 1351 3533 Iuven.
1405 3484 1459 3533 44
1486 3521 1499 3544 ,
1553 3483 1678 3533 ⁴73:

634 3558 732 3620 Qua·
763 3556 1210 3608 Lacedaonmium
1235 3559 1502 3620 puli-mato
1522 3557 1684 3607 lubri-

632 3636 717 3681 cat
770 3631 952 3682 orbem.
1028 3630 1179 3681 Idem
1235 3644 1355 3682 mos
1406 3631 1685 3682 obtinebat

633 3705 777 3768 apud
811 3708 1017 3756 Persas.
1063 3703 1209 3754 Hafls
1243 3706 1514 3756 Hammeri
1546 3705 1585 3754 1.
1624 3717 1679 3768 p.

635 3780 692 3827 ⁴:
751 3779 901 3842 Foloe
949 3781 1060 3829 dem
1113 3779 1283 3830 Worca
1332 3780 1416 3829 des
1467 3779 1681 3829 Wirths:

633 3851 796 3903 Fdrbe
826 3855 919 3904 den
955 3854 1161 3917 lbpplch
1193 3855 1284 3904 mit
1320 3854 1495 3905 Waln!
1530 3855 1682 3904 actus

1769 1479 1929 1528 titiae.
2003 1481 2321 1542 Neutiquam
2364 1493 2494 1531 vero
2537 1482 2710 1544 agitur
2748 1481 2816 1531 de

1766 1549 2044 1613 libatione,
2085 1554 2153 1603 de
2176 1556 2567 1619 propinatione,
2613 1555 2681 1605 de
2709 1558 2821 1605 cot-

1768 1627 1920 1687 tabo,
1958 1629 2018 1677 ut
2050 1627 2133 1677 alii
2167 1630 2266 1678 rati
2301 1631 2441 1679 sunt.
2513 1631 2612 1689 Qui
2635 1628 2818 1693 legunt

1757 1702 2105 1763 pavimentum
2157 1703 2451 1765 superbum,
2522 1703 2819 1768 intelligunt

1766 1776 2050 1826 artificiose
2085 1776 2423 1838 tesselatum,
2462 1781 2520 1827 ut
2553 1782 2637 1829 est
2668 1780 2809 1842 Virg.

1764 1852 1894 1899 Aen.
1933 1850 1993 1911 7,
2034 1851 2122 1900 ⁴2:
2161 1851 2392 1912 tectisque
2422 1851 2669 1914 superbis,
2712 1854 2818 1902 Ae-

1763 1922 1933 1973 lianus
1975 1924 2119 1988 apud
2160 1925 2377 1974 suidam
2419 1938 2473 1989 p.
2510 1926 2593 1975 28.
2646 1927 2815 1976 Bern-

1763 1997 1959 2060 hardy.
1987 1990 2126 2060 ὕφει
2142 2000 2251 2049 τινὶ
2277 1992 2646 2085 ὑπερηφάνῳ.
2676 1999 2808 2064 (vid.

1762 2072 2003 2134 inprimis
2069 2073 2205 2123 Hoss
2268 2076 2459 2124 Annot.
2519 2075 2573 2123 in
2628 2074 2807 2124 Horat.

1764 2158 1929 2195 carm.
1983 2145 2158 2209 Spicil.
2206 2161 2258 2212 p.
2308 2146 2377 2211 4.)
2430 2147 2600 2198 Minus
2650 2148 2811 2197 etiam

1760 2221 2130 2284 respiciendae
2182 2223 2307 2272 sunt
2344 2220 2600 2271 lectiones
2633 2234 2811 2283 ωρον-

1760 2294 1858 2354 bis,
1902 2295 2276 2345 commendata
2300 2309 2332 2345 a
2365 2297 2566 2360 Toupio
2601 2297 2669 2346 ad
2699 2296 2813 2346 Sui-

1761 2368 1885 2418 dam
1920 2370 1970 2420 2.
2002 2381 2055 2432 p.
2081 2368 2195 2419 539.
2236 2370 2377 2433 (cum
2415 2371 2706 2435 Pontificum
2727 2396 2755 2407 -
2777 2397 2808 2407 -

1760 2456 1942 2493 coenae
1974 2456 2074 2507 per
2106 2457 2166 2494 se
2190 2443 2383 2496 fuerint
2404 2444 2660 2508 superbae,
2697 2444 2812 2511 opi-

1760 2531 1951 2582 paras,
2010 2517 2382 2582 lautissimae),
2437 2525 2490 2571 et
2539 2520 2803 2583 superbus,

1761 2593 1837 2655 (ut
1868 2592 2308 2654 heros-superbus
2338 2591 2440 2643 alio
2474 2593 2636 2644 modo
2668 2595 2808 2659 patri

1760 2665 1974 2716 insultat
1994 2666 2135 2730 apud
2172 2667 2461 2719 Martialem
2485 2670 2543 2729 8,
2581 2668 2673 2731 44,
2712 2670 2806 2720 42-

1759 2741 1879 2803 45.),
1919 2754 2044 2791 cum
2079 2744 2133 2791 et
2164 2743 2303 2792 heres
2335 2745 2440 2793 iam
2461 2744 2658 2794 babeat
2680 2742 2806 2794 ἐπί-

1755 2813 1928 2863 θετον
1961 2815 2162 2878 ἀᾶρπὶον
2186 2817 2242 2865 et
2261 2817 2435 2867 minus
2458 2818 2663 2881 poetice
2687 2819 2802 2882 ipse

1758 2888 1965 2938 dicatur
2029 2889 2267 2951 superbus
2331 2904 2495 2954 quam
2560 2904 2799 2954 merum,

1757 2962 1902 3027 quod
1933 2962 2220 3026 profundit.

1820 3037 1902 3087 28.
1954 3037 2247 3100 Pontificum
2286 3039 2500 3103 potiore]

1757 3124 1822 3162 eo
1855 3112 2005 3172 vino,
2044 3111 2189 3175 quod
2222 3115 2410 3176 potant
2439 3114 2718 3178 pontifices
2746 3115 2802 3164 in

1756 3184 1927 3249 epulis
1979 3184 2078 3236 illis
2128 3185 2503 3247 sollemnibus,
2557 3199 2697 3250 quae
2748 3188 2804 3239 in

1754 3260 2103 3323 proverbium
2135 3260 2426 3311 abierant.»
2463 3260 2681 3311 Martial.
2717 3262 2798 3322 42,

1755 3332 1847 3394 48,
1885 3335 2125 3385 ⁴2:1v0n
2155 3334 2351 3384 Albana
2380 3334 2503 3384 mibi
2533 3335 2597 3384 sit
2627 3336 2805 3384 comis-

1752 3409 1881 3458 satio
1914 3409 2067 3468 tanti,
2111 3409 2215 3458 Nec
2257 3409 2567 3470 Capitolinas
2596 3409 2803 3473 Pontifi-

1753 3495 1962 3544 cumquo
2006 3483 2174 3545 dapes.
2233 3483 2468 3532 Macrob.
2508 3485 2612 3533 Sat.
2650 3483 2709 3544 2,
2746 3482 2794 3532 9.

1754 3554 1847 3605 ubi
1880 3555 2039 3605 index
2073 3568 2274 3605 coenae
2311 3555 2503 3607 Metelli
2536 3555 2800 3620 pontificis

1754 3630 1970 3679 maximi
2003 3629 2237 3680 affertur.
2286 3630 2598 3693 Asyndeton
2619 3633 2800 3680 autem

1751 3704 1962 3766 superbo
1981 3704 2218 3766 -pouoro
2267 3705 2529 3767 significat
2579 3706 2800 3769 propter

1752 3778 1891 3828 bano
1938 3779 2111 3843 ipsam
2159 3779 2570 3840 generositatem
2614 3778 2797 3828 vinum

1751 3852 2016 3915 superbum
2046 3851 2245 3902 vocari.

2554 3059 2579 3084 α
2592 3039 2800 3103 potiore

1494 4092 1939 4103 ——-—-——..—

1499 4104 1938 4113 ,Ἠ
