3234 4975
675 375 799 439 286

1437 379 1696 430 Horum
1733 379 2069 432 CARMINUM

1099 534 1354 620 Pugnas
1400 541 1466 598 et
1509 542 1772 599 exactos
1816 542 2127 622 tyrannos

1181 656 1467 719 Densum
1508 652 1796 720 humeris
1838 653 2000 721 bibit
2043 676 2201 722 aure
2245 657 2495 746 volgus.

1018 810 1189 890 Quid
1232 812 1498 886 mirum,
1546 811 1657 876 ubi
1706 810 1829 876 illis
1874 812 2265 879 carminibus
2318 824 2584 901 stupens

1015 932 1299 997 Demittit
1342 942 1515 997 atras
1559 931 1755 998 belua
1799 933 2131 1018 centiceps

1099 1054 1307 1118 Aures
1350 1062 1414 1118 et
1458 1053 1673 1118 intorti
1719 1052 1967 1140 capillis

2770 1059 2850 1121 35

1179 1172 1606 1239 Eumenidum
1649 1187 2025 1241 recreantur
2066 1195 2313 1263 angues
2335 1177 2367 1239 *ἲ

806 1344 887 1393 32.
925 1343 1156 1407 memoris]
1193 1343 1348 1391 avida
1378 1341 1595 1392 Bentleii
1634 1345 1886 1407 suspici0.
1930 1371 1984 1380 —
2023 1344 2159 1395 bibat
2188 1346 2247 1395 Β.

676 1485 779 1534 Noc
817 1482 937 1544 plus
966 1482 1200 1542 Alcaeus,
1253 1493 1456 1531 consors
1496 1482 1727 1543 patriao-
1799 1483 1961 1534 ⁴098:
2005 1474 2193 1533 ’Ἀιδου
2226 1496 2260 1531 τ

676 1570 773 1619 que
803 1557 1069 1619 lyraeque,
1116 1556 1304 1605 Laudis
1333 1555 1502 1615 habet,
1540 1569 1724 1617 quam-

673 1634 751 1682 vis
781 1631 1029 1695 grandius
1061 1630 1144 1680 ille
1173 1634 1326 1679 sonet.
1369 1657 1424 1667 —
1461 1628 1720 1693 tyrannos]

676 1708 762 1757 Sic
812 1707 867 1756 in
917 1705 1178 1754 Pittacum
1219 1703 1485 1752 invehitur
1519 1705 1600 1753 Fr.
1639 1702 1720 1753 37.

676 1779 881 1842 Bergk:
936 1774 1050 1828 Τὸν
1083 1773 1477 1846 κακοπάτριδα
1508 1776 1724 1827 Πιττα-

675 1868 783 1904 κον
818 1849 1020 1914 πόλιος
1041 1848 1145 1914 τᾶς
1167 1847 1394 1914 ζαχόλω
1417 1851 1518 1901 καὶ
1537 1849 1722 1921 βαρυ-

675 1926 954 1992 δαίμονος
1013 1921 1369 1976 Ἐστάσαντο
1440 1924 1724 1994 τύραννον

674 2001 796 2068 μέγ’
830 2000 1151 2061 ἐπαίνεντες
1184 1992 1438 2061 ἀόλλεες.

742 2104 823 2154 32.
881 2104 1104 2152 Densum
1135 2101 1380 2165 humeris]
1434 2101 1549 2151 «ita
1595 2114 1726 2151 con-

677 2180 931 2242 stipatum
953 2213 965 2234 ,
1026 2174 1324 2225 confertum
1347 2215 1358 2236 ,
1414 2177 1473 2225 ut
1514 2175 1724 2225 humeri

675 2254 933 2303 humeros
967 2250 1235 2312 tangant.»
1281 2250 1421 2312 virg.
1463 2251 1595 2300 Aen.
1643 2251 1722 2309 ⁴0,

677 2327 808 2377 36⁴:
868 2324 1220 2381 Concurrmit‚·
1270 2323 1440 2373 haeret
1476 2325 1602 2386 pede
1638 2336 1728 2385 pos

676 2402 949 2460 densusque
994 2398 1107 2447 viro
1139 2397 1237 2447 vir.
1296 2425 1352 2434 -
1411 2397 1529 2446 bibit
1578 2397 1723 2461 aare]

641 2472 868 2531 ,aAudit
909 2471 1303 2536 cupidissime.»
1388 2474 1629 2536 Propert.
1675 2471 1724 2532 3,

676 2549 736 2609 6,
762 2548 823 2598 8:
880 2548 1126 2609 nawen-ris
1158 2546 1368 2596 auribus
1403 2547 1503 2596 ista
1541 2547 1723 2595 bibam.

676 2621 823 2673 ovid.
862 2622 1014 2672 Trist.
1054 2621 1115 2683 3,
1152 2623 1213 2682 5,
1254 2619 1348 2671 ⁴4:
1397 2620 1606 2670 auribus
1637 2620 1729 2669 illa

678 2696 876 2760 (verba)
928 2696 1043 2747 bibi.
1113 2696 1254 2759 Virg.
1291 2697 1422 2746 Aen.
1479 2694 1510 2745 4
1533 2733 1545 2756 ‚
1592 2695 1723 2744 359:

675 2770 884 2820 auribus
913 2771 1076 2820 hausi.
1117 2823 1132 2830 ,

742 2872 823 2922 33.
875 2871 985 2935 ubi]
1032 2870 1086 2920 id
1121 2873 1227 2931 est,
1268 2869 1566 2934 «siquidem
1600 2869 1726 2919 ibi.»

677 2948 839 3009 Iunge
889 2951 1088 3006 stupens
1146 2944 1245 2994 illis
1293 2944 1633 3006 carminibus,
1671 2946 1730 2994 ut

677 3022 784 3070 Sat.
824 3021 883 3080 4,
921 3018 981 3079 4,
1018 3020 1117 3068 28:
1198 3023 1356 3080 stupet
1387 3018 1558 3069 Albius
1590 3032 1723 3068 acre.

678 3095 786 3146 Sat.
824 3094 887 3152 2,
924 3093 985 3152 2,
1024 3093 1090 3140 5:
1149 3095 1308 3153 stupet
1356 3092 1548 3142 insanis
1597 3093 1731 3141 acies

674 3165 968 3231 fulgoribus.
1039 3166 1146 3215 Sat.
1200 3167 1259 3226 2,
1314 3166 1370 3226 7,
1428 3167 1524 3216 95:
1591 3167 1731 3216 Pau-

677 3243 821 3292 siaca
841 3246 1032 3303 tor-pos,
1066 3240 1272 3300 insane,
1310 3241 1507 3291 tabella.
1556 3241 1729 3293 Minus

678 3319 828 3368 recte
900 3314 986 3364 alii
1049 3328 1149 3379 pro
1222 3313 1401 3365 dativo
1464 3315 1728 3366 habentes

676 3391 962 3441 iunxerunt
994 3402 1119 3440 cum
1152 3402 1204 3438 v,
1243 3390 1467 3440 danielis.

742 3482 824 3534 34.
883 3481 1135 3546 Demittit]
1200 3494 1391 3532 «aures
1440 3483 1590 3547 prius
1641 3496 1732 3532 ar-

677 3560 852 3609 rectas
888 3556 957 3606 ad
981 3555 1341 3608 insidiandum
1364 3556 1571 3608 umbris
1593 3571 1731 3621 poe-

678 3645 779 3683 nae
833 3644 894 3682 se
950 3632 1270 3684 subtrahere
1344 3631 1728 3684 conantibus.»

678 3706 887 3756 Poetica
937 3708 1120 3757 autem
1170 3703 1382 3756 licentia
1417 3718 1547 3756 usus
1583 3705 1734 3768 fingit

677 3779 839 3830 etiam
856 3779 1137 3830 damnatos
1153 3783 1430 3842 poetarum
1451 3780 1503 3828 in
1519 3780 1733 3843 piorum

677 3852 899 3905 sedibus
932 3852 1311 3904 collocatorum
1345 3857 1534 3904 cantus
1567 3867 1736 3904 exau-

677 3927 812 3978 dire.
855 3953 909 3964 --
965 3926 1113 3978 belua
1154 3927 1424 3991 centiceps]
1462 3927 1730 3977 Hesiodus

678 4002 948 4064 Theogon.
985 4014 1037 4051 v.
1065 4000 1486 4052 3⁴2.Cerberum
1521 4014 1588 4050 ex
1624 4002 1734 4064 Ty-

679 4076 893 4141 phaone
943 4077 998 4125 et
1047 4076 1282 4127 Echidna
1335 4078 1520 4125 natum
1574 4079 1734 4126 vocat

675 4144 862 4201 Ἀΐδεω
896 4145 1045 4200 κύνα
1076 4146 1492 4212 χαλκεόφωνον
1510 4148 1733 4215 Πεντη-

680 4220 1130 4294 κοντακάρηνον.
1209 4221 1455 4288 Sophocl.
1483 4223 1726 4274 Trachin.

2260 1483 2532 1555 ρίκρανον
2565 1482 2848 1546 σκύλακα,

1798 1557 1852 1606 id
1882 1557 2026 1619 quod
2062 1556 2173 1609 fere
2207 1558 2374 1608 Latini
2405 1561 2599 1622 poetae
2622 1560 2848 1625 adopta-

1796 1632 2005 1680 verunt.
2087 1632 2348 1682 «Centum
2399 1631 2621 1683 Cerberi
2673 1636 2845 1698 capita

1798 1704 2100 1768 praeiverat
2118 1707 2331 1755 Horatio
2348 1705 2625 1767 Pindarus,
2650 1709 2694 1759 si
2714 1708 2850 1759 fides

1797 1779 2018 1829 Venetis
2076 1778 2455 1843 interpretibus
2510 1784 2553 1831 A
2599 1783 2654 1831 et
2696 1783 2735 1832 Β
2780 1783 2851 1832 ad

1799 1851 1943 1901 Iliad.
1964 1852 2005 1902 «9
2020 1889 2032 1912 ,
2058 1852 2173 1903 368.
2197 1853 2302 1904 Cfr.
2326 1854 2535 1905 Pindari
2554 1857 2634 1905 Fr.
2661 1857 2847 1906 incert.

1802 1926 1948 1975 ⁴62.»
2038 1927 2262 1977 Nanos
2328 1930 2379 1978 in
2453 1932 2632 1993 Progr.
2699 1931 2846 1981 ⁴82⁴.

1799 1999 1971 2050 Etiam
2021 2001 2239 2050 Tzetzes
2292 2001 2361 2051 ad
2403 2003 2667 2067 Lycophr.
2717 2004 2848 2055 678:

1800 2066 1834 2122 ὁ
1867 2069 2024 2124 κύων
2058 2069 2163 2123 τοῦ
2188 2068 2374 2126 ’Ἀιδου
2395 2112 2410 2137 ,
2452 2071 2520 2139 ὃς
2554 2072 2675 2136 ἔχει
2709 2077 2853 2128 ἑκα-

1799 2143 1901 2197 τὸν
1933 2144 2209 2211 κεφαλάς.
2246 2151 2312 2201 Et
2330 2150 2611 2202 variabant
2643 2153 2693 2202 in
2730 2152 2855 2203 tali-

1800 2222 1919 2273 bus.
1955 2223 2040 2272 Sic
2063 2222 2236 2275 Schol.
2265 2225 2480 2276 Hesiod.
2503 2227 2699 2289 Theog.
2720 2227 2848 2276 3⁴3:

1798 2292 1905 2362 τὴν
1927 2288 2125 2366 Ὕδραν
2160 2298 2491 2360 (Lernaeam,
2517 2300 2738 2351 Cerberi
2759 2314 2855 2351 so-

1801 2372 2000 2433 rorem)
2041 2367 2297 2435 Ἀλκαΐος
2343 2372 2452 2438 μὲν
2495 2373 2845 2435 ἐννεακέφα-

1801 2441 1903 2496 λόν
1936 2460 2116 2511 φησι,
2174 2445 2498 2513 Σιμωνίδης
2545 2446 2609 2500 δὲ
2642 2462 2852 2515 πεντη-

1800 2519 2253 2581 κοντακέφαλον.
2323 2522 2401 2572 De
2426 2525 2642 2573 centum
2666 2525 2855 2586 angui-

1800 2594 1904 2644 bus
1957 2595 2072 2645 eius
2122 2597 2281 2658 caput
2329 2596 2691 2647 munientibus
2723 2597 2776 2647 b.
2813 2596 2849 2648 1.

1801 2681 1907 2718 non
1958 2667 2299 2731 cogitandum
2351 2683 2476 2720 cum
2526 2670 2848 2722 Scholiastis.

1804 2744 2034 2794 «Horatii
2085 2755 2307 2793 sensum
2358 2746 2503 2793 recte
2537 2747 2856 2808 perceperat

1803 2819 2006 2867 Seneca
2058 2818 2171 2867 sive
2224 2817 2357 2868 alius
2409 2818 2640 2882 scriptor
2688 2819 2741 2867 in
2784 2831 2852 2868 eo

1803 2889 1968 2952 libro,
2004 2892 2096 2954 qui
2129 2890 2601 2954 Apocolocyntosis
2636 2891 2852 2942 inscribi

1803 2964 1966 3025 solet,
2015 2965 2106 3015 ubi
2142 2965 2287 3016 belua
2317 2967 2557 3028 centiceps
2588 2966 2853 3017 describi-

1804 3043 1891 3090 tur
1907 3041 2051 3089 villos
2071 3041 2376 3102 horrmdos,
2413 3041 2467 3090 id
2491 3044 2599 3102 est,
2634 3053 2855 3105 serpen-

1803 3117 1884 3165 tes
1923 3115 1977 3164 in
2016 3115 2227 3165 cervice
2261 3117 2315 3165 et
2337 3119 2486 3178 tergo
2510 3118 2662 3166 natos
2695 3129 2854 3165 οωαι-

1801 3190 1950 3247 tiens3
1986 3190 2183 3253 quippe
2207 3190 2499 3240 tenendum
2523 3191 2678 3240 estin
2703 3193 2853 3252 tergo

1802 3261 2119 3326 plerumque
2155 3262 2403 3324 Cerberi,
2441 3277 2547 3313 non
2581 3263 2634 3312 in
2658 3264 2849 3326 capite,

1802 3338 1862 3386 ut
1912 3337 2157 3387 Horatius
2207 3338 2303 3387 Od.
2353 3337 2412 3398 3,
2451 3339 2541 3398 Η,
2581 3339 2661 3387 47.
2700 3338 2849 3396 facit,

1802 3412 2083 3473 serpentes
2116 3412 2293 3474 poni»
2329 3412 2551 3460 Nanos
2584 3410 2618 3461 l.
2657 3410 2691 3460 1.

1869 3475 1951 3533 35'.
2001 3485 2193 3549 intorti]
2242 3486 2379 3536 Cum
2422 3499 2474 3534 v,
2511 3486 2694 3549 anquis
2734 3483 2854 3549 ple-

1802 3570 2032 3620 rumque
2084 3558 2318 3609 feminini
2370 3560 2439 3610 sit
2486 3560 2729 3622 generis,
2786 3559 2849 3609 H.

1804 3634 1860 3681 P.
1897 3631 2112 3682 volebat
2144 3634 2385 3690 intortam
2432 3632 2531 3683 sed
2569 3633 2731 3683 etiam
2764 3632 2855 3682 Ci-

1805 3717 1930 3756 cero
1964 3705 2034 3757 de
2068 3707 2187 3756 Div.
2223 3707 2283 3766 2,
2322 3707 2415 3756 28:
2458 3708 2640 3770 anquis
2667 3709 2854 3756 vectem

1805 3779 2164 3830 circmnwctus.

1871 3852 1953 3903 36.
2010 3854 2344 3904 Emonidmn
2380 3879 2410 3890 -
2447 3853 2661 3917 unques]
2714 3855 2854 3902 Pau-

1806 3939 1921 3976 san.
1962 3928 2017 3988 ⁴,
2056 3927 2146 3988 28,
2193 3928 2250 3976 6:
2302 3925 2569 3992 Πλησίον
2601 3925 2663 3977 δὲ
2699 3921 2854 3996 ἱερὸν

1804 3996 1956 4049 θεῶν
2003 3999 2186 4060 ἐστιν,
2243 3994 2316 4063 ἃς
2364 3998 2644 4052 καλοῦσιν
2686 3992 2854 4065 Ἀθη-

1805 4080 1962 4126 ναῖοι
2000 4071 2256 4139 Σεμνάς,
2301 4068 2571 4138 Ἡσίοδος
2612 4072 2675 4125 δὲ
2706 4072 2854 4145 Ἐρι-

1806 4146 1907 4211 νῦς
1939 4148 2002 4199 ἐν
2035 4149 2336 4217 Θεογονίᾳ.
2372 4144 2615 4219 Πρῶτος
2636 4147 2699 4200 δέ
2720 4164 2858 4210 σφι-

1805 4238 1898 4273 σιν
1923 4219 2212 4286 Αἰσχύλος
2234 4221 2557 4295 δράκοντας
2576 4224 2855 4288 ἐποίησεν
