3234 4975
656 390 778 456 ⁴02

1421 393 1674 443 HORATH
1709 392 2044 443 CARMINUM

1346 752 1816 816 cm
1869 754 2097 814 va-

990 923 1047 988 Ο
1092 931 1293 987 matre
1336 919 1606 1008 pulchra
1647 919 1776 987 filia
1818 920 2176 1008 pulchrior,

990 1044 1200 1122 Quem
1243 1042 1600 1109 criminosis
1645 1063 1902 1131 cunque
1944 1041 2123 1109 voles
2166 1042 2431 1109 modum

779 1241 907 1291 XVI.
978 1243 1142 1291 Inscr.
1178 1238 1316 1304 volg.
1382 1241 1662 1291 Palinodia.
1698 1268 1751 1277 —
1787 1241 1863 1291 Ad
1898 1242 2226 1302 Tyndaridem
2257 1242 2308 1291 S.
2367 1268 2421 1277 —-
2452 1242 2528 1291 Ad
2569 1241 2747 1291 Tim

712 1316 857 1364 riden
895 1316 1085 1379 [aciens
1132 1316 1412 1365 iamborum
1446 1320 1623 1377 potest.
1672 1316 1727 1365 T.
1780 1344 1835 1353 —
1879 1316 2142 1367 Palinodia
2186 1316 2448 1367 Gratidiac
2496 1316 2565 1365 ad
2619 1316 2747 1377 Tmu-

712 1390 939 1440 daridem
970 1390 1190 1440 amicam
1218 1390 1386 1443 Codd.
1427 1390 1534 1441 duo
1567 1391 1841 1441 Torrentii.

713 1568 840 1618 XVI.
900 1569 1140 1619 Amicam
1171 1567 1522 1620 Archilochiis
1555 1570 1690 1618 iam-

1762 1565 1908 1630 βους
1933 1567 2236 1619 Archilochi
2257 1569 2413 1619 vocat
2430 1567 2691 1631 Meleager
2711 1570 2806 1632 Ep.
2894 1538 2899 1549 Ι

650 1626 804 1693 b*
830 1656 889 1693 se
913 1642 1189 1704 offensam,
1222 1646 1457 1694 erratum
1487 1643 1695 1694 confes-
1766 1641 1861 1690 ⁴⁴9
1885 1680 1897 1702 ,
1951 1642 1999 1690 7.
2053 1644 2163 1692 Art.
2226 1645 2370 1706 poet.
2432 1643 2529 1692 79:
2593 1644 2811 1693 Archilo—

648 1729 759 1776 suS,
795 1716 1142 1767 reconciliare
1164 1717 1266 1767 sihi
1290 1717 1484 1767 studet.
1538 1716 1691 1777 Quod

648 1789 969 1842 scholiastae
987 1790 1345 1853 Tyndaridem
1367 1791 1509 1841 illam
1531 1790 1691 1841 fuisse

648 1864 834 1915 dicunt
877 1864 1183 1928 habentque
1231 1865 1399 1916 Codd.
1457 1863 1693 1915 nonnulli

647 1940 718 1989 ad
754 1940 1106 2001 Tyndaridem,
1158 1940 1214 1989 id
1255 1953 1386 1990 vero
1432 1940 1531 1990 etsi
1564 1953 1695 2004 pro-

647 2013 743 2064 hat
763 2012 1130 2076 Walckenaer,
1160 2015 1402 2079 precario
1420 2017 1693 2078 sumptum

650 2091 733 2141 est
787 2102 817 2139 e
868 2089 1102 2139 carmine
1168 2091 1456 2152 sequente3
1515 2089 1694 2140 minus

651 2165 812 2214 etiam
844 2162 1121 2227 probabile
1146 2162 1322 2214 Schol.
1351 2165 1511 2227 Cruq.
1549 2176 1698 2214 com-

650 2240 925 2297 mentum,
992 2237 1276 2289 Gratidiam
1321 2250 1366 2289 s.
1419 2237 1694 2289 Canidiam

648 2325 832 2376 sagam
886 2310 1185 2374 significari.
1274 2313 1466 2372 «Quod
1513 2314 1693 2363 autem

645 2389 821 2437 Acron
854 2385 1006 2437 dicit:
1060 2387 1204 2437 Hanc
1236 2387 1360 2437 oden
1403 2388 1458 2437 in
1489 2388 1695 2451 satisfa-

645 2462 857 2512 ctionem
892 2461 1016 2527 facit
1053 2462 1248 2512 amicae
1294 2474 1415 2513 sitae
1429 2490 1460 2500 -
1474 2490 1529 2524 -,
1583 2462 1697 2512 imi-

645 2541 781 2586 tatus
835 2537 1168 2587 Stesichorum
1223 2539 1356 2587 cet.:
1420 2538 1694 2590 Horatium

647 2611 792 2662 idem
843 2611 1058 2674 fecisse,
1110 2611 1255 2675 quod
1299 2615 1454 2670 antea
1496 2613 1697 2663 fecerat

647 2687 1014 2749 Stesichorus,
1063 2690 1267 2748 narrat3
1314 2687 1532 2738 minime
1568 2685 1697 2736 dicit

643 2759 790 2811 illum
852 2762 1176 2814 Himerensis
1234 2764 1424 2826 poetae
1489 2759 1697 2826 palino-

645 2836 788 2886 diam
803 2837 1093 2889 imitatione
1113 2838 1410 2902 exprimere
1428 2836 1690 2886 voluisse»

649 2911 725 2972 (ut
770 2914 1097 2974 acceperunt
1145 2910 1380 2962 nonnulli
1426 2912 1696 2974 Interpre-

647 2983 766 3045 tes).
816 2984 976 3034 Esus
1013 2986 1138 3036 Hor.
1177 2988 1260 3035 Pr.
1297 2999 1350 3049 p.
1388 2984 1470 3035 33.
1529 2985 1693 3034 Recte

645 3057 747 3106 hac
783 3056 851 3108 de
884 3071 944 3107 re
972 3059 1257 3124 disputavit
1271 3058 1495 3110 Hofman
1513 3055 1695 3109 Peerl-

645 3132 805 3195 kamp
839 3131 909 3180 ad
936 3145 987 3181 v.
1026 3133 1105 3183 43.
1153 3134 1230 3183 Ita
1260 3145 1386 3196 ergo
1420 3130 1695 3183 dumtaxat

646 3204 1044 3269 intelligendum
1077 3206 1559 3258 celebratissimum
1595 3220 1695 3270 pa-

644 3280 872 3332 linodiae
891 3281 1196 3346 exemplum
1217 3282 1378 3333 fuisse
1402 3278 1548 3342 illud,
1585 3289 1693 3345 quo

646 3355 980 3406 Stesichorus
1004 3354 1235 3407 Helenae
1260 3357 1547 3408 criminoso
1572 3368 1694 3407 car-

644 3431 790 3482 mine
832 3429 1010 3481 laesae
1041 3430 1359 3495 deprecatus
1389 3433 1486 3482 est.
1523 3431 1586 3480 V.
1624 3429 1694 3481 ad

645 3505 813 3571 Epod.
845 3505 894 3567 7,
931 3505 1012 3556 42.
1073 3508 1217 3562 ,Nam
1265 3506 1542 3570 utriusque
1581 3520 1694 3556 πα-

643 3577 907 3647 λινῳδίας
957 3582 1069 3630 toto
1098 3593 1296 3643 genere
1342 3582 1502 3644 atque
1534 3594 1695 3646 argu-

645 3658 828 3705 mento
890 3657 1165 3719 spectat0,
1229 3655 1417 3718 quovis
1472 3656 1693 3720 pignore

645 3730 970 3780 contendere
1003 3728 1157 3791 licet,
1196 3742 1262 3779 ex
1294 3730 1596 3780 stesichoro
1621 3732 1697 3781 ni-

647 3803 719 3854 hil
747 3816 967 3867 prorsus
1000 3804 1229 3856 mutuari
1259 3804 1496 3868 potuisse
1530 3805 1697 3855 Hora-

645 3879 795 3928 tium.
850 3877 942 3940 (De
992 3879 1152 3930 inser.
1197 3879 1364 3930 Codd.
1408 3881 1553 3929 Torr.
1596 3879 1690 3930 cfr.

645 3951 849 4003 Weber
877 3953 1049 4002 Horas
1086 3967 1140 4017 p.
1178 3955 1311 4018 459.)
1352 3956 1582 4018 Tempus
1621 3955 1698 4004 in-

648 4029 856 4079 certum
892 4031 1159 4088 remanet;
1212 4028 1412 4078 Franks
1461 4042 1509 4078 a.
1548 4042 1600 4078 u.
1641 4043 1690 4081 c.

646 4104 759 4164 725,
785 4101 1043 4152 Kirchner
1064 4102 1178 4165 726,
1205 4100 1552 4153 Walckenaer
1575 4103 1689 4154 727.

713 4251 763 4301 2.
802 4251 848 4300 3.
887 4245 1547 4325 σήεπίηοειᾨῦβριστῆρας
1566 4248 1695 4319 ἰάμ-

1763 1716 1909 1766 chum
1932 1717 2144 1779 proprio
2176 1718 2341 1767 rabies
2370 1719 2591 1767 ammvit
2625 1719 2806 1768 iambo.

1767 1788 1951 1840 Catull.
1989 1790 2069 1850 36,
2114 1792 2162 1840 5.
2234 1792 2700 1842 (lv-iminosissimum
2745 1793 2812 1841 li-

1765 1864 1911 1915 brum
1954 1865 2083 1915 dixit
2122 1865 2281 1916 etiam
2326 1868 2469 1916 Suet.
2520 1868 2672 1918 Caes.
2725 1868 2807 1917 75.

1768 1940 2019 1989 Ceterum
2049 1953 2174 1990 cum
2223 1941 2394 1990 totum
2438 1943 2813 2003 argumentum

1766 2013 1952 2065 fletum
1985 2027 2105 2065 esse
2140 2014 2384 2066 videatur
2404 2053 2416 2077 ,
2452 2016 2552 2066 hos
2597 2029 2812 2079 quoque

1766 2087 1977 2138 iambos
2011 2089 2425 2141 contumeliosos
2446 2102 2721 2153 nunquam
2742 2088 2810 2139 ab

1767 2163 1980 2213 Horatio
2004 2164 2232 2227 scriptos
2250 2178 2370 2215 esse
2394 2167 2813 2216 consentaneum

1768 2240 1867 2287 est.
1937 2238 2151 2288 Frustra
2185 2241 2331 2289 certe
2365 2252 2460 2289 eos
2488 2252 2717 2302 quaeres
2758 2239 2813 2289 in

1766 2310 1989 2375 Epodis3
2042 2324 2367 2377 quamquam
2402 2312 2689 2364 Grotefend
2720 2327 2813 2363 re-

1767 2385 1869 2435 fert
1890 2384 1960 2435 ad
1980 2385 2147 2450 Epod.
2178 2388 2255 2437 45.
2277 2425 2289 2447 ,
2322 2389 2524 2438 Franke
2547 2387 2617 2439 ad
2640 2387 2806 2451 Epod.

1767 2460 1847 2510 47.
1879 2461 1944 2525 (v.
1966 2459 2066 2524 42.)
2104 2462 2195 2513 Est
2214 2462 2353 2513 inter
2374 2460 2566 2513 multas
2590 2475 2680 2513 eas
2702 2475 2808 2522 reS,

1767 2548 1901 2598 quas
1975 2549 2118 2587 nunc
2178 2549 2400 2600 prorsus
2475 2537 2807 2600 ignoramus,

1768 2622 2015 2674 quaeque
2045 2610 2116 2662 ad
2147 2611 2312 2675 ipsius
2338 2612 2588 2662 carminis
2621 2609 2812 2661 intelli-

1768 2685 1998 2747 gentiam
2030 2684 2157 2736 nihil
2191 2687 2430 2736 attinent.
2479 2686 2584 2736 Cir.
2619 2683 2813 2736 Dillen-

1766 2758 2058 2823 burgerum
2106 2774 2161 2824 p.
2197 2760 2281 2812 40.
2333 2786 2389 2796 -
2424 2760 2643 2824 modum]
2689 2760 2809 2810 Sive

1768 2834 1953 2885 fictum
1976 2837 2059 2886 est
2080 2838 2451 2899 argumentum
2481 2848 2579 2885 seu
2600 2846 2807 2894 verum,

1767 2908 1872 2958 hoc
1905 2908 2060 2959 dicit:
2101 2911 2321 2970 modun,
2368 2909 2569 2959 «finem
2594 2910 2808 2972 impone

1767 2984 1902 3034 meis
1969 2984 2023 3034 in
2084 2985 2140 3033 te
2210 2982 2593 3036 carminibus.»
2678 2985 2811 3034 Nam

1767 3056 1963 3120 quibus
2007 3058 2172 3110 rebus
2219 3059 2413 3109 modus
2458 3059 2696 3122 ponitur,
2755 3061 2813 3109 ut

1766 3132 1895 3193 irae,
1927 3130 2107 3194 luctui,
2144 3135 2331 3192 amori,
2376 3131 2641 3183 desiderio
2695 3132 2805 3196 (Od.

1767 3209 1816 3268 4,
1868 3206 1951 3268 24,
2006 3209 2101 3271 4.),
2173 3221 2269 3258 eae
2325 3205 2482 3258 simul
2538 3206 2805 3257 finiuntur.

1765 3283 1914 3333 Hanc
1974 3284 2238 3333 rationem
2295 3281 2565 3345 volgarem
2633 3301 2657 3326 α
2674 3280 2809 3332 felici

1764 3356 2013 3407 audacia»
2061 3356 2326 3408 transtulit
2371 3357 2533 3407 etiam
2576 3356 2644 3407 ad
2689 3369 2811 3406 car-

1767 3431 1926 3482 mina.
1985 3433 2093 3482 Cic.
2124 3432 2274 3482 Verr.
2307 3433 2356 3493 2,
2394 3432 2443 3491 2,
2481 3430 2572 3482 48:
2607 3431 2812 3481 modum

1766 3511 1813 3557 et
1839 3509 1989 3571 finem
2018 3507 2199 3570 facere.
2269 3507 2362 3558 Est
2389 3505 2571 3569 igitur:
2614 3503 2808 3556 «Abole

1766 3580 1899 3642 illos,
1936 3584 1994 3630 ut
2026 3579 2193 3642 voles,
2227 3581 2340 3632 sive
2376 3579 2665 3631 cremando
2694 3580 2807 3631 sive

1766 3657 1819 3706 in
1853 3669 2001 3706 mare
2036 3654 2383 3706 deiiciendo.»
2437 3656 2585 3704 Iuvat
2607 3668 2811 3706 memo—

1765 3744 1884 3781 rare
1926 3731 2204 3781 mirificam
2246 3730 2417 3780 Hofm.
2463 3728 2807 3794 Peerlkampii

1768 3806 1932 3855 coni.:
1984 3807 2121 3868 Quas
2150 3805 2427 3854 criminosis
2456 3818 2651 3867 cunque
2679 3805 2811 3855 vole-5

1764 3881 1925 3930 modis
1974 3882 2164 3931 Poenas
2209 3878 2421 3942 parabis
2472 3881 2574 3929 cet.
2667 3877 2808 3929 Talia

1768 3956 1911 4005 enim
1946 3955 2113 4017 magis
2143 3954 2301 4004 etiam
2325 3953 2616 4004 exhilarent
2647 3952 2811 4004 lecto-

1767 4042 1885 4079 rem
1915 4042 2138 4079 necesse
2170 4031 2253 4079 est
2274 4029 2454 4080 iocoso
2477 4029 2530 4079 in
2553 4029 2805 4090 carmine,

1768 4104 2065 4155 cuiusmodi
2100 4104 2204 4154 hoc
2239 4105 2347 4163 est,
2382 4104 2436 4153 in
2459 4105 2598 4154 serio
2632 4104 2810 4154 huius-

1767 4178 1912 4229 modi
1953 4177 2324 4228 hariolationes
2381 4178 2580 4229 referre
2629 4178 2809 4242 piacu-

1767 4253 1877 4303 lum
1906 4252 2055 4303 foret.
2099 4279 2151 4288 -
2208 4251 2403 4318 iambis]
2438 4255 2522 4305 Sic
2555 4267 2654 4318 pro
2682 4257 2810 4316 poe-
