3234 4975
635 392 759 458 406

1399 393 1657 444 HORATII
1694 393 2033 445 CARMlNUM
2080 444 2082 447 ,

1137 548 1277 615 Vim
1320 548 1649 616 stomacho
1693 548 2076 636 apposuisse
2119 558 2356 613 nostro.

972 710 1112 775 Irae
1156 706 1478 797 Thyesten
1521 707 1716 773 exitio
1761 706 1937 794 gravi

971 830 1269 896 Stravere
1313 839 1377 896 et
1417 829 1560 896 altis
1602 827 1875 896 urbibus
1920 827 2177 894 ultimae

1052 953 1302 1018 Stetere
1346 971 1611 1028 causae,
1663 971 1780 1017 cur
1820 950 2107 1037 perirent

1136 1071 1445 1138 Funditus
1492 1073 2024 1160 imprimeretque
2067 1071 2270 1137 muris

2711 1071 2795 1137 20

971 1229 1215 1296 Hostile
1259 1240 1541 1296 aratrum
1585 1229 1911 1297 exercitus
1955 1229 2255 1298 insolens

972 1353 1330 1440 Compesce
1374 1361 1656 1418 mentem
1676 1374 1705 1426 z,
1736 1372 1841 1418 me
1885 1373 2149 1440 quoque
2192 1354 2473 1440 pectoris

760 1556 841 1604 22.
913 1550 1065 1613 eonp.
1102 1552 1157 1599 T.

699 1721 779 1769 46.
822 1718 1089 1783 stmnacho]
1139 1716 1263 1769 Aliis
1297 1732 1390 1769 eor
1420 1719 1668 1781 (Theogn.
1751 1718 1810 1768 2:
1880 1718 2004 1768 Urbs
2053 1724 2234 1769 aratro
2296 1721 2553 1781 conditur,
2617 1726 2797 1771 aratro

619 1794 658 1842 ’4
670 1793 762 1843 ὅδε
815 1791 1017 1843 δειλῶν
1060 1806 1153 1843 τοι
1186 1792 1400 1845 τελέθει
1435 1787 1677 1864 ὅξυτέρη

634 1864 860 1936 κραδίη·
886 1880 1011 1918 mox
1033 1882 1085 1917 v.
1112 1869 1202 1919 22:
1223 1870 1440 1930 pectoris
1457 1868 1680 1933 fervor.·)

632 1940 745 1993 aliis
779 1943 959 2003 iecur,
1012 1943 1066 1993 h.
1105 1940 1138 1992 1.
1177 1944 1484 1994 stomachus
1518 1942 1679 1993 sedes

633 2016 762 2077 irae,
799 2019 859 2066 ut
881 2016 975 2067 Od.
1004 2020 1052 2078 4,
1079 2020 1128 2079 6,
1156 2020 1211 2068 6:
1248 2032 1457 2082 gravem
1482 2018 1681 2069 Pelidae

633 2091 968 2151 stmnachum;
1011 2092 1156 2142 unde
1189 2093 1508 2143 stornachafi.
1581 2094 1682 2143 Ce-

637 2168 813 2217 terum
847 2166 980 2216 haec
1014 2168 1231 2230 stropha
1269 2166 1512 2218 callidam
1548 2180 1680 2217 con-

635 2242 767 2291 tinet
799 2242 929 2302 irae,
967 2242 1017 2291 in
1054 2255 1215 2305 quam
1236 2244 1555 2307 proruperat
1576 2243 1682 2292 Ho—

632 2316 822 2375 ratius,
860 2317 1282 2377 excusationem,
1319 2317 1515 2381 quippe
1539 2329 1677 2380 quae

634 2391 900 2441 humanae
935 2394 1155 2442 naturae
1190 2392 1467 2454 congenita
1508 2394 1563 2441 et
1594 2392 1679 2442 in-

636 2465 735 2517 sita
768 2466 850 2517 sit.

699 2542 778 2591 47.
851 2542 966 2592 Irae
1007 2543 1148 2592 inter
1190 2543 1478 2606 Thyestem
1526 2544 1582 2591 et
1613 2544 1680 2592 Α-

632 2616 805 2665 treum
825 2654 837 2676 ‚
884 2616 974 2679 qui
1018 2615 1163 2667 fratri
1205 2615 1341 2667 filios
1384 2615 1677 2680 epulandos

632 2691 891 2753 apposuit.
961 2692 1162 2742 Rursus
1195 2695 1376 2742 autem
1410 2689 1559 2741 facile
1593 2691 1679 2740 in-

631 2764 834 2827 telliges
855 2764 1276 2829 hyperbolarum
1298 2767 1488 2817 harum
1512 2766 1677 2835 εἰρω-

629 2853 807 2889 νειαν.

698 2915 907 2965 47-49.
960 2916 1115 2966 ext-itio
1157 2915 1324 2978 aranti]
1368 2916 1466 2965 Dio
1502 2916 1679 2978 Chry-

630 2990 759 3038 sost.
797 2989 885 3038 Or.
918 2990 997 3038 66.
1023 3002 1076 3052 p.
1105 2990 1202 3039 700
1235 2989 1418 3053 Emp.:
1458 2982 1549 3039 ὅτι
1580 2984 1678 3038 διὰ

630 3059 888 3133 χρυσοῦν
975 3059 1269 3134 πρόβατον
1345 3059 1677 3116 ἀνάστατον

631 3135 850 3203 συνέβη
895 3138 1165 3204 γενέσθαι
1195 3136 1544 3206 τηλικαύτην
1587 3141 1677 3190 οἰ-

631 3213 764 3262 κίαν
811 3207 919 3277 τὴν
958 3211 1248 3276 Πέλοπος,
1302 3215 1366 3264 οἱ
1392 3212 1677 3286 τραγῳδοί

630 3302 831 3349 φασιν.
903 3288 1102 3338 Deinde
1150 3291 1361 3339 enarrat
1398 3290 1678 3354 Pelopida-

630 3375 753 3414 rum
803 3363 1032 3413 facinora
1088 3364 1282 3413 omnia.
1345 3391 1401 3401 —
1451 3365 1675 3430 numae]

634 3435 732 3487 «ab
770 3436 954 3488 ultimo
988 3438 1132 3488 initio
1155 3440 1410 3503 repetitae
1430 3476 1442 3499 ,
1480 3443 1535 3490 et
1556 3454 1681 3505 pro-

629 3513 816 3576 pterea
848 3514 1221 3578 praecipuae.»
1271 3513 1371 3578 (dte
1399 3520 1681 3580 urm-imq-

629 3588 872 3654 lichsten.)
937 3588 1184 3639 Similiter
1217 3590 1326 3640 Cic.
1372 3591 1441 3641 de
1476 3592 1585 3642 Inv.
1624 3593 1675 3651 Ξ,

631 3661 680 3725 S.
747 3665 809 3713 5:
875 3663 938 3713 ab
1003 3664 1178 3713 ultimo
1225 3666 1480 3728 principio
1533 3666 1680 3716 huius

621 3739 1003 3801 praeceptionis.
1040 3737 1185 3788 Philo
1197 3741 1383 3802 Legat.
1406 3740 1473 3790 ad
1492 3741 1678 3791 Caium

632 3814 726 3864 30:
792 3808 898 3877 τὴν
953 3808 1226 3862 ἀνωτάτω
1288 3816 1388 3865 καὶ
1447 3811 1678 3887 πρώτην

631 3887 840 3938 αἰτίαν.
870 3913 924 3922 -
952 3888 1154 3952 Stetere]
1176 3890 1506 3940 «exstitere»
1533 3890 1673 3954 Virg.

630 3965 761 4014 Aen.
799 3961 848 4022 7,
884 3961 1010 4010 553:
1046 3967 1184 4012 stant
1211 3963 1321 4014 bello·
1342 3977 1540 4014 emesae.

695 4038 778 4086 2⁴.
830 4036 1082 4100 aratum]
1133 4038 1459 4089 Modestinus
1510 4039 1674 4090 Pand.

630 4112 737 4162 vn.
786 4112 881 4161 Tit.
933 4112 981 4162 9.
1030 4112 1087 4161 L.
1130 4113 1212 4161 2⁴.
1259 4113 1331 4162 ait
1378 4113 1677 4177 KarthagIni

635 4198 855 4237 eversae
887 4188 1123 4236 aratrum
1161 4188 1484 4250 impressum
1532 4201 1674 4251 esse,

634 4261 848 4312 notante
899 4259 1081 4312 Lamb.
1131 4260 1318 4312 Isidor.
1371 4263 1541 4326 origg.
1593 4264 1673 4325 ⁴5,

1748 1794 1976 1843 vertitur.
2037 1793 2469 1845 vetustissimum
2499 1797 2678 1845 autem
2712 1798 2797 1845 est

1753 1868 2044 1918 eversionis
2098 1866 2406 1931 symbolum
2447 1869 2607 1919 etiam
2653 1870 2796 1932 apud

1753 1941 2061 1992 orientales.
2120 1943 2377 1993 Ieremiae
2417 1944 2499 2004 26,
2536 1945 2593 1994 8:
2646 1938 2796 1993 Σιών

1751 2010 1832 2079 ὥς
1874 2012 2052 2087 ἀγρὸς
2097 2010 2601 2088 deotmot-rao.
2670 2020 2797 2070 Hie-

1750 2104 1960 2155 ronym.
2001 2094 2055 2143 in
2100 2092 2316 2142 Zachar.
2372 2106 2419 2142 c.
2468 2094 2528 2143 8:
2584 2094 2798 2144 Aratum

1750 2167 1985 2228 templum
2010 2168 2515 2229 Hierosolymam-um
2552 2169 2607 2218 in
2651 2170 2784 2233 tyno-

1748 2242 1960 2290 mim'am
2001 2243 2160 2305 flentis
2208 2255 2485 2304 oppressae.
2555 2244 2792 2307 Propert.

1751 2314 1810 2375 3,
1858 2316 1918 2375 9,
1955 2315 2047 2366 44ε
2102 2319 2306 2367 Moenia
2338 2345 2394 2354 —
2427 2320 2585 2370 Graio
2611 2322 2798 2382 Neptu-

1748 2391 1839 2439 m'a
1854 2392 2037 2451 pressit
2066 2397 2248 2441 aratro
2276 2394 2440 2443 Victor
2460 2395 2720 2445 Palladiae
2739 2396 2799 2444 lt-

1747 2478 1903 2528 9neus
1934 2466 2063 2516 arti-5
2088 2480 2257 2529 equus.
2289 2494 2344 2503 -
2370 2469 2600 2534 insolens]
2623 2469 2791 2535 Epod.

1813 2616 1895 2664 22.
1966 2616 2224 2678 Compesce
2252 2619 2479 2683 mentera]
2532 2620 2793 2682 «coerce,

1747 2701 1875 2750 rege
1943 2690 2210 2752 animum,
2274 2690 2497 2758 θυμόν,
2554 2696 2748 2760 μένος.
2768 2715 2793 2740 υ

1749 2762 1981 2825 Theogn.
2019 2763 2150 2813 355:
2189 2764 2319 2826 ἴσχε
2349 2764 2508 2818 νόον.

1814 2837 1895 2886 23.
1938 2838 2175 2904 Tentavit]
2199 2843 2481 2906 tentamur,
2507 2846 2581 2894 uti
2605 2845 2795 2896 morbo

1753 2912 1898 2975 (Epp.
1937 2914 1985 2974 4,
2023 2914 2071 2975 6,
2108 2915 2200 2964 28:
2249 2917 2293 2965 si
2337 2918 2472 2968 latus
2518 2924 2609 2969 aut
2656 2933 2797 2970 renes

1746 2986 1918 3036 morbo
1957 2989 2277 3054 tentantur),
2325 2993 2404 3042 sic
2452 2993 2505 3042 h.
2554 2991 2587 3043 l.
2633 2994 2795 3044 animi

1747 3060 2165 3124 perturbatione.
2219 3092 2274 3101 —-
2316 3067 2368 3116 in
2410 3068 2542 3117 dulci
2574 3069 2795 3132 iuvema]

1751 3137 1886 3187 Cum
1909 3137 2046 3188 haee
2074 3151 2291 3203 quoque
2324 3153 2412 3191 vv.
2447 3141 2533 3192 vel
2574 3141 2796 3193 infelici-

1749 3212 1833 3262 ter
1865 3215 2061 3264 tentata
2110 3214 2336 3277 (indute-i,
2375 3215 2472 3265 heu
2517 3218 2669 3283 dulei)
2708 3217 2794 3268 vel

1749 3288 2077 3351 reprehensa
2093 3289 2302 3350 fuerint,
2340 3292 2668 3343 monendum
2691 3293 2795 3343 hoc

1750 3361 2058 3426 simpliciter
2090 3364 2270 3414 dicere
2293 3362 2527 3416 voluisse
2549 3370 2792 3429 poetam:

1754 3438 1837 3488 «in
1868 3439 2099 3500 iuventa,
2132 3439 2284 3490 cuius
2318 3441 2466 3502 grata
2497 3441 2796 3492 recordatio

1751 3513 2053 3563 etiamnunc
2090 3514 2329 3565 animum
2372 3529 2558 3567 meum
2597 3515 2799 3567 mulcet

1749 3588 1909 3650 atque
1956 3587 2227 3639 exhilarat.
2252 3607 2277 3634 u
2358 3590 2653 3641 Subtilioris
2697 3592 2797 3640 uti-

1751 3674 1885 3724 que,
1934 3663 2032 3713 sed
2064 3664 2151 3714 vix
2182 3665 2436 3726 verioris,
2487 3667 2797 3729 interpreta-

1749 3737 1908 3787 tionis
1939 3741 2125 3789 auctor
2162 3740 2359 3790 exstitit
2395 3739 2791 3802 Dillenhurger:

1753 3813 1835 3861 «in
1882 3812 2094 3863 iuventa
2117 3851 2128 3873 ,
2184 3827 2323 3877 quae
2376 3827 2473 3866 sua
2512 3813 2793 3865 dulcedine

1749 3888 1860 3937 tam
1903 3886 2189 3939 obstrictos
2232 3890 2378 3940 tenet
2413 3888 2660 3940 homines
2682 3927 2694 3950 ‚
2738 3891 2798 3939 ut

1750 3962 1989 4013 omnium
2036 3960 2260 4014 aliarum
2303 3977 2486 4014 rerum
2519 3964 2695 4013 securi
2739 3977 2797 4013 o-

1749 4036 1891 4086 mnia
1925 4036 2027 4086 sibi
2054 4035 2215 4087 licere
2245 4038 2435 4101 putent
2453 4050 2689 4101 suaeque
2712 4038 2795 4087 in-

1750 4110 2000 4175 dulgeant
2043 4112 2375 4163 temeritati.»
2446 4113 2551 4164 Ctr.
2600 4112 2694 4163 Od.
2740 4110 2789 4170 3,

1751 4186 1832 4247 44,
1874 4188 1964 4237 27:
2001 4188 2114 4238 Non
2146 4201 2237 4251 09⁰
2269 4189 2359 4239 hoc
2388 4189 2573 4252 fen-em
2603 4187 2795 4237 calidus

1748 4263 1952 4313 iuverim
1983 4263 2190 4314 Consule
2220 4264 2420 4315 Ρὶωοο.
