3234 4975
1236 374 1351 423 Lm.
1396 375 1452 422 ll.
1527 377 1583 422 (ἶ.
1628 376 1686 423 ll.

2487 376 2608 439 223

786 529 1010 615 Crispe
1059 528 1323 597 Salusti.
1373 530 1493 594 nisi
1542 542 1898 617 temperato

1123 650 1471 736 Splendeat
1516 672 1659 716 usu.

788 809 961 874 Vivet
1006 821 1261 875 extento
1309 809 1686 875 Proculeius
1732 832 1928 879 aevo.
2570 816 2607 875 35

782 931 978 994 Notus
1027 930 1086 994 in
1134 932 1359 995 fratres
1405 931 1598 996 animi
1644 932 1928 1018 paterni;

788 1049 967 1115 lllum
1013 1064 1160 1138 aget
1201 1072 1413 1139 penna
1458 1063 1782 1119 metuente
1832 1054 1989 1119 solvi

1126 1175 1318 1238 Fama
1362 1185 1711 1261 superstes.

576 1372 623 1420 3.
662 1372 869 1421 Saum&
903 1372 1014 1421 BTc
1049 1374 1103 1421 et
1126 1371 1255 1421 Edd.
1297 1372 1375 1434 (Ut
1408 1385 1524 1433 nos,
1565 1373 1710 1433 bSd.)
1754 1401 1805 1409 —
1840 1375 1886 1423 7.
1917 1375 2024 1435 agit
2064 1374 2277 1440 Scssyx.
2311 1378 2386 1437 (Ut
2424 1391 2537 1433 nos,

512 1445 682 1503 Bde,
722 1447 948 1495 Pottierii
984 1445 1143 1506 octo.)
1186 1473 1237 1481 —
1272 1447 1435 1507 pinna
1468 1448 1524 1496 B.

445 1636 558 1685 opes
588 1636 956 1687 racemosa-ere,
994 1624 1211 1673 laminas
1230 1625 1490 1685 mque

444 1700 712 1758 materiae,
749 1699 817 1747 ad
858 1712 985 1760 qaas
1024 1699 1272 1759 cupiditas
1312 1704 1488 1748 nostra

443 1773 646 1835 caligat.
701 1772 920 1833 (Eadem
954 1774 1245 1823 contractio
1280 1773 1487 1836 reperi-

446 1850 531 1896 tur
551 1848 691 1910 apud
714 1846 824 1897 val.
852 1847 1019 1898 Flacc.
1050 1847 1071 1896 4
1097 1886 1109 1905 ,
1147 1848 1268 1897 ⁴23:
1305 1847 1489 1911 qracili

442 1922 704 1971 dissolvere
749 1922 964 1985 launna.)
1013 1949 1067 1958 -
1112 1922 1286 1981 «Hoc,
1339 1923 1484 1984 quod

443 1994 582 2055 dico,
606 2009 797 2045 verum
815 2008 935 2045 esse
956 1999 1063 2054 tu»,
1084 1996 1269 2059 inquit,
1292 2010 1487 2058 aegno-

442 2070 564 2125 sciS.
603 2071 789 2133 Crispe
823 2069 1027 2129 Salusti,
1065 2072 1154 2133 qui
1190 2070 1330 2121 nihili
1356 2072 1484 2121 sacis

442 2141 710 2205 laminam,
747 2144 848 2195 nisi
882 2145 934 2195 in
958 2147 1215 2207 quantum
1239 2145 1485 2196 humanis

442 2217 627 2267 usibus
653 2220 722 2280 (et
756 2219 818 2269 iis
841 2219 1060 2282 quidem
1082 2220 1351 2282 sapienter
1372 2234 1487 2271 mo-

441 2292 655 2352 deratis,
694 2306 725 2341 a
749 2294 909 2343 nimio
943 2292 1068 2342 luxu
1097 2292 1294 2356 alienis)
1322 2297 1487 2344 inser-

440 2367 596 2416 viat.»
647 2369 829 2416 Banu..
881 2369 1037 2417 Recta
1063 2371 1242 2418 autem
1266 2370 1485 2419 Bentleii

443 2443 789 2492 constructio:
818 2442 1014 2492 inimice
1033 2443 1234 2494 lamnae
1257 2443 1484 2506 (massae

442 2516 717 2566 dumtaxat
766 2515 961 2566 metalli
1013 2520 1232 2581 pretiosi
1281 2533 1380 2584 per
1424 2534 1485 2571 se

441 2590 750 2653 spectatae),
788 2592 884 2639 nisi
907 2589 1083 2641 lamna
1105 2593 1357 2655 splendeat
1381 2597 1482 2644 cet.

441 2663 536 2714 Alii
573 2678 637 2713 ex
660 2678 711 2713 v.
740 2666 786 2714 4.
815 2664 1027 2716 eliciunt
1059 2673 1350 2730 arqentum;
1388 2667 1487 2718 sed

441 2752 560 2789 voe.
578 2740 781 2788 lamnae
803 2739 1106 2791 definitione
1130 2740 1485 2806 qualicunque

441 2826 628 2863 carere
662 2826 768 2863 non
806 2816 1010 2877 potest,
1062 2828 1186 2865 cum
1220 2818 1347 2866 satis
1380 2818 1487 2866 iam

442 2888 717 2937 definitum
752 2888 821 2938 sit
853 2894 1132 2951 argentim.

508 2962 556 3012 3.
584 2963 754 3024 Crispe
774 2963 979 3026 Salaeca]
1000 2965 1141 3014 Haec
1165 2965 1394 3016 inversio
1414 2967 1488 3028 (ut

443 3036 537 3087 Od.
562 3037 620 3096 2,
647 3038 737 3097 44,
762 3038 820 3086 2:
856 3037 1065 3099 Hirpine
1096 3040 1307 3104 Quium)
1330 3042 1488 3091 raris-

441 3111 576 3160 sime
610 3110 751 3175 apud
777 3112 1087 3162 Ciceronem
1106 3150 1118 3172 ,
1156 3116 1210 3162 et
1238 3113 1410 3164 solum
1434 3116 1486 3165 in

442 3184 712 3248 EpistoIiS,
750 3185 1059 3248 frequenter
1083 3188 1225 3251 apud
1248 3189 1484 3241 Tacitum

442 3260 719 3322 reperitur.
813 3260 1065 3310 primaria
1118 3275 1279 3313 causa
1331 3264 1486 3315 huius

438 3332 731 3383 verborum
755 3334 955 3386 ordinis
980 3349 1043 3385 ea
1079 3336 1187 3398 fuit,
1225 3338 1369 3400 quod
1408 3338 1487 3388 fa-

442 3404 641 3457 miliam
676 3409 761 3466 iis,
798 3421 934 3472 quos
968 3410 1328 3475 appellabant,
1365 3425 1488 3477 pro-

440 3481 647 3544 piorem
678 3483 1046 3547 carioremque
1082 3497 1241 3549 quam
1272 3491 1483 3549 gentem

442 3555 747 3606 iudicabant
800 3560 1083 3623 praecipue
1143 3558 1485 3623 epistolarum

442 3631 747 3693 scriptores.

506 3707 555 3754 ὅ.
595 3706 814 3770 escenso]
870 3706 1124 3770 «longum
1184 3708 1237 3757 in
1292 3722 1484 3758 aevum

441 3779 755 3841 producto‚»
790 3783 850 3830 ut
882 3782 1021 3844 Virg.
1059 3785 1186 3832 Aen.
1227 3782 1317 3842 40,
1356 3782 1480 3833 468:

439 3853 633 3915 famam
678 3857 941 3905 attendere
978 3857 1142 3919 sacti-5.
1196 3885 1247 3893 —
1295 3858 1485 3906 Procu-

441 3926 581 3989 leius]
612 3928 702 3977 «C.
729 3929 1033 3980 Proculeius
1056 3931 1222 3980 Varro
1246 3932 1481 3991 Murena,

443 4013 612 4063 eques
658 4003 922 4053 Romanus
959 4004 1138 4066 (frater
1174 4005 1349 4054 Licinii
1384 4005 1478 4054 Od.

440 4077 491 4135 Ξ,
529 4075 610 4136 40,
650 4078 697 4125 4.
737 4079 791 4126 et
824 4078 1099 4127 Terentiae
1124 4079 1480 4141 Maecenatis),

441 4151 644 4201 amicus
677 4152 915 4214 Augusti,
952 4152 1251 4203 rarissimae
1274 4154 1483 4217 pietatis

442 4239 565 4288 erga
589 4226 779 4277 fratres
801 4240 926 4278 suos
952 4228 1266 4290 (Scipionem
1289 4256 1343 4264 —
1364 4227 1480 4290 lege
1555 4226 1780 4275 futura.»

1562 1624 1856 1685 Caepionem
1885 1652 1934 1659 —
1962 1628 2014 1674 et
2038 1626 2369 1683 Murenam»,
2405 1627 2608 1677 addunt

1561 1702 1734 1767 Acron
1769 1702 1822 1747 et
1857 1700 2063 1749 Comm.
2097 1702 2278 1763 Cruq.)
2318 1701 2427 1761 fuit,
2467 1702 2607 1751 adeo

1561 1775 1620 1821 ut
1653 1773 1793 1823 bona
1838 1786 1934 1822 sua
1970 1786 2092 1823 cum
2129 1775 2189 1823 iis
2225 1777 2410 1838 aequis
2443 1778 2607 1840 parti-

1560 1846 1664 1898 bus
1709 1846 1971 1909 diviserit,
2025 1848 2219 1911 quibus
2266 1849 2331 1899 illi
2380 1852 2430 1901 in
2467 1851 2606 1901 bello

1559 1920 1696 1971 civili
1722 1925 1874 1972 erant
1896 1921 2153 1985 spoliati.»
2201 1926 2446 1974 Ponrnrn.
2487 1927 2609 1976 Erat

1559 1997 1696 2045 inter
1729 2010 1823 2045 eos
1859 1998 2065 2059 equites
2089 1999 2372 2059 Romanoa,
2410 1998 2606 2062 quibus

1560 2071 1610 2119 in
1647 2071 2040 2120 matrimonium
2066 2071 2194 2121 dare
2228 2071 2407 2122 Iuliam
2435 2077 2608 2136 Augu-

1559 2147 1674 2194 stus
1720 2145 1986 2206 cogitarat.
2030 2147 2190 2195 Tacit.
2241 2151 2374 2197 Ann.
2413 2147 2470 2207 4,
2520 2148 2599 2198 40.

1561 2218 1666 2268 Cfr.
1694 2219 1788 2268 Dio
1811 2218 1892 2279 54,
1921 2220 1976 2269 3:
2015 2217 2316 2285 Μαικήνας
2337 2223 2436 2271 καὶ
2458 2221 2606 2291 Προ-

1558 2289 1793 2355 κούλιος
1825 2294 1885 2355 ἐς
1918 2289 1990 2343 τὰ
2024 2293 2220 2364 πρῶτα
2254 2291 2368 2345 ὑπὸ
2391 2291 2607 2362 Αὐγού-

1559 2382 1702 2417 στου
1737 2363 2067 2432 τιμώμενοι.
2139 2372 2280 2420 Inter
2315 2370 2604 2420 litterarum

1560 2441 1793 2492 fautores
1845 2455 1969 2493 eum
2028 2447 2291 2494 memorat
2346 2443 2604 2496 luvenalis

1560 2518 1617 2578 7,
1656 2516 1744 2567 94:
1785 2518 1905 2579 Quis
1926 2517 2014 2566 cibi
2035 2520 2318 2580 Maecenas,
2344 2522 2455 2580 quis
2474 2535 2605 2570 nanc

1559 2591 1673 2652 erit,
1710 2595 1801 2640 aut
1830 2592 2149 2641 Proculeius?
2185 2592 2456 2656 (Proculeii
2489 2595 2604 2643 effi-

1561 2666 1673 2727 gies
1708 2667 1790 2714 est
1824 2666 1874 2713 in
1909 2677 2129 2714 nummo
2163 2665 2305 2728 apud
2336 2667 2509 2715 Riccio
2530 2667 2601 2714 Μ.

1560 2740 1617 2788 F.
1655 2740 1712 2788 R.
1749 2752 1802 2801 p.
1854 2739 1998 2799 ⁴92.)
2052 2741 2325 2789 Drumann
2376 2741 2436 2789 G.
2475 2742 2529 2790 R.
2564 2740 2600 2787 1.

1628 2889 1676 2938 6.
1713 2889 2076 2952 Notus-animi]
2103 2888 2155 2938 in
2178 2891 2310 2938 orat.
2337 2889 2599 2953 pedestri:

1563 2967 1757 3013 «notus
1793 2966 2011 3027 propter
2042 2963 2342 3013 animum.»
2412 2964 2506 3013 ed.
2545 2964 2600 3022 t,

1562 3037 1641 3098 43,
1679 3039 1760 3087 24τ
1797 3038 2230 3100 ηοω--αηιὶωηι,
2269 3039 2396 3088 Stat.
2433 3038 2599 3088 Theb.

1558 3113 1622 3173 2,
1659 3112 1779 3162 274:
1815 3113 2018 3173 notique
2047 3126 2254 3174 operum
2289 3113 2544 3162 Telchines,

1625 3188 1672 3236 7.
1711 3186 1841 3250 ayet]
1881 3188 2070 3237 «Fama
2098 3200 2222 3238 eum
2242 3187 2419 3248 vehet,
2459 3186 2602 3237 tollet

1558 3260 1655 3311 alis
1689 3263 1798 3310 suis
1833 3274 1932 3325 per
1965 3260 2240 3325 populos»
2292 3263 2432 3325 Virg.
2469 3265 2598 3312 Aen.

1559 3337 1615 3396 9,
1656 3336 1779 3387 473:
1825 3337 2045 3397 pinnata
2080 3350 2178 3398 per
2209 3337 2381 3386 urbem
2412 3338 2605 3385 Nuntia

1558 3412 1720 3460 Fama
1752 3412 1871 3459 ruit.
1912 3413 2150 3473 Propert.
2189 3410 2251 3470 3,
2290 3412 2346 3469 4,
2384 3411 2443 3459 9;
2498 3412 2604 3470 Quo

1557 3498 1637 3534 me
1679 3486 1840 3534 Fama
1882 3486 2013 3534 levat
2055 3490 2196 3534 terra
2239 3483 2458 3532 sublimis
2498 3485 2599 3532 cet.

1560 3560 1754 3608 Notum
1781 3560 2072 3608 Ennianum
2097 3556 2248 3607 illud:
2294 3557 2448 3606 Volito
2468 3558 2601 3607 vivu'

1550 3646 1648 3694 per
1679 3647 1774 3681 ora
1804 3634 1987 3682 virum.
2057 3632 2180 3696 Ayet
2208 3633 2388 3680 autem
2411 3628 2603 3681 clarius

1559 3720 1723 3770 quam
1756 3709 1864 3770 aqit
1896 3706 2154 3769 significat
2175 3706 2482 3754 duraturam
2507 3719 2605 3769 per

1558 3794 1718 3831 omne
1780 3781 2014 3830 futurum
2077 3782 2289 3842 tempus
2345 3777 2601 3829 Proculeii

1559 3857 1864 3912 etiamtum,
1902 3856 1960 3902 ut
1981 3853 2214 3912 videtur,
2251 3854 2474 3903 viventis
2495 3852 2605 3903 lau-

1559 3928 1710 3986 dem;
1749 3941 1812 3978 ac
1846 3929 2125 3991 praeterea
2168 3926 2342 3976 futuro
2377 3927 2518 3976 lavet
2546 3941 2597 3976 v.

1554 4003 1701 4052 vivet.
1757 4029 1811 4038 —
1857 4006 2100 4051 metuente
2130 4000 2269 4064 solvi]
2306 3999 2601 4067 πεφυλαγ-

1555 4079 1702 4148 μένῃ
1720 4072 1979 4135 λύεσθαι,
2000 4079 2219 4126 cavente
2236 4075 2598 4140 languescere3

1558 4153 1739 4201 «euius
1774 4149 1912 4200 nulla
1946 4163 2184 4214 unquam
2218 4149 2492 4201 dissolutio
2519 4153 2603 4201 est

1850 4226 1944 4275 Od.
1984 4227 2031 4286 3,
2073 4227 2157 4282 44,
2199 4229 2284 4275 4οῑ
2333 4227 2604 4287 annuaque
