3234 4975
655 367 779 432 472

1424 372 1682 424 nolum
1716 374 2055 427 CARumuu

1315 917 2146 981 cmm·

814 1086 1068 1153 Intactis
1111 1085 1474 1173 opulentior

899 1206 1241 1273 Thesauris
1283 1205 1566 1273 Arabum
1609 1216 1675 1275 et
1716 1207 1929 1275 divitis
1973 1208 2191 1275 Indiae

815 1326 1175 1394 Caementis
1219 1326 1366 1395 licet
1407 1347 1691 1415 occupes

771 1561 945 1612 XXIV.
997 1562 1165 1612 Inscr.
1202 1559 1340 1625 volg.
1392 1563 1453 1611 In
1485 1574 1689 1614 avaros.
1730 1589 1785 1598 —
1842 1561 1921 1614 Aa
1951 1561 2129 1614 divim
2159 1574 2349 1613 avaros
2381 1562 2549 1615 Codd.
2586 1565 2711 1615 mei.

708 1776 883 1826 XXIV.
921 1777 1249 1841 Exspectans
1283 1777 1423 1838 rore,
1460 1778 1519 1826 ut
1552 1776 1692 1826 Cae-

642 1862 731 1901 sar
780 1850 939 1900 finitis
983 1848 1137 1901 bellis
1187 1848 1427 1903 civilibus
1468 1852 1522 1902 in
1570 1863 1692 1901 mo-

642 1935 764 1974 rum
799 1924 1230 1974 emendationem
1252 1925 1375 1974 ante
1398 1926 1576 1975 omnia
1605 1925 1691 1976 in-

644 1995 892 2057 cumbat,
919 1999 1094 2061 poeta,
1122 2010 1285 2061 quam
1308 2001 1542 2063 corrupti
1563 2000 1686 2061 sint,

640 2068 975 2121 demonstrat
1007 2073 1061 2120 et
1093 2071 1346 2124 remediis
1378 2075 1539 2124 etiam
1571 2074 1692 2124 vio-

645 2141 800 2195 lentis
821 2145 1099 2208 pristinam
1121 2144 1511 2210 simplicitatem
1532 2150 1692 2198 resti·-

646 2216 902 2268 tuendam
925 2231 1046 2270 esse
1070 2221 1272 2270 censet.
1309 2223 1372 2273 Ut
1392 2222 1548 2274 huius
1568 2220 1689 2273 libri

642 2290 739 2342 Od.
766 2293 812 2341 4.
838 2292 888 2342 2.
914 2291 987 2354 3.,
1023 2294 1107 2343 est
1137 2307 1203 2345 ex
1234 2295 1298 2345 iis
1340 2297 1687 2360 carminibus,

641 2365 836 2428 quibus
859 2366 1004 2418 cives
1026 2380 1155 2419 suos
1178 2368 1244 2419 ad
1262 2369 1458 2420 avitam
1476 2384 1689 2421 morum

642 2440 1001 2491 innocentiam
1031 2443 1191 2506 atque
1224 2442 1577 2507 integritatem
1599 2458 1692 2497 re-

643 2526 840 2564 vocare
886 2516 1097 2578 studet,
1150 2517 1261 2568 sive
1301 2519 1570 2582 Augustus
1619 2520 1690 2571 ad

641 2585 775 2638 tales
798 2590 1159 2658 παραινέσεις
1183 2589 1533 2644 elaborandus
1562 2607 1689 2645 eum

641 2663 914 2724 excitavit,
951 2664 1064 2715 sive
1099 2666 1257 2729 poeta
1292 2666 1407 2730 ipse
1439 2667 1579 2718 ultro
1612 2669 1692 2719 in-

641 2733 864 2797 tellexit,
941 2751 1033 2789 eas
1075 2742 1250 2802 gratas
1317 2742 1374 2790 et
1440 2744 1689 2806 acceptas

640 2806 753 2858 fore
787 2810 1045 2875 principi,
1100 2825 1224 2863 cum
1269 2814 1421 2865 cuius
1455 2813 1687 2867 consiliis

638 2895 859 2947 prorsus
910 2885 1326 2937 concordabant.
1396 2890 1498 2952 Ipsi
1548 2903 1688 2953 quo-

639 2969 745 3019 que
782 2958 1114 3021 temporibus
1147 2960 1368 3013 idoneas
1402 2974 1522 3013 esse
1545 2965 1687 3014 visas

641 3034 1066 3083 consentaneum
1114 3036 1212 3085 est.
1302 3036 1687 3101 (compositum

639 3106 853 3156 videtur
884 3118 984 3169 per
1017 3119 1066 3156 a.
1105 3108 1404 3171 725—726.)

708 3210 755 3261 4.
813 3214 1042 3280 Intactis]
1113 3218 1391 3282 «integris,
1450 3222 1690 3273 nondum

638 3284 692 3334 in
743 3286 1103 3342 Romanorum
1149 3294 1472 3355 potestatem
1528 3297 1690 3348 reda-

641 3360 791 3410 ctis.»
827 3363 924 3413 Od.
947 3365 1099 3427 ⁴,29,
1126 3366 1187 3414 ⁴:
1224 3366 1690 3421 beatis-Arabum-

639 3435 800 3498 qazis.
838 3438 996 3503 Prop.
1025 3440 1086 3500 2,
1115 3439 1205 3503 40,
1234 3443 1332 3492 ⁴5:
1367 3444 1514 3495 India
1544 3446 1684 3507 quin,

638 3509 882 3574 Anemo,
951 3517 1037 3563 tuo
1086 3514 1175 3565 dat
1221 3517 1351 3567 colla
1399 3520 1684 3583 mammo,

638 3584 704 3633 Et
736 3586 911 3636 doinus
941 3587 1159 3640 intactae
1192 3594 1239 3640 ιο
1263 3591 1430 3641 tremit
1447 3591 1683 3644 Arabiae.

703 3695 751 3746 3.
805 3696 855 3748 4.
910 3698 1210 3765 cameratis]
1248 3699 1353 3752 Cir.
1393 3701 1488 3753 Od.
1529 3703 1593 3765 3,
1635 3704 1682 3765 4,

636 3771 718 3822 36.
760 3799 815 3809 -
861 3786 1008 3824 maro
1037 3774 1328 3839 Apulicum]
1380 3778 1685 3841 oppositum

635 3845 928 3909 Tyrrheno.
997 3849 1111 3900 Miri
1157 3850 1337 3900 autem
1384 3863 1595 3902 errores
1630 3853 1684 3902 in

635 3919 689 3969 h.
715 3932 767 3969 v,
794 3933 825 3969 a
858 3920 1084 3973 librariis
1119 3923 1391 3974 commissi
1425 3925 1684 3987 originem

635 3993 838 4043 ducunt
869 4006 898 4042 a
941 3995 1206 4047 vocalium
1252 3999 1683 4049 concurrentium

636 4065 872 4116 elisione.
921 4069 1068 4131 (Cod.
1095 4069 1333 4121 Blandin.
1366 4072 1642 4136 antiquiss.
1669 4087 1679 4121 ε

633 4153 779 4191 maro
792 4141 1048 4203 publicum
1070 4156 1196 4194 cum
1226 4144 1383 4209 gloss,
1427 4143 1561 4197 «late
1584 4161 1687 4212 pa-

631 4214 824 4278 tens»)
850 4214 1120 4268 Sententia
1141 4220 1247 4269 est:
1276 4220 1453 4272 «Licet
1475 4219 1688 4286 amplis-

1765 1775 1929 1826 simas
1963 1776 2018 1825 et
2048 1774 2357 1840 magnificas
2378 1774 2528 1828 villas
2557 1776 2627 1827 ad
2647 1779 2813 1828 maris

1764 1846 1887 1900 litus
1923 1851 2166 1900 exstruas
2201 1852 2341 1900 cet.»

1828 1922 1958 1973 6-8.
1994 1923 2051 1972 Si
2072 1922 2199 1987 cet.]
2238 1923 2365 1975 «Ubi
2388 1926 2587 1988 tamen,
2622 1926 2683 1975 ut
2711 1923 2812 1974 fert

1764 2010 1946 2048 rerum
1979 1999 2191 2059 natura,
2237 1999 2540 2049 Necessitas
2572 1997 2815 2062 aliquan·

1764 2070 1833 2121 do
1869 2071 2091 2122 modum
2122 2072 2273 2135 ponit
2311 2073 2538 2137 inceptis
2581 2074 2685 2123 tuis
2719 2085 2815 2122 su-

1762 2144 1944 2210 perbis
1961 2184 1973 2208 ,
2032 2147 2197 2209 tuque
2231 2145 2286 2196 id
2319 2147 2485 2197 sentis
2503 2185 2515 2207 ‚
2562 2148 2617 2197 et
2664 2148 2813 2197 metu

1763 2218 2008 2270 dolorum
2032 2221 2326 2284 mortisque
2348 2221 2678 2285 propinquae
2701 2223 2814 2270 tor-

1763 2292 2003 2356 quebere
2053 2292 2355 2358 husu-aque
2397 2296 2629 2345 mortem
2676 2293 2815 2344 effu-

1763 2379 1889 2430 gere
1925 2366 2166 2418 studebis
2200 2370 2338 2418 cet.»
2366 2393 2425 2405 —
2457 2369 2585 2433 ficit]
2623 2367 2812 2421 Ultima

1763 2438 1968 2505 syllaba
2001 2441 2317 2508 producitur
2350 2455 2572 2495 caesura
2608 2444 2662 2494 et
2682 2445 2808 2495 arsi.

1764 2516 2146 2577 ConiOdi
2174 2517 2234 2579 3
2261 2515 2808 2580 36.,,.,,2644243

1763 2591 1843 2642 46.
1882 2590 1942 2652 3,
1970 2591 2059 2652 46,
2085 2591 2168 2641 26.
2218 2592 2624 2656 supervacanea
2656 2591 2814 2654 igitur

1762 2668 1847 2716 est
1878 2664 2052 2715 audax
2083 2663 2171 2715 illa
2221 2666 2591 2729 transpositio,
2644 2661 2808 2727 'quam

1762 2737 1953 2789 suadet
1985 2738 2170 2788 Axtius
2204 2736 2274 2787 ad
2307 2737 2616 2787 Vestritium
2648 2738 2805 2802 Spur.

1760 2826 1813 2877 p.
1842 2812 1972 2862 442.
2009 2811 2066 2860 Si
2087 2810 2291 2861 summis
2314 2811 2814 2875 adamantionosFiyit

1758 2884 2126 2936 verticibus.-
2162 2884 2559 2934 adamantinos-
2576 2885 2807 2951 -clavosJ

1761 2962 1987 3023 Semper
2031 2957 2371 3021 cogitandum
2404 2958 2474 3009 de
2506 2960 2676 3024 prima
2710 2973 2811 3009 no-

1761 3034 1903 3084 tione
1953 3046 2006 3082 v.
2051 3025 2316 3097 ἀδαμας,
2379 3032 2610 3083 «ferrum
2654 3033 2811 3084 indo-

1761 3107 1976 3165 mitum,
2014 3106 2411 3157 durissimum.»
2479 3104 2607 3156 Plat.
2657 3108 2805 3172 Reip.

1763 3181 1842 3231 40.
1864 3195 1917 3246 p.
1942 3182 2068 3231 646.
2099 3172 2709 3270 Ἀνάγκηςατρωιτον,
2727 3207 2810 3219 --

1762 3244 1833 3306 οὖ
1856 3252 2015 3321 τὴν·
2036 3250 2331 3322 ἠλακάτην
2352 3269 2413 3305 τε
2433 3256 2535 3306 καὶ
2556 3248 2692 3305 td*
2649 3272 2812 3321 am-

1760 3343 1937 3400 στρον
1987 3326 2134 3382 εἶναι
2188 3327 2253 3395 ἐξ
2306 3323 2638 3395 ἀδάμαντος
2685 3328 2805 3380 κτλ.

1760 3403 1907 3453 Pind.
1935 3406 2088 3468 Pyth.
2112 3404 2167 3467 4,
2193 3406 2291 3454 74·
2281 3441 2291 3452 .
2331 3405 2430 3466 Τίς
2461 3401 2525 3453 δὲ
2547 3401 2810 3466 κίνδυνος

1759 3481 2060 3549 κρατεροῖς
2078 3472 2413 3543 ἀδάμαντος
2428 3474 2605 3543 δῆσεν
2621 3470 2808 3540 ἅλοις

1758 3551 1909 3602 ldem
1947 3553 2028 3602 Fr.
2072 3553 2185 3603 ⁴20.
2235 3553 2463 3603 Boeckh.
2501 3551 2596 3602 Ed.
2636 3553 2764 3601 min.

1759 3622 2059 3713 Ταρτάρου
2096 3621 2335 3692 πυθμὴν
2360 3627 2546 3677 πιέσει
2569 3627 2622 3676 σ’
2657 3620 2811 3687 ἀφα-

1758 3698 1896 3763 νοῦς
1917 3696 2312 3771 σφυρηλάτοις
2333 3694 2630 3767 ἀνάγκαις.
2669 3702 2807 3751 Ano-

1758 3787 1953 3837 nymus
1988 3777 2041 3826 in
2057 3773 2320 3863 Sophocl.
2349 3776 2431 3826 Fr.
2467 3774 2583 3826 604.
2612 3774 2803 3824 Dind.:

1756 3844 2023 3919 Περιώσι
2046 3841 2284 3912 ἅφυκτά
2306 3862 2367 3899 τε
2388 3843 2580 3913 μήδεα
2602 3861 2807 3898 παντο-

1756 3919 1947 3974 δαπᾶν
1966 3921 2190 3984 βουλᾶν
2210 3917 2624 3989 ἀδαμαντίνως
2639 3918 2810 3984 ὑφαί-

1759 4011 1915 4049 νεται
1939 4000 2194 4070 κερκίσιν
2210 3994 2376 4049 Αἶσα.
2404 3996 2688 4049 oraculum
2708 3999 2809 4059 Py-

1761 4072 1899 4123 thiae
1934 4086 1964 4122 a
2005 4072 2078 4123 ud
2114 4073 2311 4124 Herod.
2347 4073 2408 4135 7,
2451 4071 2540 4123 444
2569 4086 2581 4119 :
2618 4070 2723 4121 Σοὶ
2744 4067 2808 4122 δὲ

1758 4141 1872 4197 τόδ’
1917 4161 1959 4195 α
1996 4160 2083 4209 τις
2138 4139 2281 4209 ἔπος
2334 4145 2475 4218 ἐρέω
2521 4139 2809 4209 ἀδάμαντι

1762 4216 2076 4285 πελάσσας.
2109 4248 2163 4258 -·
2196 4220 2333 4288 dira]
2367 4221 2451 4272 Sic
2473 4219 2642 4272 dirim
2663 4231 2808 4271 omen
