3234 4975
1225 393 1342 443 ΜΒ.
1382 394 1419 442 1.
1491 394 1548 443 C.
1588 395 1762 445 xxxi.

2501 395 2525 462 ·Ι
2542 396 2620 461 73

962 549 1058 613 Me
1104 547 1400 615 cichorea
1445 549 1757 638 levesque
1803 551 2071 617 malvae.

792 707 934 771 Frui
980 708 1218 794 paratis
1262 719 1328 773 et
1370 707 1584 774 valido
1633 708 1813 781 mihi,

788 830 1011 904 Lame,
1061 828 1266 895 dones
1311 840 1404 905 et,
1452 850 1725 917 precor,
1777 832 2024 919 integra

875 951 1033 1015 Cum
1080 962 1327 1025 mente,
1376 972 1496 1018 nec
1540 963 1793 1039 turpem
1838 965 2164 1021 senectam

958 1073 1206 1159 Degere
1248 1092 1373 1138 nec
1418 1071 1662 1139 cithara
1713 1086 2061 1141 carentem.

2531 1081 2613 1145 20

577 1225 655 1273 46.
692 1224 921 1272 cichorea
953 1224 1009 1273 T.
1054 1251 1106 1258 —
1148 1224 1225 1273 48.
1266 1225 1409 1273 Letoa
1450 1225 1573 1275 Mss.
1613 1225 1810 1275 Heiusii
1851 1226 2101 1276 Adversa
2138 1241 2190 1291 p.
2231 1229 2343 1278 469.
2388 1256 2441 1265 -
2480 1232 2540 1294 oe]

514 1298 694 1358 BSTd‚
734 1299 929 1348 «nostri
964 1297 1113 1347 libri»
1137 1300 1350 1359 namn,
1390 1299 1516 1358 CtF,

1554 1312 1616 1347 ac
1637 1296 1732 1359 bc,
1772 1300 1939 1350 Codd.
1968 1302 2212 1363 Cruquii,
2252 1304 2381 1353 Pott.
2410 1316 2546 1355 unus

511 1373 591 1431 42,
626 1372 1121 1436 BentleiuS..(atque
1153 1370 1185 1421 δ
1219 1386 1304 1436 ap.
1346 1373 1554 1422 Kirchn.
1596 1375 1829 1433 Quaestt.
1869 1375 1930 1423 N.
1971 1375 2148 1424 Horat.
2187 1389 2238 1440 p.
2279 1378 2379 1440 56.)

444 1506 534 1543 sus
567 1494 625 1552 2,
662 1495 753 1543 20:
791 1493 904 1542 boni
936 1494 1042 1542 suci
1076 1494 1258 1551 urtica,
1294 1495 1480 1543 malva.
1562 1507 1657 1543 nes
1702 1495 1829 1543 mihi
1864 1498 1919 1545 et
1951 1494 2124 1546 valido
2160 1500 2213 1546 et
2245 1498 2445 1561 integra
2481 1513 2604 1550 cum

445 1568 678 1618 Eandem
724 1569 1041 1618 sententiam
1089 1563 1122 1617 ὁ
1170 1564 1486 1634 παμφάγος
1562 1571 1739 1618 mente
1762 1571 1959 1632 paratis
1984 1570 2139 1629 frui»;
2177 1569 2427 1622 alterum:
2470 1576 2608 1624 «Do-

438 1636 676 1707 Ἀλκμὰν
720 1644 797 1692 sic
842 1644 1102 1706 expressit
1148 1644 1351 1705 Fragm.
1401 1645 1480 1693 47.
1558 1656 1655 1692 nes
1675 1644 1801 1692 mihi
1820 1644 2017 1707 degere
2036 1649 2368 1697 senectutem
2389 1661 2489 1697 nec
2507 1649 2608 1699 de-

440 1717 607 1780 Bergk
643 1718 711 1767 de
744 1731 828 1768 se:
874 1710 1013 1767 Οὔτι
1045 1713 1156 1805 γὰρ
1188 1712 1265 1783 ἦν’
1289 1731 1484 1784 τετυγ-

437 1806 615 1854 μενον
650 1785 828 1851 ἔσθει,
860 1786 1023 1841 Ἀλλὰ
1054 1807 1125 1841 τα
1164 1789 1331 1842 κοινὰ
1353 1789 1480 1862 γάρ,

438 1882 630 1938 ωσπερ
685 1862 720 1916 ὁ
775 1864 986 1932 δᾶμος,
1046 1865 1294 1918 Ζατεύει.
1356 1869 1479 1920 Eur.

440 1936 1481 2013 Fragm.1nc.4⁴4.1›ind.:dpxetpmpca

435 2013 608 2076 βιοτά
640 2032 745 2081 μοι
777 2013 1084 2085 σώφρονος
1118 2022 1410 2087 τραπεζης.

504 2093 617 2141 47-
638 2093 719 2140 20.
763 2094 1054 2156 paratisJ«
1031 2095 1277 2156 «partis»
1314 2093 1477 2144 Plaut.

438 2167 567 2216 Rud.
606 2166 741 2216 Prol.
781 2168 893 2217 38.:
942 2169 1061 2217 Rem
1095 2168 1212 2217 beno
1238 2174 1482 2230 paratam

435 2242 666 2291 comitate
692 2243 926 2304 perdidit.
1006 2244 1135 2308 Epp.
1175 2246 1234 2303 4,
1272 2246 1331 2304 2,
1377 2244 1475 2293 50:

432 2318 754 2377 comportatis
804 2317 950 2366 rebus
1005 2318 1123 2367 bene
1153 2345 1181 2354 -
1212 2320 1303 2367 uti.
1395 2319 1479 2367 Sic

433 2391 606 2454 potius
631 2389 934 2455 explicarim
959 2405 1149 2455 quam:
1190 2393 1301 2453 «iis,
1340 2406 1477 2456 quae

432 2467 676 2529 prompta
694 2467 815 2514 sunt
833 2468 886 2516 et
907 2465 1074 2517 facilia
1096 2470 1337 2531 paratu.»
1373 2469 1481 2518 Me-

432 2539 636 2588 nander
680 2541 731 2589 in
778 2539 996 2591 Κόλακι
1040 2556 1093 2605 p.
1135 2543 1245 2592 404.
1284 2544 1473 2592 Mein.:

430 2612 591 2676 θεοῖς
607 2608 935 2678 Ὀλυμπίοις
957 2611 1267 2681 εὐχώμεθα
1282 2611 1478 2680 Ὀλυμ·

432 2689 619 2737 πίαισι
673 2686 816 2739 πᾶσι
871 2687 1083 2752 πάσαις
1121 2721 1150 2729 -
1188 2719 1217 2729 -
1256 2687 1475 2740 διδόναι

429 2767 739 2833 σωτηρίαν,
768 2759 1001 2832 ὑγίειαν,
1038 2761 1231 2832 ἀγαθὰ
1266 2765 1471 2826 πολλά,

431 2836 543 2889 τῶν
586 2837 768 2889 ὄντων
815 2855 873 2890 τε
918 2836 1022 2892 νῦν
1059 2837 1296 2908 ἀγαθῶν
1334 2836 1474 2907 ὄνη-

428 2930 523 2964 σιν
557 2911 714 2965 πᾶσι.
759 2943 812 2951 —-
854 2915 1029 2979 Latoe]
1064 2930 1093 2965 a
1117 2920 1317 2967 Graeco
1352 2917 1473 2983 Λη-

426 2985 601 3054 τῷος,
654 2987 921 3056 Λατῷος,
974 2994 1033 3041 ut
1064 2992 1219 3041 Anth.
1257 2991 1362 3042 Pal.
1410 2993 1468 3052 4,

427 3065 547 3114 278:
600 3064 828 3130 Λατῴα.
877 3066 1079 3115 Seneca
1125 3066 1307 3131 oedip.
1345 3067 1466 3116 230:

426 3139 579 3187 Letoa
597 3145 752 3200 vates,
778 3140 981 3203 Pythia.
1009 3142 1072 3189 Et
1090 3141 1227 3189 hanc
1246 3140 1469 3191 formam

425 3213 578 3261 Letoa·
625 3214 755 3263 Cod.
816 3214 960 3264 Leid.
1013 3214 1350 3279 praeferebat
1405 3218 1466 3265 N.

425 3286 685 3337 Heinsius).
724 3288 871 3338 ovid.
909 3291 1033 3339 Met.
1070 3291 1119 3349 7,
1157 3288 1269 3340 384.
1308 3291 1356 3351 8,
1386 3291 1464 3340 ⁴5.

424 3361 505 3420 44,
534 3361 646 3410 496.
684 3364 846 3413 utitur
869 3363 1052 3414 formis
1074 3365 1251 3425 Letoi-³,
1277 3365 1466 3426 Letoia,

424 3436 633 3485 Latoius.
664 3464 718 3473 ·-
746 3438 1086 3503 Respondere
1112 3439 1213 3489 sibi
1236 3446 1283 3489 et
1300 3441 1468 3489 valido

423 3510 584 3572 (quod
619 3511 687 3560 ad
732 3525 925 3576 corpus
959 3513 1156 3576 attinet)
1194 3519 1239 3562 οι
1270 3514 1469 3577 intem-a

419 3597 534 3634 cum
564 3591 726 3635 mente
758 3600 862 3636 non
894 3590 1276 3653 perspicientes
1305 3590 1469 3653 scrip-

420 3661 605 3708 serunt
637 3664 695 3709 at
718 3674 900 3723 precor
932 3661 1035 3723 alii,
1074 3662 1161 3712 alii
1184 3677 1461 3725 acprocor.

422 3732 651 3784 [avenai.
692 3735 772 3794 40,
810 3736 930 3786 356:
986 3738 1246 3787 orandum
1279 3743 1374 3800 est,
1409 3743 1467 3787 ut

416 3807 1304 3874 mmmmmcorporesano.
1366 3815 1463 3864 Se-

421 3893 553 3930 neca
586 3883 680 3947 Ep.
720 3886 808 3933 ⁴0:
854 3887 992 3951 Roqa
1025 3888 1207 3938 bonam
1232 3894 1459 3951 mentm,

418 3955 599 4006 bonam
616 3958 945 4010 valetudinem
965 3963 1142 4024 misni,
1167 3963 1341 4012 deindo
1355 3977 1465 4012 cor-

412 4032 566 4092 poris.
658 4033 775 4083 Duo
831 4035 984 4098 igitur
1037 4038 1144 4087 voti
1194 4038 1459 4088 Horatiani

418 4106 661 4158 membra
694 4108 829 4159 haec
851 4113 1001 4170 sunt3
1039 4111 1288 4163 alterum:
1329 4113 1463 4163 «Do-

1557 1720 1796 1780 spectam
1833 1732 2008 1782 neque
2042 1713 2309 1790 ἄλυρον.»
2352 1722 2459 1771 Cic.
2489 1724 2601 1774 Cat.

1559 1793 1682 1841 mai.
1698 1794 1786 1841 20:
1815 1794 1912 1842 Sed
1925 1795 2121 1843 vivendi
2134 1796 2250 1859 finis
2281 1800 2350 1845 ost
2366 1799 2601 1859 optimus,

1555 1880 1670 1916 cum
1718 1868 1916 1930 integra
1961 1873 2122 1918 metue
2170 1872 2439 1932 ceterisque
2491 1885 2604 1921 son-

1553 1941 1686 1989 sibus
1727 1955 1851 2002 opus
1893 1943 2006 2003 ipsa
2046 1956 2193 1992 autom
2225 1946 2421 2005 eadam,
2475 1960 2605 2007 quae

1554 2018 1918 2078 coaqmentavit
1935 2055 1952 2077 ‚
2009 2023 2201 2067 natura
2253 2020 2487 2069 dissolvit.
2547 2049 2599 2057 -

1553 2091 1753 2153 inteyra
1792 2104 1907 2139 cum
1945 2093 2120 2156 mente]
2158 2106 2263 2142 non
2297 2098 2378 2144 est
2409 2096 2606 2145 scetem

1546 2178 1688 2227 pura
1736 2165 1845 2227 (Od.
1889 2167 1944 2227 4,
1995 2169 2084 2226 22,
2125 2168 2212 2228 4.),
2264 2169 2358 2219 sed
2407 2184 2597 2231 «sana,

1554 2252 1744 2289 omnes
1799 2253 1924 2290 suas
1982 2242 2122 2291 vires
2184 2249 2597 2295 conservante.»

1558 2340 1611 2349 -
1662 2315 1873 2378 cuman]
1921 2316 2212 2367 «miseram
2260 2321 2314 2367 et
2358 2322 2600 2368 contem-

1551 2389 1698 2452 ptam
1732 2392 1952 2452 propter
1986 2390 2146 2439 animi
2181 2393 2233 2439 et
2257 2392 2495 2455 corporis
2517 2393 2599 2441 vi-

1551 2476 1641 2514 res
1676 2461 1971 2514 debilitatus
2007 2466 2166 2528 atque
2192 2467 2528 2516 exstinctae.»

1616 2540 1699 2587 20.
1767 2539 1967 2587 cithara
2020 2541 2284 2604 carentem]
2343 2536 2559 2610 ἄλυρον
2580 2579 2594 2600 ,

1553 2613 1638 2660 «in
1672 2625 1776 2674 qua
1815 2613 2036 2675 poeticis
2070 2613 2256 2663 studiis
2291 2616 2595 2665 renuntiare

1550 2699 1770 2749 cogar.»
1807 2688 1982 2774 Eurip.
2023 2688 2178 2737 Herc.
2218 2687 2315 2737 fur.
2347 2690 2469 2738 676:
2509 2686 2595 2753 μὴ

1548 2757 1698 2826 ζῴην
1750 2775 1857 2825 μετ
1918 2755 2242 2825 ἀμουσίας,
2300 2757 2388 2812 ἀεὶ
2439 2760 2484 2812 δ’
2533 2766 2596 2815 ἐν

1547 2832 1926 2896 στεφάνοισιν
1968 2833 2118 2900 εἴην·
2159 2831 2243 2886 ἔτι
2283 2851 2374 2887 τοι
2415 2839 2595 2909 γέρων

1545 2903 1744 2972 ἀοιδὸς
1779 2906 2005 2959 κελαδεῖ
2021 2907 2434 2975 Μναμοσύναν.
2495 2914 2596 2963 Eu-

1544 2986 1644 3049 rip.
1701 2988 1903 3049 Fragm
1959 2987 2207 3037 Erechth.
2262 2988 2341 3037 43.
2401 2987 2589 3038 Dind.:

1546 3061 1774 3111 Κείσθω
1806 3057 1944 3132 δόρυ
1978 3077 2083 3126 μοι
2104 3063 2277 3127 μίτον
2297 3056 2590 3128 ἀμφιπλέ-

1543 3151 1666 3187 κειν
1694 3131 2019 3207 Ἀράχναις,
2064 3134 2212 3203 μετὰ
2256 3136 2301 3188 δ’
2339 3133 2592 3203 ἡσυχίας

1544 3209 1723 3277 πολιῷ
1758 3208 1917 3282 Γήρᾳ
1939 3215 2295 3278 συνοικοίην·
2328 3208 2590 3278 Ἀείδοιμι

1542 3285 1604 3336 δὲ
1627 3283 1939 3349 στεφάνοις
1959 3284 2110 3359 κάρα
2130 3285 2348 3338 Πολιὸν
2370 3303 2590 3349 στεφα-

1543 3358 1768 3424 νώσας,
1830 3361 2107 3432 Θρηΐκιον
2172 3361 2380 3413 πελταν
2445 3360 2591 3433 πρὸς

1536 3431 1776 3499 Ἀθάνας
1827 3437 2159 3508 Περικίοσιν
2219 3433 2590 3522 ἀγκρεμάσας

1540 3508 1858 3576 θαλάμοις,
1915 3511 2138 3562 Δέλτων
2193 3527 2224 3561 τ
2290 3507 2587 3562 ἀναπτύσ-

1540 3601 1706 3651 σοιμι
1738 3584 1936 3656 γῆρυν,
1959 3581 2053 3636 Ἀν
2085 3587 2265 3648 σοφοὶ
2303 3584 2584 3637 κλέονται.

1538 3662 1801 3724 Theognis
1857 3662 1969 3711 789.
2023 3662 2225 3724 Bergk:
2297 3657 2393 3725 Μή
2448 3665 2588 3713 ποτέ

1535 3751 1642 3801 μοι
1672 3733 1968 3801 μελέδημα
2000 3733 2274 3805 νεώτερον
2300 3729 2445 3785 ἄλλο
2465 3751 2586 3798 φα-

1536 3812 1660 3876 νείη
1691 3805 1823 3860 'Ant
1855 3806 2063 3879 αρετῆς
2096 3811 2313 3875 σοφίης
2341 3811 2402 3872 τ,
2438 3806 2586 3861 ἀλλὰ

1536 3882 1651 3936 τόδ’
1702 3884 1827 3936 αἰὲν
1872 3882 2023 3945 εχων
2068 3886 2392 3954 Τερποίμην
2432 3883 2586 3956 φόρ-

1533 3976 1695 4028 μιγγι
1749 3961 1846 4012 καὶ
1902 3954 2184 4047 ὀρχηθμῷ
2237 3961 2337 4012 καὶ
2386 3955 2581 4031 ἀοιδῇ,

1535 4036 1648 4087 Καὶ
1701 4032 1848 4101 μετὰ
1899 4032 2014 4086 τῶν
2068 4030 2305 4102 ἀγαθῶν
2365 4031 2585 4089 ἐσθλὸν

1531 4105 1730 4175 ἔχοιμι
1765 4107 1924 4160 νόον.

2228 4269 2262 4302 Ι
