3234 4975
1208 399 1325 451 Lm.
1363 399 1403 447 1.
1474 399 1531 448 C.
1569 398 1698 449 xxi.

2460 389 2583 455 ⁴27

967 557 1178 645 Nigris
1221 565 1330 622 aut
1372 552 1742 645 Erymanthi

1049 677 1236 745 Silvis
1282 687 1392 743 aut
1433 675 1659 743 viridis
1705 676 1931 763 Cragi;

753 841 877 905 Vos
924 840 1160 925 Tempe
1207 835 1471 902 totidem
1514 833 1713 902 tollite
1755 833 2058 901 laudibus

749 957 1167 1046 Natalemque
1182 1010 1196 1035 ‚
1251 978 1496 1034 mares,

1544 955 1750 1023 Delon
1795 954 2133 1044 Apollinis,
2503 957 2584 1022 lo

963 1081 1416 1168 Insignemque
1459 1079 1764 1167 pharetra

1047 1206 1482 1291 Fraternaque
1526 1199 1865 1267 humerum
1913 1198 2073 1291 lyra.

547 1374 595 1424 8.
635 1374 796 1438 oram·
827 1373 1137 1433 Bbs‘rcdss.

415 1514 692 1563 amoenior
735 1526 862 1563 cum
911 1513 1142 1577 pascuis)
1189 1513 1459 1576 pronum,

416 1590 502 1639 est
548 1589 601 1639 in
642 1590 764 1651 iugo
806 1587 982 1652 aliquo
1023 1588 1256 1643 ,editiore
1307 1601 1463 1639 mon-

416 1664 576 1721 tium,
617 1674 753 1725 quos
786 1664 1049 1723 nominat,
1089 1666 1144 1714 et
1173 1665 1460 1727 propterea

415 1735 522 1787 late
572 1737 946 1799 conspicitur.»
1029 1737 1110 1788 Ad
1161 1750 1318 1787 usum
1372 1750 1457 1785 vv.

414 1811 543 1860 silva
592 1814 647 1860 et
688 1823 860 1860 nanus
900 1812 995 1861 cfr.
1042 1813 1184 1875 virg.
1233 1814 1363 1861 Aen.
1412 1812 1457 1869 4,

419 1884 542 1935 ⁴64:
580 1890 686 1933 tum
717 1886 855 1934 silvis
884 1900 1034 1935 scena
1064 1887 1464 1936 conascisDesu-

420 2038 504 2083 net
533 2034 732 2083 mnbra.
772 2036 919 2085 Ovid.
959 2037 1080 2087 Met.
1121 2037 1169 2095 4,
1206 2035 1328 2086 568:
1375 2036 1465 2084 Est

417 2122 590 2159 nanus
621 2110 925 2160 Hemoniae
958 2112 1208 2175 (Tempe),
1239 2125 1462 2173 praem-

413 2189 508 2246 ραι
541 2184 673 2246 quod
700 2186 920 2247 undique
950 2186 1139 2235 claudit
1170 2186 1325 2235 Silva.
1379 2184 1455 2236 Id.

416 2262 476 2309 Α.
514 2260 574 2309 Α.
612 2260 661 2319 3,
699 2260 820 2310 689;
858 2260 1462 2310 δίωαηοηωεηοπαὶεα

413 2334 554 2398 facit.
594 2361 650 2372 -—
684 2334 914 2398 Aloidas,
966 2349 1121 2386 mons
1155 2336 1284 2386 Latii
1321 2336 1460 2385 inter

414 2407 703 2459 Tusculum
758 2412 813 2459 et
876 2412 1116 2460 montem
1176 2409 1456 2469 Albanum,

416 2483 631 2534 circiter
662 2484 769 2534 XX.
809 2486 877 2536 M.
903 2488 960 2536 P.
997 2499 1028 2534 a
1051 2486 1214 2535 Roma
1238 2484 1457 2546 distanti,

416 2571 584 2622 quem
615 2559 790 2608 Diana
820 2564 948 2609 tenet
982 2560 1174 2622 (Carm.
1200 2572 1311 2610 sec.
1338 2558 1460 2621 69.),

416 2632 577 2682 hodie
633 2634 803 2682 Monte
846 2634 1053 2694 Pon-zio,
1106 2634 1362 2696 Con-patri
1409 2631 1465 2683 et

415 2709 580 2757 Rocca
609 2708 807 2757 Priora
844 2709 1074 2758 Nivalem
1105 2712 1262 2758 vocat
1288 2708 1383 2759 od.
1410 2707 1459 2768 3,

483 2855 531 2904 7.
587 2855 778 2918 Nigris]
827 2854 1116 2907 umbrosis.
1171 2856 1266 2906 Od.
1313 2854 1460 2917 4‚·4,

417 2929 510 2980 58:
559 2929 740 2993 niqrae
770 2930 930 2993 feraci
959 2931 1154 2994 frondis
1183 2932 1238 2979 in
1268 2932 1461 2995 Alqido.

415 3004 513 3054 od.
541 3002 589 3064 4,
616 3005 696 3064 ⁴2,
724 3005 815 3054 ⁴⁴:
852 3007 989 3069 niyri
1020 3006 1166 3056 colles
1196 3006 1460 3056 Arcadiae.

416 3077 564 3128 ovid.
603 3080 739 3129 Fast.
778 3080 826 3140 3,
862 3080 984 3130 295:
1036 3082 1200 3131 Lucus
1229 3081 1466 3131 Aventino

415 3153 619 3203 sicher-at
668 3154 815 3217 niger
865 3154 994 3204 ilicis
1045 3155 1241 3205 umbra.
1321 3156 1462 3218 virg.

420 3231 551 3278 Aen.
591 3229 638 3289 4,
677 3228 1010 3279 4651atrum
1039 3243 1227 3280 narnus.
1259 3257 1314 3266 -
1339 3231 1470 3291 Ery-

415 3303 672 3362 manthus,
698 3315 855 3353 mons
876 3305 1152 3364 Arcadiae,
1177 3304 1269 3354 ubi
1295 3305 1355 3354 D.
1377 3318 1469 3354 ve-

422 3379 594 3427 natur.
622 3377 812 3440 Odyss.
838 3381 884 3441 ζ,
922 3380 1042 3429 ⁴02:
1080 3378 1187 3445 Οἴη
1208 3377 1256 3429 δ’
1276 3373 1466 3450 ’Ἀρτε-

417 3467 519 3515 μις
568 3446 681 3501 εἶσι
732 3454 857 3501 κατ’
916 3447 1120 3524 οὔρεος
1181 3456 1463 3525 ἰοχέαιρα,

402 3521 491 3577 ”H
537 3523 686 3577 κατὰ
743 3521 1031 3595 Τηΰγετον
1085 3527 1466 3601 περιμήκετον

418 3597 461 3669 ἧ
488 3597 875 3673 Ἐρύμανθον.
913 3604 1082 3655 Hodie
1117 3606 1312 3666 ozonos,
1351 3604 1466 3656 aliis

417 3679 734 3728 Dimitzana.

484 3752 531 3802 8.
579 3753 789 3816 cram,
827 3752 1021 3815 Lyciae
1056 3765 1230 3813 mons,
1268 3755 1321 3803 in
1355 3767 1463 3816 quo

417 3823 569 3876 θεῶν
616 3820 831 3894 ἀγρίων
879 3818 1077 3898 ἄντρα.
1164 3828 1464 3891 Stephanus

420 3902 474 3951 in
506 3915 557 3950 v.
595 3901 761 3952 Hodie
802 3903 919 3951 Yedi
955 3903 1223 3964 Bouroun,
1267 3902 1322 3951 id
1361 3904 1460 3960 est,

419 3977 627 4038 septem
661 3977 861 4039 capita:
899 3979 1022 4026 octo
1043 3978 1273 4026 vertices
1297 3977 1346 4025 ei
1369 3977 1464 4024 tri—

419 4049 537 4099 buit
576 4049 766 4099 Strabo
807 4050 886 4101 ⁴4.
931 4063 985 4114 p.
1030 4050 1143 4100 665.
1185 4076 1240 4086 —-
1283 4051 1465 4100 Viridis

419 4122 663 4174 consulto
695 4123 905 4174 videtur
926 4125 1123 4188 opponi
1154 4125 1316 4188 nigris
1334 4125 1466 4185 Ery-

416 4199 611 4248 manthi
642 4198 782 4247 silvis
810 4200 1037 4263 propter
1069 4197 1341 4249 diversum
1374 4210 1464 4247 ar-

420 4272 612 4323 borum
632 4285 818 4337 genus,
843 4271 1038 4336 quihus
1060 4275 1285 4336 uterque
1308 4284 1463 4323 mons

1533 1508 1740 1560 obsitus
1791 1511 1941 1571 erat,
1994 1510 2197 1573 Cragus
2247 1511 2576 1575 quercubus,

1535 1585 1666 1648 fagis
1700 1587 1826 1645 cet„
1863 1583 1948 1636 ille
1990 1584 2277 1647 abietibus,
2325 1588 2479 1651 pinis.

1599 1660 1649 1710 9.
1691 1661 1878 1723 Tempe,
1918 1662 2296 1711 amoenissima
2334 1661 2583 1713 convallis

1535 1736 1674 1784 inter
1714 1734 1999 1799 Olympum
2042 1738 2098 1786 et
2138 1736 2343 1787 Ossam.
2379 1736 2580 1788 Aelian.

1535 1809 1593 1856 V.
1652 1810 1711 1859 H.
1766 1809 1815 1869 3,
1869 1812 1928 1860 4ε
1998 1806 2252 1860 ἐνταῦθά
2293 1812 2386 1862 τοι
2431 1827 2583 1874 φασι

1538 1881 1739 1947 παῖδες
1779 1882 2075 1935 Θετταλῶν
2115 1886 2215 1936 καὶ
2255 1882 2357 1936 τὸν
2395 1881 2585 1938 Ἀπόλ-

1536 1957 1692 2008 λωνα
1746 1954 1850 2008 τὸν
1917 1956 2142 2010 Πύθιον
2207 1957 2365 2027 καθή

2367 1962 2585 2031 ρασθαι

1532 2029 1686 2084 κατὰ
1737 2048 1777 2083 π

1780 2030 2084 2104 ρόσταγμα
2120 2031 2224 2086 τοῦ
2268 2033 2433 2099 Διός,
2486 2031 2586 2088 ὅτε

1533 2104 1635 2158 τὸν
1666 2103 1921 2158 Πύθωνα
1952 2105 2056 2159 τὸν
2088 2106 2377 2179 δράκοντα
2410 2126 2582 2163 κατε-

1529 2179 1803 2246 τόξευσεν
1870 2178 1954 2233 ἔτι
2008 2181 2376 2245 φυλάττοντα
2440 2182 2583 2251 τοὺς

1530 2254 1826 2320 Δελφούς,
1882 2254 1987 2323 τῆς
2036 2257 2153 2323 Γῆς
2201 2257 2457 2325 ἐχούσης
2505 2259 2577 2311 τὸ

1528 2338 1819 2398 μαντεῖον.
1902 2332 2053 2393 Quod
2099 2333 2332 2385 nonnulli
2378 2337 2577 2400 Tempe

1530 2409 1804 2459 Musarum
1866 2407 2054 2458 sedem
2109 2411 2336 2469 vocant,
2401 2412 2584 2461 nititur

1530 2481 1662 2534 falsa
1695 2481 1922 2533 lectione
1959 2480 2145 2534 Catulli
2180 2482 2263 2544 64,
2299 2484 2414 2534 287.

1599 2559 1679 2607 40.
1749 2558 1933 2620 mares]
1991 2558 2150 2621 Soph.
2205 2559 2393 2609 Trach.
2451 2561 2548 2610 207
2566 2575 2578 2609 ε

1534 2630 1598 2683 ἐν
1629 2628 1691 2681 δὲ
1713 2626 1911 2693 κοινὸς
1932 2624 2191 2700 ἀρσένων
2213 2630 2313 2681 ἴτω
2336 2630 2576 2699 κλαγγά.

1534 2706 1811 2759 Manifesto
1843 2719 1895 2754 v.
1933 2707 1982 2754 ὅ.
2020 2704 2307 2769 alloquitur
2334 2709 2581 2771 vir-ymen

1535 2784 1623 2832 hic
1658 2794 1716 2831 se
1753 2780 1819 2829 ad
1852 2793 2038 2842 pueros
2081 2782 2368 2842 convertit,
2417 2782 2584 2832 adeo-

1536 2870 1643 2920 que
1687 2867 1910 2918 operam
1952 2852 2093 2912 lusit‚
2139 2855 2228 2917 qui
2278 2869 2377 2919 pro
2415 2870 2585 2907 marea

1534 2929 1814 2996 proposuit
1853 2941 2071 2977 sacram.
2114 2956 2168 2963 —
2216 2930 2366 2979 Delos
2404 2932 2582 2994 prisco

1537 3005 1750 3055 nomine
1794 3005 2032 3066 Ortygia,
2091 3004 2237 3066 quod
2278 3004 2423 3055 idem
2468 3008 2583 3056 erat

1536 3078 1885 3143 gemellorum
1920 3078 2156 3129 nutricis.
2215 3079 2347 3130 Vide
2368 3079 2582 3143 ‘insigne

1537 3155 1945 3205 monumentum
1979 3154 2209 3203 Latonae
2243 3168 2368 3204 cum
2400 3153 2583 3205 liberis

1538 3242 1601 3278 ac
1636 3229 1841 3277 nutrice
1878 3228 1929 3277 in
1962 3227 2145 3277 Annali
2165 3227 2274 3277 dou’
2295 3230 2414 3279 [nst.
2439 3229 2578 3278 arch.

1540 3304 1684 3354 ⁴829.
1722 3316 1774 3366 p.
1812 3302 1925 3352 395.

1604 3379 1683 3427 Η.
1731 3377 1996 3441 Insiynom]
2033 3378 2322 3428 Consta-ue:
2359 3378 2585 3427 Laudato

1534 3451 1813 3512 Apollinem
1844 3452 2087 3515 insignem
2117 3452 2377 3501 hunorum
2411 3453 2584 3515 (accu-

1537 3527 1707 3577 sativo
1751 3526 1999 3589 Graeco),
2054 3539 2159 3576 non
2206 3539 2365 3576 vero:
2417 3527 2584 3575 hume-

1535 3614 1653 3649 rum
1685 3600 1927 3663 insignem
1960 3600 2216 3662 Apollinis.
2285 3600 2388 3649 Cfr.
2428 3597 2575 3649 Pind.

1536 3675 1689 3737 Pyth.
1717 3674 1767 3735 9,
1791 3676 1880 3725 26:
1917 3667 2271 3744 εὗφαρέτρας
2291 3701 2321 3710 -
2343 3667 2583 3722 -Ἇπόλ-

1536 3746 1668 3798 λων.

1604 3825 1683 3872 ⁴2.
1722 3821 1987 3885 statana]
2025 3833 2186 3884 quam
2210 3834 2241 3870 a
2264 3821 2424 3872 fratre
2447 3823 2585 3873 Mer-

1536 3899 1705 3958 curi0‚
1742 3896 1879 3949 illius
1912 3897 2206 3956 inventore,
2243 3895 2384 3947 dono
2418 3910 2577 3947 acce-

1535 3973 1638 4035 pit;
1697 3985 1762 4021 ex
1816 3969 2172 4021 reconditiore
2223 3984 2353 4021 vero
2404 3970 2579 4022 fabula

1535 4047 1796 4097 Mercurio
1811 4045 1986 4109 lyram
2004 4046 2198 4110 eripuit
2211 4044 2413 4110 Apelle.
2451 4048 2582 4095 Pau-

1537 4133 1653 4169 san.
1690 4121 1738 4180 9,
1776 4120 1858 4179 30,
1897 4122 1951 4169 4ε
1998 4113 2279 4169 Ἀπόλλων
2328 4116 2582 4182 χαλκοῦς

1537 4192 1694 4245 ἐστὶν
1727 4193 1789 4244 ἐν
1815 4187 2082 4244 Ἑλικῶνι
2108 4194 2208 4245 καὶ
2234 4189 2456 4264 Ἐρμῆς
2474 4208 2582 4259 μα-

1538 4265 1780 4335 χόμενοι
1813 4269 1941 4339 περὶ
1971 4266 2076 4333 τῆς
2108 4264 2301 4338 λύρας.
