3234 4975
1224 415 1340 465 Lm.
1380 415 1417 464 1.
1490 415 1547 464 C.
1584 414 1669 464 XI.

2519 405 2589 472 74

537 570 964 660 Tyrrhenum,
1013 569 1261 656 sapiaS‚
1309 568 1456 634 vina
1500 567 1744 655 liques,
1793 578 1858 633 et
1900 567 2107 654 spatio
2149 566 2332 633 brevi

532 693 726 779 Spem
768 690 1023 778 longam
1067 710 1347 757 reseces,
1393 691 1562 755 Dum
1603 687 1944 777 loquimur,
1991 688 2220 773 fugerit
2260 687 2476 754 invida

532 814 758 880 Aetas:
806 832 1003 899 carpe
1049 810 1222 877 diem
1267 831 1464 899 quam
1506 810 1838 876 minimum
1881 807 2149 876 credula
2190 818 2469 897 postero.

573 1028 622 1076 7.
659 1027 859 1091 aemma
891 1029 948 1078 c.
988 1026 1274 1080 Fabricius.

448 1262 503 1309 et
535 1261 687 1323 quasi
718 1259 968 1316 miscent3
1014 1259 1189 1321 potest
1221 1258 1363 1307 enim
1398 1269 1489 1307 re-
1561 1255 1669 1308 fide
1724 1259 2022 1322 sequenti.»
2105 1258 2235 1325 Epp.
2297 1261 2344 1318 ⁴,

2403 1257 2452 1319 4,
2514 1257 2601 1307 ⁴3:

447 1331 580 1383 solvi
610 1330 695 1382 vel
732 1344 885 1381 «cum
919 1330 1086 1381 breve
1109 1332 1177 1382 sit
1206 1332 1346 1381 vitae
1370 1344 1491 1395 spa-
1563 1333 1768 1382 Omnem
1800 1333 1943 1382 crede
1976 1333 2106 1382 diem
2140 1333 2226 1382 tibi
2260 1333 2607 1383 dilavissesu-

446 1409 642 1466 tium»,
686 1407 747 1455 ut
777 1406 886 1455 Liv.
924 1404 972 1462 4,
1010 1403 1098 1455 4⁴:
1141 1419 1295 1455 orans
1325 1420 1388 1456 ne
1419 1419 1485 1467 se,

445 1481 581 1530 brevi
618 1481 811 1543 reliquo
850 1480 986 1530 vitae
1015 1480 1204 1542 spatio,
1255 1485 1361 1530 tam
1392 1484 1490 1531 tri-

443 1560 565 1605 stem
596 1555 827 1604 numium
867 1555 1003 1618 sen-e
1041 1556 1111 1604 ad
1143 1555 1491 1606 Cincinnatum

436 1635 759 1693 paterenew;
793 1627 881 1679 vel
906 1631 1162 1692 «propter
1182 1629 1347 1680 breve
1370 1642 1493 1693 spa-

444 1705 627 1754 tium.»
666 1731 721 1739 -
757 1703 960 1767 reseces]
1007 1715 1264 1767 «prorsus
1308 1704 1358 1753 ei
1400 1716 1490 1753 re-

444 1779 725 1838 nunties»,
775 1780 835 1828 ut
868 1777 1009 1841 apud
1044 1778 1153 1828 Cic,
1193 1777 1261 1828 ad
1296 1778 1398 1828 Au.
1438 1778 1485 1838 4,

447 1854 527 1914 48,
564 1854 620 1902 2:
657 1853 958 1902 resecandae
995 1852 1223 1902 libidinis.

509 1929 558 1977 7.
597 1928 645 1977 8.
694 1928 830 1977 Dum
860 1926 1092 1991 coqimur]
1140 1927 1288 1980 Adeo
1323 1939 1486 1990 saepe

444 2001 582 2052 haec
616 2001 837 2052 formula
873 2001 1014 2066 apud
1047 2003 1259 2052 Latinos
1293 2002 1492 2064 reperi-

441 2079 531 2126 tur
566 2079 631 2140 (v,
671 2075 912 2140 exempla
947 2075 1015 2126 ab
1050 2076 1276 2127 Hofman
1310 2073 1491 2125 Peerl-

441 2152 603 2215 kamp
639 2150 885 2201 collecta:
924 2152 1016 2201 ov.
1044 2153 1190 2201 Pont.
1229 2150 1278 2211 4,
1317 2149 1366 2208 3.
1404 2150 1484 2200 58.

441 2228 561 2276 Am.
603 2227 649 2282 ⁴,
689 2227 767 2287 ⁴⁴,
806 2227 918 2276 m:
954 2227 1091 2275 Dum
1123 2227 1327 2288 loquor,
1363 2226 1490 2274 hora

442 2301 593 2363 W·
646 2302 856 2349 Petron.
879 2300 959 2349 99.
997 2304 1191 2351 Auson.
1217 2300 1339 2350 Ros.
1366 2300 1488 2362 38.),

444 2377 509 2424 ut
539 2387 705 2439 prope
738 2372 1083 2439 proverbialis
1119 2374 1279 2425 fuisse
1312 2373 1492 2424 videa-

438 2452 531 2500 tur
581 2449 681 2500 hac
731 2450 1135 2513 significatione:
1184 2450 1325 2500 «hoc
1373 2451 1488 2514 ipso

439 2525 699 2588 temporis
720 2527 917 2589 puncto
952 2526 1112 2588 atque
1136 2522 1288 2587 longe
1314 2526 1483 2577 citius·

440 2612 604 2662 quam
636 2602 693 2648 tu
727 2599 1050 2650 arbitreris.»
1080 2624 1134 2634 -—
1169 2598 1371 2662 fugerit]
1410 2597 1490 2647 su-

438 2678 621 2724 turum
646 2676 907 2724 exactum.
945 2674 1028 2723 Sic
1051 2673 1261 2722 Lucret.
1290 2672 1337 2728 3,
1359 2672 1484 2721 927:

439 2748 604 2797 brevis
632 2748 711 2796 hic
751 2753 821 2797 est
859 2748 1053 2811 smcms
1083 2746 1310 2796 homullis
1318 2759 1337 2805 ;
1380 2748 1489 2795 Iam

436 2823 667 2885 suerit,
719 2836 877 2884 neque
918 2827 1030 2885 post
1070 2836 1296 2883 anquam
1340 2835 1489 2870 revo-

437 2909 562 2946 care
606 2896 780 2959 licebit.
852 2897 1078 2960 (Persius
1123 2899 1172 2958 5,
1212 2896 1332 2946 ⁴53:
1377 2896 1485 2959 hoc,

439 2971 576 3033 quod
623 2972 826 3033 loquor,
882 2973 996 3021 inde
1043 2972 1152 3034 est.)
1204 2999 1258 3007 —
1311 2972 1490 3020 Invida

439 3049 623 3096 autem
660 3048 742 3096 est
776 3048 941 3103 aetas,
985 3048 1248 3108 quatenus
1282 3044 1488 3094 diutur-

439 3133 544 3170 nae
609 3118 889 3183 voluptatis
954 3133 1171 3170 usuram
1239 3118 1482 3181 denegat.

439 3195 638 3256 «Carpe
668 3195 824 3257 igitur
854 3195 984 3243 diem
1019 3195 1139 3257 (non
1174 3196 1284 3243 tam
1308 3196 1366 3242 ut
1388 3193 1488 3241 sso-

440 3282 562 3319 rem
594 3268 680 3319 vel
714 3269 944 3319 fructum
983 3271 1278 3329 maturum,
1325 3280 1486 3331 quam

438 3346 500 3392 ut
522 3343 749 3394 dicimus
783 3343 972 3405 oscula,
1008 3343 1189 3403 cibmn,
1213 3344 1352 3393 viam
1372 3355 1489 3391 car-

430 3431 559 3480 pere
606 3430 731 3469 cum
772 3417 1057 3470 celeritatis
1103 3418 1331 3480 notione)
1385 3431 1484 3468 nec

1557 1420 1804 1469 premam.
1862 1406 2085 1458 Martial.
2122 1408 2172 1469 7,
2210 1406 2291 1467 47,
2331 1409 2418 1457 Νι
2495 1408 2609 1457 Vive

1559 1481 1695 1530 velut
1723 1485 1874 1544 rapto
1892 1480 2204 1545 fugitivaque
2222 1482 2416 1545 gaudia
2435 1495 2602 1543 carpe.

1562 1556 1735 1618 Atque
1777 1555 1881 1606 hoc
1923 1568 2023 1605 usu
2064 1556 2171 1605 iam
2204 1554 2431 1606 Lucilius
2465 1554 2601 1605 Gerl.

1559 1644 1615 1694 p.
1654 1630 1736 1690 68,
1773 1629 1863 1681 48:
1919 1631 2141 1681 Hiemem
2170 1644 2328 1680 unam
2360 1643 2609 1693 quatitque

1561 1718 1790 1766 carpam.
1832 1730 1887 1742 -
1929 1706 2063 1755 Cum
2114 1704 2209 1755 Od.
2260 1705 2344 1755 IX.
2400 1708 2455 1756 et
2504 1705 2606 1754 hoc

1563 1792 1782 1830 carmen
1816 1780 1969 1843 quasi
1990 1775 2168 1842 τύπος
2202 1781 2270 1831 sit
2301 1793 2365 1830 ac
2398 1779 2607 1844 species

1560 1855 1639 1903 tot
1670 1851 1936 1915 similium,
1974 1853 2169 1917 quibus
2200 1857 2356 1918 poeta
2392 1854 2460 1905 ad
2500 1852 2607 1904 lae-

1562 1930 1676 1978 tum
1719 1928 1816 1978 sed
1857 1927 2012 1979 simul
2054 1930 2351 1992 sapientem
2397 1931 2607 1990 tempe-

1563 2006 1845 2066 ratumque
1878 2003 2017 2052 vitae
2051 2016 2208 2053 usum
2245 2016 2342 2054 nos
2366 2002 2609 2052 exhorta-

1564 2082 1676 2138 tur,
1716 2077 1956 2127 indicatis
1989 2075 2178 2126 saltem
2212 2076 2423 2127 duobus
2458 2076 2607 2126 simi-

1562 2151 1700 2202 libus
1743 2152 1920 2215 Eurip.
1968 2149 2162 2201 Alcest.
2210 2151 2322 2201 782.
2360 2150 2514 2201 Dind.
2555 2152 2609 2200 et

1563 2224 1805 2275 Palladae
1859 2223 2065 2275 Anthol.
2120 2223 2223 2275 Pal.
2278 2226 2339 2275 11.
2387 2238 2441 2288 p.
2489 2225 2602 2274 339.

1563 2300 1826 2351 subiicere
1862 2299 2128 2350 orientalis
2152 2313 2365 2363 quoque
2400 2301 2607 2363 sapien-

1560 2376 1665 2424 tiae
1700 2375 1973 2439 specimen
2018 2375 2176 2424 iuvat.
2249 2373 2600 2423 Ecclesiastic.

1564 2450 1643 2512 44,
1706 2450 1793 2501 44:
1862 2445 1957 2515 Μὴ
2013 2443 2426 2521 ἀφυστερήσῃς
2485 2442 2604 2497 ἀπὸ

1562 2520 1790 2592 ἀγαθῆς
1817 2520 2053 2596 ἡμέρας,
2090 2526 2188 2575 καὶ
2220 2526 2384 2596 μερὶς
2405 2524 2604 2575 ἐπιθυ-

1561 2604 1701 2667 μίας
1741 2596 1971 2666 ἀγαθῆς
2009 2597 2095 2666 μή
2140 2615 2207 2650 σε
2256 2597 2600 2670 παρελθέτω.

1562 2676 1840 2740 Tharapha
1883 2675 2073 2725 Reiskii
2114 2688 2167 2738 p.
2213 2676 2305 2724 25:
2363 2675 2494 2723 Heus
2530 2678 2603 2733 tu,

1562 2752 1649 2814 qui
1688 2764 1767 2800 me
1806 2752 2081 2812 vituperas,
2135 2751 2266 2811 quod
2314 2749 2476 2797 adsim
2513 2762 2606 2796 vo-

1561 2826 1864 2889 luptatibus,
1923 2839 1992 2874 an
2046 2829 2102 2874 tu
2148 2824 2479 2873 immortalem
2526 2836 2607 2872 me

1554 2900 1874 2966 praestabis?
1953 2902 2136 2951 Fatum
2188 2900 2231 2949 si
2278 2899 2463 2962 pellere
2505 2912 2605 2948 non

1554 2984 1717 3041 poteS,
1786 2978 1892 3026 sine
1942 2976 2089 3026 modo
2149 2975 2474 3037 praeveniam
2528 2987 2603 3035 ec,

1560 3054 1692 3115 quod
1722 3064 1904 3101 manus
1934 3064 2048 3100 mea
2073 3050 2305 3112 possidet.
2358 3075 2387 3086 -
2420 3075 2449 3085 -
2487 3048 2606 3098 Sine

1558 3133 1638 3169 me
1670 3122 1820 3180 caput
1858 3131 1997 3166 mero
2037 3116 2264 3178 implere,
2310 3115 2429 3164 dum
2467 3116 2599 3175 vivo,

1556 3199 1716 3255 metu,
1761 3206 1823 3241 ne
1862 3192 2011 3241 nimis
2043 3205 2234 3254 parum
2271 3190 2415 3238 vivus
2461 3190 2605 3254 inqe-

1555 3283 1690 3318 ram.
1767 3268 1853 3317 Vir
1882 3266 2059 3317 nobilis
2092 3267 2254 3315 adhuc
2292 3266 2436 3314 vivus
2465 3265 2606 3328 rigat

1557 3356 1634 3402 se,·
1701 3355 1819 3391 cras
1870 3354 2155 3406 coqnosces,
2215 3343 2326 3402 quis
2377 3344 2602 3389 nostrum

1554 3421 1784 3467 mortuus
1812 3416 1965 3466 sitiat.

1312 3819 1742 3843 11
