3234 4975
1240 416 1359 467 LIB.
1399 416 1459 464 11.
1532 416 1589 464 C.
1628 416 1782 465 xvn.

2476 410 2599 475 30:²5

1120 849 1922 914 mxu

695 1023 827 1089 Cur
867 1041 972 1087 me
1019 1019 1305 1109 querelis
1352 1019 1683 1086 exanimas
1731 1018 1914 1083 tuis?

694 1144 826 1209 Nec
871 1141 971 1207 dis
1015 1142 1293 1208 amicum
1338 1150 1437 1206 est
1481 1160 1603 1207 nec
1647 1138 1799 1205 mihi
1844 1150 1907 1205 te
1951 1139 2131 1227 prius

787 1263 1023 1341 Obire,
1072 1263 1441 1336 Maecenas,
1489 1280 1783 1326 mearum

866 1383 1124 1451 Grande
1169 1382 1373 1449 decus
1416 1380 1847 1467 columenque
1893 1401 2128 1447 rerum.

697 1543 792 1610 Ah
838 1553 900 1610 te
944 1561 1131 1608 meae
1175 1540 1229 1606 si
1273 1548 1524 1626 partem
1568 1537 1822 1605 animae
1869 1538 2038 1626 rapit

2571 1541 2611 1602 ΦΒ

701 1664 1007 1731 Maturior
1048 1662 1177 1740 vis,
1225 1660 1384 1748 quid
1425 1680 1647 1725 moror
1690 1657 1921 1735 altera,

782 1788 915 1852 Nec
960 1804 1152 1851 carus
1196 1802 1407 1869 aeque
1451 1802 1573 1849 nec
1619 1789 1952 1868 superstes

577 1966 727 2016 XVII.
766 1965 928 2014 inser.
953 1961 1092 2025 volg.
1129 1962 1206 2011 Ad
1243 1962 1605 2020 Maecenatem,
1644 1962 1698 2009 et
1730 1960 1808 2009 sic
1840 1958 2005 2018 BbSc.
2050 1986 2105 1995 —
2140 1959 2216 2008 Ad
2246 1961 2551 2009 Mecenatem

504 2039 798 2101 parastatica
829 2030 1246 2106 (παραινετική)
1281 2035 1542 2084 ωὓνοσοὶοε
1562 2034 1619 2083 Τ.
1651 2044 1707 2069 2-
1745 2034 1792 2083 4.
1821 2034 2049 2095 querellis
2065 2031 2159 2082 hT.
2188 2060 2241 2071 —·
2267 2036 2314 2083 5.
2344 2034 2472 2084 Hate
2494 2034 2548 2094 d,

510 2113 574 2161 At
604 2117 652 2162 te
683 2113 734 2161 S.
776 2112 863 2175 (Ut
895 2124 1020 2169 nos,
1056 2108 1253 2171 Bch.)
1302 2136 1357 2146 -
1394 2110 1443 2158 6.
1477 2108 1694 2159 alteram
1727 2106 1895 2157 Codd.
1930 2107 2052 2170 aliq.
2094 2108 2277 2169 (nostri
2311 2109 2455 2171 non.)
2498 2135 2552 2144 —

516 2186 627 2247 (Vv.
665 2186 812 2235 7-9.
851 2185 1046 2235 desunt
1079 2185 1130 2233 in
1165 2183 1243 2244 Β.)

514 2343 665 2393 xvn.
705 2340 1112 2405 congratulatur
1144 2341 1337 2400 amico,
1372 2352 1497 2389 cum

447 2430 514 2465 ex
561 2417 707 2479 gravi
749 2416 941 2466 morbo
988 2412 1369 2475 convaluisset,
1422 2414 1498 2464 si-

449 2489 666 2554 mulque
715 2503 840 2540 eum
887 2489 1148 2540 consolari
1194 2488 1374 2539 studet
1414 2489 1498 2537 at-

447 2577 553 2628 que
604 2564 869 2622 hortatur,
938 2576 1005 2612 ne
1058 2560 1289 2625 querelis
1341 2560 1497 2611 nimis

449 2637 736 2700 indulgeat.
819 2635 1014 2686 Plinius
1059 2637 1122 2686 H.
1177 2636 1237 2684 N.
1287 2637 1345 2697 7,
1400 2635 1454 2684 54
1482 2649 1492 2683 ;

452 2712 759 2775 Quibusdam
784 2713 1032 2771 perpetua
1061 2709 1213 2772 febris
1240 2714 1335 2771 est,
1372 2709 1500 2758 simet

447 2787 501 2838 C.
520 2784 819 2836 Maecenati.
844 2784 1020 2834 Eidem
1040 2784 1254 2834 triennio
1269 2796 1498 2846 supremo

445 2861 583 2910 nullo
605 2860 760 2908 horae
785 2863 1031 2907 momento
1052 2857 1257 2920 contigit
1276 2870 1494 2907 sonum-5.

448 2935 651 2984 Seneca
688 2933 818 2996 Epp.
859 2932 981 2981 404;
1017 2932 1137 2982 Inde
1157 2931 1281 2980 illud
1300 2932 1500 2980 Maece-

447 3009 582 3057 natis
612 3007 954 3068 twpissimmn
984 3011 1180 3067 υοιωη,
1219 3018 1317 3067 quo
1350 3010 1397 3054 et
1418 3005 1500 3054 de-

449 3081 686 3131 bilitatem
716 3095 818 3130 non
850 3085 1048 3130 recusat
1066 3085 1115 3129 et
1136 3080 1500 3142 defomitatem

449 3160 498 3204 et
527 3155 787 3204 notfisaime
828 3159 1033 3204 acutam
1073 3167 1296 3216 crucem,
1349 3155 1499 3203 dum-

447 3230 595 3278 modo
638 3230 771 3279 inter
808 3230 930 3279 haec
961 3230 1104 3279 mala
1136 3230 1341 3292 spiritus
1366 3242 1497 3291 pro-

445 3307 684 3365 roqetm:
723 3302 973 3352 «Debilem
1002 3303 1157 3366 facito
1182 3317 1363 3364 manu,
1400 3303 1501 3352 De-

450 3375 595 3425 bilem
609 3377 761 3438 pede,
787 3390 921 3425 coxa
934 3390 953 3435 ,·
983 3378 1143 3426 Tuber
1164 3379 1369 3427 adstrue
1393 3376 1500 3440 92¹1>-

449 3450 648 3511 ὸοπιιπ,
693 3450 930 3500 Lubricos
962 3456 1110 3512 quate
1143 3453 1333 3501 dentes:
1386 3452 1498 3500 Vita

449 3526 570 3574 dum
599 3530 847 3586 superest,
885 3524 1003 3574 bene
1036 3527 1136 3573 est!
1184 3525 1327 3574 Hanc
1353 3524 1494 3584 milei,

447 3599 526 3647 vel
557 3604 710 3648 acuta
742 3599 799 3647 Si
831 3598 1029 3647 sedeam
1060 3610 1222 3657 eruce,
1259 3600 1494 3647 aestino.»

449 3673 714 3735 Scriptum
748 3673 831 3722 est
865 3683 1084 3721 carmen
1120 3684 1168 3720 a.
1203 3683 1255 3719 u.
1283 3684 1330 3720 c.
1357 3671 1494 3731 728„

451 3749 703 3796 censente
739 3747 989 3805 Frankio‚
1035 3744 1148 3795 aliis
1191 3744 1496 3794 auctoribus

450 3833 499 3868 a.
527 3819 640 3868 733.
661 3819 747 3869 vel
770 3820 887 3870 734.
918 3819 1023 3870 Cir.
1061 3831 1202 3867 nunc
1225 3818 1495 3868 Frandsen

451 3893 733 3942 Maecenas
767 3906 820 3956 p.
859 3892 1137 3942 206—209.

517 3967 564 4016 4.
601 3967 882 4030 azanimas]
919 3965 1237 4016 «conturbas
1272 3968 1326 4016 et
1355 3977 1497 4015 sum-

451 4052 541 4089 mo
576 4052 822 4090 maerore
858 4040 1073 4091 afficis»
1112 4042 1219 4092 Cio.
1257 4053 1355 4104 pro
1390 4035 1493 4087 Mil.

449 4114 498 4178 5.
519 4115 609 4164 93:
647 4116 730 4164 Me
749 4140 810 4150 —-
831 4116 1125 4164 exanintant
1146 4115 1500 4165 etinterinmnt

447 4189 542 4239 hae
559 4203 703 4239 voces
716 4188 940 4250 Milonis,
968 4203 1095 4252 quas
1113 4191 1266 4240 audio
1282 4190 1494 4240 assidue.

448 4263 534 4312 Sic
567 4264 728 4313 etiam
762 4264 963 4314 micare
994 4265 1204 4314 Terent.
1242 4264 1403 4314 Andr.
1443 4263 1491 4322 4,
1572 4274 1774 4312 eram.»

617 4356 801 4401 nonu.
839 4367 950 4400 vot..
989 4355 1021 4400 1.
1084 4368 1162 4402 tn.
1194 4366 1350 4401 nilion
1381 4353 1452 4398 nl.

1575 2339 1633 2397 4,
1672 2338 1752 2388 36.
1803 2365 1857 2375 —·
1907 2337 2115 2390 Primus
2148 2352 2338 2390 versus
2373 2341 2501 2391 satis
2536 2341 2619 2390 in-

1573 2412 1716 2462 dicat
1761 2413 2034 2462 Horatium
2080 2410 2223 2477 loqui
2270 2413 2337 2463 de
2373 2413 2621 2464 diuturno

1572 2489 1893 2538 Maecenatis
1943 2487 2159 2549 morbo,
2215 2501 2321 2539 non
2371 2489 2439 2540 de
2493 2504 2621 2541 casu

1574 2560 1751 2625 aliquo
1799 2562 2104 2625 repentino,
2157 2564 2247 2625 qui
2300 2564 2518 2613 exitium
2570 2565 2620 2613 ei

1573 2636 1805 2686 minatus
1840 2636 1923 2685 sit.

1637 2712 1751 2761 2-5.
1806 2711 2025 2760 annicum
2073 2710 2158 2774 est]
2212 2724 2310 2774 pro
2363 2710 2618 2776 «placet»,

1574 2786 1777 2834 Graeco
1812 2782 1992 2834 modo.
2040 2783 2185 2834 Iliad.
2224 2800 2275 2844 ι,
2311 2785 2402 2834 23:
2459 2777 2622 2835 Οὕτω

1573 2872 1687 2908 που
1732 2856 1826 2908 Διῒ
1867 2855 2063 2923 μέλλει
2108 2851 2414 2929 ὑπερμενέϊ
2448 2857 2623 2921 φίλον

1572 2927 1738 2983 εἶναι.
1781 2960 1835 2968 -
1874 2934 2077 2983 Grande
2109 2933 2271 2997 demes]
2309 2932 2414 2984 Csr.
2447 2933 2542 2983 Od.
2572 2936 2619 2994 4,

1574 3008 1594 3055 4
1622 3045 1633 3068 ,
1670 3009 1719 3056 2.
1762 3034 1817 3042 —
1855 3007 2190 3070 columenque]
2228 3006 2312 3056 Sic
2345 3006 2490 3070 apud
2518 3008 2624 3057 Lu-

1573 3082 1709 3131 cian.
1758 3082 1889 3131 Tim.
1942 3082 2022 3131 50.
2073 3082 2259 3131 Timon
2299 3084 2522 3131 vocatur
2553 3078 2622 3131 τὸ

1569 3149 1813 3227 ἔρεισμα
1843 3151 1958 3205 τῶν
1984 3148 2314 3222 Ἀθηναίων.
2364 3156 2512 3206 Pind.
2542 3155 2616 3206 Ol.

1570 3231 1621 3290 2,
1644 3231 1698 3280 6:
1738 3226 1986 3301 Θήρωνα
2002 3259 2032 3269 -
2050 3258 2079 3268 -
2098 3225 2312 3301 ἔρεισμ’
2325 3223 2623 3299 Ἀκράγαν-

1570 3317 1688 3366 τος.
1731 3333 1785 3341 -
1813 3310 2016 3366 partem
2036 3304 2261 3368 animae]
2299 3304 2394 3354 Od.
2418 3305 2466 3365 4,
2492 3304 2540 3364 3,
2567 3305 2615 3354 8.

1639 3378 1687 3427 6.
1740 3379 1996 3428 Matar-ior
2038 3378 2130 3441 vis]
2182 3378 2274 3426 «Si
2321 3377 2410 3427 leti
2453 3379 2531 3427 vis
2568 3379 2619 3427 te

1571 3452 1725 3501 citius
1772 3464 1933 3515 quam
1980 3465 2068 3501 me
2117 3452 2437 3514 exstinguat,
2492 3451 2622 3514 quid

1571 3538 1670 3588 ego
1714 3524 1877 3575 altera
1921 3526 2076 3575 unius
2120 3525 2469 3587 eiusdemque
2505 3527 2623 3574 ani-

1571 3613 1693 3650 mae
1717 3602 1962 3649 nostrum
1981 3599 2265 3649 amborum
2289 3611 2414 3662 pars
2436 3600 2490 3648 in
2512 3600 2617 3647 vita

1570 3675 1898 3724 remaneo‘l»
1975 3672 2124 3723 Falso
2181 3672 2427 3722 acumine
2484 3672 2619 3722 Bur-

1570 3760 1798 3797 mannus
1833 3749 1888 3796 et
1922 3746 2338 3810 Cuninghamius
2378 3746 2610 3796 alteram.

1571 3821 1669 3880 Qui
1687 3833 1814 3870 vero
1834 3821 2261 3871 construxerunt:
2289 3819 2409 3880 quid
2423 3832 2615 3879 moror,

1569 3895 1733 3943 altera
1772 3891 1968 3956 (ablat.)
2003 3908 2092 3944 nec
2120 3907 2273 3944 carus
2299 3906 2473 3955 aeque,
2511 3907 2615 3943 non

1570 3966 2060 4016 animadverterunt
2121 3968 2221 4017 hac
2278 3967 2618 4017 distractione

1569 4041 1951 4103 ingratissimos
2002 4040 2230 4091 evadere
2277 4053 2529 4091 numeros
2566 4044 2621 4091 et

1569 4113 1791 4164 modum
1828 4126 1946 4163 esse
1992 4126 2252 4177 perquam
2295 4117 2612 4164 contortum.

1635 4189 1684 4238 7.
1754 4201 1905 4236 carus
1966 4188 2148 4251 aeque]
2209 4190 2411 4251 «atque
2467 4191 2615 4253 prius

1845 4262 2056 4312 Dictum
2091 4263 2173 4311 est
2206 4264 2265 4310 ut
2297 4262 2427 4325 Epp.
2469 4261 2523 4321 4,
2563 4262 2610 4322 3,

2217 4352 2272 4397 20
