3234 4975
654 359 777 422 682
1477 362 1730 411 HORATll
1771 362 2027 440 EPODON

1288 518 2021 577 Excunsus
2104 521 2153 574 Ι.

1617 633 1840 680 Anvi.

783 750 1049 812 Perquam
1085 749 1431 800 memorabile
1483 754 1566 800 est
1611 751 1664 800 in
1707 753 1857 814 poesi
1893 751 2356 804 Gallo-Brittanica
2394 753 2601 803 mediae
2636 755 2821 803 aetatis

649 830 931 882 Abaelardi
984 831 1254 882 lleloisam
1305 834 1732 884 transformatam
1785 848 1907 885 esse
1959 835 2181 886 alteram
2244 838 2295 887 in
2347 837 2638 887 Canidiam.
2710 837 2815 887 Cir.

649 913 811 964 Barz
828 915 1148 975 az-BreiS,
1194 929 1300 976 par
1349 917 1419 965 Μ.
1465 916 1543 965 Th.
1585 917 1793 965 Her-sart
1826 918 1886 967 do
1918 919 1971 967 la
2010 919 2372 981 Villemarque',
2418 919 2512 969 Ed.
2551 921 2636 969 ΙΙΙ.
2674 920 2819 969 Paris

650 996 795 1047 4845.
836 997 888 1046 in
919 997 1133 1046 Journal
1172 1000 1255 1047 des
1297 999 1516 1048 Savants
1550 998 1695 1049 ⁴847.
1732 1013 1785 1063 p.
1824 1000 1953 1050 268:
2007 1003 2063 1051 Je
2095 1002 2199 1052 sais
2229 1016 2331 1053 une
2358 1004 2575 1053 chamon
2607 1004 2694 1062 qua·
2724 1003 2821 1065 fait

645 1080 818 1140 rendre
864 1081 933 1130 les
980 1081 1157 1141 deux,
1215 1081 1477 1131 tressaillir
1518 1082 1573 1130 la
1616 1084 1811 1144 prande
1842 1097 1951 1132 mer
1981 1079 2028 1134 ὲι
2061 1087 2296 1135 trembler
2327 1086 2381 1135 la
2413 1091 2559 1136 terre.
2629 1087 2685 1134 Je
2718 1086 2821 1134 sais

645 1167 750 1211 tout
798 1175 853 1212 ce
901 1163 1053 1224 qu'on
1095 1168 1218 1225 peut
1264 1164 1434 1212 saveir
1482 1177 1541 1213 en
1574 1177 1631 1213 ce
1660 1165 1865 1226 monde,
1920 1171 2026 1216 tout
2057 1182 2112 1218 ce
2144 1169 2231 1229 qui
2264 1181 2393 1218 sera.
2465 1170 2541 1218 La
2568 1167 2818 1229 premiere

645 1247 836 1309 «ireque
879 1259 974 1307 que
1010 1247 1068 1308 je
1111 1248 1175 1310 fis
1223 1260 1343 1295 avec
1385 1260 1503 1296 mon
1546 1247 1678 1295 clere
1711 1247 1992 1312 (Abailard)
2035 1251 2116 1313 fut
2144 1251 2271 1312 faite
2303 1265 2424 1301 avec
2457 1251 2591 1300 l’oeil
2620 1252 2816 1314 qauche

646 1329 766 1378 d'un
798 1328 1014 1378 cor-beau
1045 1334 1091 1379 et
1124 1331 1169 1380 le
1200 1343 1350 1379 coem-
1380 1331 1502 1379 d'un
1532 1333 1764 1391 croepoeud
1795 1338 1897 1385 etc.

1728 1471 1867 1479 —-ae—

1278 1576 2004 1636 Excunsns
2084 1577 2168 1631 ΙΙ.

1579 1690 1858 1738 Αυν.57.

774 1810 953 1860 «Haec
987 1823 1114 1859 vera
1149 1823 1270 1860 esse
1307 1810 1517 1859 videtur
1551 1807 1852 1872 explicatio,
1906 1811 1964 1859 ut
2005 1810 2299 1858 statuamus
2334 1810 2507 1872 ipsam
2540 1805 2811 1857 Canidiam

643 1893 694 1942 in
728 1893 844 1943 vico
890 1892 1096 1942 Subura
1129 1892 1369 1942 habitare
1405 1904 1635 1955 eamque
1668 1892 1879 1956 precari
1914 1905 1943 1941 a
1980 1891 2078 1941 diis
2101 1929 2113 1952 ‚
2173 1893 2233 1941 ut
2268 1902 2435 1941 senex
2487 1889 2645 1953 (quod
2682 1888 2813 1938 ridi-

641 1973 821 2024 culum
858 1973 1107 2024 omnibus
1130 1975 1406 2034 videatur,
1445 1975 1544 2025 sed
1580 1976 1744 2038 ipsius
1780 1978 1956 2024 tamen
1981 1973 2231 2024 effectum
2265 1976 2350 2024 est
2370 1972 2589 2034 artibus)
2626 1985 2811 2022 amore

643 2057 874 2119 flagrans
926 2058 996 2106 ad
1041 2071 1093 2107 se
1125 2058 1302 2108 media
1338 2061 1493 2108 nocte
1529 2060 1581 2107 in
1616 2058 1870 2108 Suburam
1902 2058 2103 2119 veniat,
2159 2058 2384 2120 eiusque
2420 2056 2680 2106 adventus
2715 2067 2814 2119 per

567 2149 572 2154 ·
640 2137 906 2190 silentium
957 2142 1124 2191 noctis
1160 2154 1353 2191 canum
1388 2140 1580 2191 latratu
1632 2140 1976 2204 significetur.
2036 2140 2158 2203 (Cir.
2213 2140 2354 2202 Virg.
2410 2138 2516 2190 Eol.
2572 2139 2632 2196 8,
2679 2139 2807 2188 ⁴07:

638 2222 813 2283 Hylax
861 2223 914 2272 in
963 2224 1131 2273 limine
1179 2225 1377 2288 latrat.)
1445 2226 1635 2288 Sperat
1678 2227 1893 2284 autem,
1949 2237 2073 2274 eum
2116 2224 2184 2273 ad
2233 2237 2292 2274 se
2336 2223 2624 2272 adductum
2661 2222 2720 2270 iri
2758 2222 2808 2269 vi

639 2307 1024 2357 venenatarum
1045 2345 1058 2367 ,
1097 2321 1232 2370 quas
1266 2320 1476 2358 summa
1512 2310 1626 2358 arte
1663 2309 1711 2357 ei
1746 2308 2046 2371 paraverit,
2085 2306 2404 2365 herbarum,
2443 2318 2615 2368 eoque
2647 2317 2809 2354 seusu

639 2388 786 2438 addit
835 2389 1002 2438 verba
1051 2391 1546 2440 Nardo--manus.
1617 2389 1867 2440 Similiter
1915 2390 2049 2440 infra
2099 2403 2148 2439 v.
2204 2390 2285 2439 69.
2342 2394 2496 2438 uncta
2528 2388 2653 2437 dicit
2686 2388 2808 2437 Vari

636 2472 822 2523 cubilia
855 2472 1094 2523 oblivione
1126 2474 1348 2523 omnium
1375 2474 1660 2535 pellicum.»
1699 2474 1883 2524 Rauen.
1908 2500 1971 2521 ,-
2000 2474 2202 2523 Verum
2228 2473 2351 2522 huic
2390 2471 2808 2535 interpretationi

638 2569 703 2605 ex
756 2570 878 2605 meo
929 2557 1148 2620 quidem
1198 2570 1359 2607 sensu
1411 2571 1516 2607 non
1567 2558 1695 2608 satis
1732 2559 2053 2607 conveniunt
2084 2571 2168 2607 vv,
2208 2558 2340 2619 quod
2373 2569 2539 2605 omnes
2568 2556 2803 2613 rideant,

638 2640 888 2703 quoniam
941 2640 1009 2688 ita
1062 2653 1166 2690 non
1219 2642 1385 2703 magis
1421 2641 1632 2690 derisus
1666 2642 1812 2690 esset
1845 2640 2017 2689 Varus
2052 2652 2215 2704 quam
2251 2651 2377 2702 saga
2427 2639 2539 2701 ipsa
2563 2675 2575 2695 ‚
2628 2651 2804 2700 neque

638 2722 690 2771 in
723 2723 886 2771 nardo
919 2735 970 2771 v.
1009 2723 1089 2772 58.
1144 2724 1221 2773 sic
1273 2722 1582 2787 simpliciter
1631 2725 1804 2787 posito
1855 2722 2151 2786 quidquam
2188 2722 2435 2772 venenati
2468 2722 2579 2771 sive
2615 2721 2804 2783 magici

639 2805 817 2855 inesse
852 2808 1043 2869 potest.

1239 3053 1976 3112 Excunsus
2053 3055 2176 3111 ΙΙΙ.

1561 3166 1841 3216 Anv.87.

764 3285 1032 3348 Quotquot
1078 3285 1186 3334 vidi
1237 3286 1556 3348 interpretes
1608 3288 1833 3350 excepto
1885 3287 2155 3337 viscontio
2206 3290 2259 3338 et
2311 3289 2436 3346 Fea,
2491 3288 2580 3350 qui
2612 3298 2804 3336 venena

632 3371 818 3433 putant
851 3381 972 3419 esse
1023 3368 1322 3418 vocativum
1377 3368 1445 3430 (id
1493 3369 1637 3432 quod
1686 3369 1813 3419 mihi
1864 3382 2023 3420 secus
2056 3370 2299 3431 videtur,
2355 3372 2453 3420 etsi
2503 3370 2801 3434 comparari

631 3454 858 3517 possunt
891 3450 1109 3515 similia,
1147 3453 1330 3512 scelus,
1361 3454 1669 3514 propudium
1690 3491 1702 3511 ,
1732 3452 2035 3517 probrum),
2075 3456 2129 3503 et
2162 3452 2429 3516 Gar-galim
2468 3454 2558 3517 qui
2581 3452 2801 3516 quidem

627 3539 709 3599 sas
739 3538 979 3601 nefasque
1012 3536 1366 3587 nominativos
1402 3549 1521 3586 esse
1557 3537 1706 3585 ratus
1741 3539 1851 3596 est,
1901 3535 1997 3586 sed
2035 3535 2219 3586 salsam
2255 3537 2573 3587 sententiam
2607 3538 2800 3600 poetae

630 3620 889 3671 obstruit:
943 3619 1017 3669 Nc}
1051 3620 1361 3679 inuocem-m,
1413 3617 1476 3667 ne
1509 3619 1684 3680 colpa,
1739 3632 1769 3668 ο
1808 3620 2086 3683 Vmwflche,
2139 3620 2242 3669 Ριιὸ
2276 3621 2336 3669 de
2368 3620 2551 3668 l’uomo
2583 3619 2638 3667 in
2670 3624 2803 3668 soree

630 3704 880 3766 oanqiar:
938 3716 986 3751 v.
1025 3716 1217 3751 venena
1250 3701 1454 3752 habent
1487 3714 1583 3764 pro
1619 3700 1892 3759 subiecto,
1949 3715 2048 3765 pro
2082 3702 2293 3753 obiecto
2326 3716 2569 3766 magnum
2597 3704 2680 3765 [aa
2710 3716 2803 3751 ne-

626 3788 833 3848 fasque,
874 3784 1020 3848 quod
1055 3788 1237 3835 contra
1264 3787 1362 3835 est.
1435 3785 1565 3833 ilinc
1599 3788 1746 3833 ortae
1780 3785 1959 3834 variae
1996 3784 2406 3848 explicationes:
2449 3785 2492 3845 4)
2533 3786 2636 3835 «Ex
2660 3785 2801 3834 vitae

629 3869 894 3917 humanae
930 3868 1242 3918 condicione
1277 3881 1306 3915 a
1343 3866 1424 3916 dis
1460 3865 1629 3917 semel
1664 3869 1945 3918 constituta
1980 3868 2236 3918 veneficia
2274 3882 2379 3918 non
2414 3867 2593 3918 valent
2643 3880 2803 3917 ever-

630 3953 741 4000 tere
793 3949 938 4013 leges
989 3955 1263 4010 aeternas,
1321 3949 1515 4013 quibus
1567 3949 1647 4000 fas
1702 3950 1957 4013 nefasque
2009 3950 2394 4013 distinguitur.»
2483 3950 2801 4013 (a'ralionem

631 4036 768 4083 vitae
821 4034 1084 4083 humanae
1108 4072 1119 4094 ‚
1173 4032 1420 4082 videlicet
1452 4035 1510 4081 ut
1547 4032 1626 4083 fas
1660 4034 1957 4097 praemium
1981 4072 1992 4091 ‚
2049 4036 2198 4084 nefas
2229 4047 2462 4097 poenam
2497 4037 2797 4097 exspectet,

629 4130 834 4167 venena
889 4118 1088 4178 magica
1142 4119 1349 4166 mutare
1407 4130 1509 4165 non
1562 4116 1739 4166 valent
1791 4130 1965 4180 neque
2002 4116 2247 4175 efficere,
2304 4120 2361 4166 ut
2394 4117 2542 4167 nefas
2576 4115 2800 4166 inultum

628 4203 895 4251 maneat.»
936 4200 1165 4261 Msacu..)
1236 4200 1281 4259 2)
1323 4201 1627 4250 «veneficia
1677 4214 1781 4250 non
1826 4198 1998 4250 valent
2052 4204 2360 4263 pervertere
2398 4199 2475 4249 fas
2512 4199 2797 4262 nefasque,
