3234 4975
1239 380 1440 430 [ABER.
1514 381 1709 430 CARM.
1748 381 1806 428 V.

2558 380 2680 443 669

1278 859 1751 923 cm
1801 860 1907 922 V.

846 1009 948 1084 At,
1001 1030 1040 1075 o
1083 1009 1356 1077 deorum
1398 1011 1717 1099 quidquid
1766 1013 1824 1076 in
1871 1012 2054 1079 caelo
2099 1015 2262 1100 regit

635 1187 696 1237 V.
735 1188 898 1238 inser.
952 1186 1088 1250 volg.
1142 1190 1200 1237 In
1251 1189 1514 1239 Canidiam
1545 1193 1830 1254 veneficam.
1872 1216 1929 1226 —
1986 1192 2202 1241 Puerum
2229 1198 2608 1254 praetectatmn

572 1262 816 1326 defossum
857 1263 1048 1311 inducit
1096 1277 1131 1312 a
1172 1263 1387 1313 Canidia
1419 1278 1517 1326 qao
1549 1270 1725 1314 necato
1755 1264 1913 1327 Alphe
1950 1265 2060 1328 (sic)
2102 1266 2235 1316 Varo
2267 1268 2416 1318 daret
2438 1269 2609 1329 potio-

569 1348 683 1384 nem
725 1337 1157 1386 delinimentomm
1204 1336 1260 1386 b.
1318 1363 1375 1373 —

1434 1338 1492 1386 In
1526 1339 1829 1388 Gratidiam.
1897 1341 2113 1390 Hierum
2134 1368 2164 1378 -
2187 1368 2218 1379 -
2250 1347 2426 1391 necato
2470 1342 2608 1392 Aleio

571 1409 697 1471 (sic;
751 1408 868 1474 lege
912 1409 1039 1474 Alfio
1073 1424 1138 1460 ex
1173 1410 1405 1461 Oberlini
1439 1412 1494 1474 B)
1536 1413 1668 1462 Varo
1702 1413 1847 1462 daret
1870 1403 2125 1474 potionem
2158 1427 2204 1464 c.
2262 1439 2321 1452 -
2380 1417 2429 1465 4.
2467 1417 2610 1475 quid-

568 1484 939 1547 quid--reqis
979 1481 1082 1542 bd,
1131 1500 1201 1549 γκ
1225 1522 1236 1544 ,
1290 1498 1372 1548 pr.
1421 1483 1523 1545 βν,
1579 1485 1761 1551 plures
1808 1488 2039 1537 Pottierii
2062 1526 2073 1546 ,
2133 1490 2611 1553 quisquis--reqis

567 1557 853 1609 Diomedes
886 1561 948 1622 p:
976 1559 1092 1610 527.
1131 1561 1186 1609 P.
1211 1597 1223 1620 ‚
1261 1560 1558 1610 Priscianus
1592 1574 1648 1623 p.
1675 1561 1820 1610 4405.
1850 1562 1904 1610 P.
1925 1599 1937 1622 ,
1974 1559 2155 1613 Aldus.
2197 1564 2276 1625 (Ut
2307 1575 2432 1622 nos,
2468 1564 2602 1624 nse,

566 1627 825 1680 Blandinii
860 1644 1079 1691 omneS,
1118 1633 1348 1682 Pottierii
1382 1634 1631 1697 septem.)

563 1777 624 1826 V.
663 1779 831 1828 Scena
867 1779 1001 1829 haec
1024 1782 1131 1831 est:
1171 1780 1409 1831 immane
1431 1793 1550 1832 sce·
1621 1783 1708 1831 cat
1741 1781 2060 1847 Porphyri03
2099 1782 2198 1834 sed
2230 1783 2446 1835 obstare
2481 1784 2671 1835 viden-

498 1850 580 1902 lus
613 1854 916 1916 patraturae
938 1865 1096 1916 sagae
1131 1868 1361 1919 puerum
1396 1855 1547 1917 inge-

498 1938 690 1986 nuum,
728 1938 892 1989 quem
922 1926 1007 1977 vel
1042 1926 1307 1980 blanditiis
1329 1942 1360 1978 a
1383 1928 1545 1979 domo

494 2001 717 2063 paterna
769 2001 1093 2052 seduxerant
1143 2001 1228 2052 vel
1277 2002 1330 2052 vl
1381 2016 1544 2067 rapu-

496 2075 673 2133 erant,
710 2075 892 2125 vivum
925 2075 976 2123 in
1013 2075 1205 2126 scrobe
1247 2075 1539 2137 defodiunt,

492 2150 554 2196 ut
594 2149 709 2199 eius
744 2147 978 2199 medulla
1021 2153 1076 2199 et
1116 2151 1351 2200 iecinore
1385 2153 1544 2200 utan-

495 2224 581 2271 tur
613 2222 681 2271 ad
720 2221 911 2286 philtra
954 2224 1338 2287 praeparanda.
1399 2224 1543 2273 Ridi-

494 2293 674 2344 culum
723 2297 930 2356 autem,
989 2294 1136 2359 quod
1193 2309 1382 2346 senem
1431 2300 1541 2346 tam

491 2369 700 2433 perdite
734 2373 879 2420 amat
913 2371 1153 2432 Canidia,
1196 2374 1255 2422 ut
1285 2372 1538 2423 horribile

492 2442 695 2496 facinus
738 2443 806 2494 ad
841 2457 967 2495 eum
1001 2443 1101 2496 sibi
1148 2444 1539 2498 conciliandum

496 2518 673 2568 facere
708 2531 815 2569 non
848 2520 1082 2569 recuset.
1136 2520 1539 2571 Eiusdemmodi

489 2605 649 2655 sagae
714 2604 778 2642 ac
831 2593 1107 2643 veneficae
1170 2597 1540 2644 memorantur

488 2666 633 2731 apud
670 2666 912 2717 Tacitum
944 2669 1158 2718 Locusta
1191 2670 1247 2717 et
1277 2669 1535 2730 Marcina,

489 2742 809 2805 egregieque
855 2743 1027 2791 totum
1073 2742 1175 2791 hoc
1217 2742 1538 2793 feminarum

487 2828 656 2878 genus
706 2815 991 2879 descripsit
1035 2814 1184 2866 Ovid.
1232 2818 1350 2866 Am.
1391 2816 1446 2878 4,
1484 2818 1533 2869 8.

488 2887 776 2952 Dipsadem
828 2888 1100 2953 quandam
1151 2902 1336 2952 sagam
1382 2889 1537 2941 nobis

486 2964 609 3011 ante
657 2961 841 3013 oculos
891 2976 1116 3027 ponens.
1176 2962 1337 3025 Quid,
1392 2965 1538 3028 quod

485 3036 631 3087 idem
666 3038 872 3087 crimen
905 3038 1155 3088 haeserat
1193 3037 1301 3088 iam
1343 3038 1398 3088 in
1433 3038 1538 3088 Va-

483 3110 648 3161 tinio?
705 3112 813 3162 Cic.
859 3111 977 3161 Vat.
1024 3112 1083 3161 6:
1142 3125 1257 3161 cum
1305 3112 1538 3163 inaudita

484 3198 547 3235 ac
599 3186 803 3248 nefaria
857 3199 1010 3236 sacra
1067 3187 1363 3249 susceperis,
1421 3200 1537 3236 cum

482 3259 759 3322 inferorum
791 3261 990 3310 aniame
1010 3261 1210 3322 elicere,
1246 3274 1361 3311 cum
1385 3274 1535 3322 pue-

480 3345 700 3381 rorum
742 3335 905 3382 extis
948 3335 1064 3384 deos
1102 3348 1277 3385 manes
1306 3339 1536 3385 mactare

480 3406 639 3456 soleas
694 3409 797 3456 cet.
867 3407 1126 3471 Singulari
1183 3411 1364 3460 autem
1417 3410 1532 3459 arte

487 3480 733 3531 Horatius
765 3483 1080 3545 praestigias
1113 3483 1276 3534 hasce
1300 3485 1534 3546 magicas

485 3555 750 3618 expressit
775 3556 832 3604 et
860 3555 946 3605 hic
967 3557 1022 3606 et
1041 3557 1210 3620 Epod.
1236 3557 1316 3605 47.
1346 3558 1401 3605 et
1422 3558 1528 3606 Sat.

483 3629 540 3689 4,
565 3628 617 3688 8,
646 3626 879 3691 lisqq„
917 3628 1055 3679 adeo
1088 3632 1146 3679 ut
1180 3628 1532 3679 recordemur

479 3700 752 3765 Apuleiani
810 3700 947 3753 illius
997 3702 1047 3752 in
1100 3701 1254 3767 Apol.
1308 3716 1363 3767 p.
1411 3702 1526 3753 504.

481 3774 649 3825 Oud.:
686 3776 865 3838 Mania
897 3776 997 3825 ista
1017 3801 1048 3811 -
1068 3803 1098 3813 -
1129 3790 1212 3826 res
1242 3780 1313 3825 est
1345 3776 1533 3840 legibue

478 3849 722 3911 deloqata.
761 3875 791 3886 -
833 3874 864 3886 -
894 3850 1057 3912 19itur
1104 3855 1151 3899 et
1185 3849 1381 3900 occulta
1427 3864 1530 3899 non

474 3924 643 3973 minus
674 3936 828 3985 quam
868 3928 999 3973 tetra
1031 3928 1079 3973 ct
1104 3924 1384 3985 hon-ibitis,
1413 3923 1528 3985 plo-

472 4010 689 4060 rumque
730 3996 953 4047 noctibus
980 3998 1196 4061 vigilata
1228 4002 1275 4046 et
1319 3996 1529 4046 tenebris

474 4073 708 4123 abstrusa
748 4076 796 4121 et
828 4069 1036 4120 arbitris
1078 4071 1312 4121 solitaria
1333 4075 1380 4120 et
1412 4084 1528 4119 car-

472 4148 687 4199 minibus
725 4151 1065 4197 mammaea.
1109 4172 1164 4182 —
1209 4146 1432 4209 Propter
1468 4158 1520 4194 v.

475 4223 555 4274 43.
593 4221 813 4274 sceleris
847 4233 1067 4272 scenam
1108 4218 1325 4284 Neapoli
1359 4217 1524 4270 collo-

1621 1859 1709 1907 tur
1733 1870 1785 1907 v.
1811 1857 1893 1907 58.
1931 1857 2234 1909 Suburanae
2265 1872 2431 1909 canes.
2462 1884 2521 1895 -
2570 1861 2670 1910 Ce-

1621 1934 1795 1981 terum
1833 1932 2051 1996 praeter
2084 1933 2346 1984 Theocriti
2381 1936 2435 1983 et
2473 1931 2670 1996 Virgilii

1616 2007 2090 2076 φαρμακευτρίας
2123 2006 2217 2057 cfr.
2256 2008 2418 2057 etiam
2452 2008 2668 2057 Luciani

1616 2078 1746 2129 Dial.
1777 2093 1909 2130 mer.
1932 2079 2003 2140 4.,
2029 2081 2158 2131 item
2181 2081 2250 2130 de
2271 2082 2664 2147 μαγγανείαις,

1614 2150 1958 2205 καταδέσεσι
1976 2190 1991 2214 ,
2053 2156 2312 2224 κηρίνοις
2363 2150 2668 2220 μιμήμασι

1615 2225 1745 2275 Plat.
1783 2225 1852 2276 de
1895 2228 2053 2289 Legg.
2090 2228 2176 2277 XI.
2214 2241 2269 2292 p.
2308 2228 2421 2278 933.
2490 2230 2664 2291 Atque

1614 2311 1835 2362 prorsus
1869 2299 2053 2350 similis
2095 2312 2264 2363 puero
2306 2299 2393 2350 hic
2432 2302 2665 2350 mactato

1615 2374 1698 2421 est
1741 2373 1795 2421 in
1839 2373 2104 2435 Inscriptt.
2154 2385 2226 2422 m.
2265 2373 2376 2421 Lat.
2414 2373 2474 2421 N.
2511 2371 2660 2423 2486.

1614 2448 1669 2496 et
1720 2447 1919 2510 Meyeri
1968 2444 2179 2497 Anthol.
2225 2447 2335 2496 Lat.
2384 2447 2445 2495 N.
2498 2445 2658 2497 ⁴253:

1609 2522 1861 2570 Iucunda-³
1908 2521 2082 2572 Lim'ae
2123 2521 2282 2570 Drusi
2326 2520 2559 2570 Caesaris
2600 2521 2658 2569 Ρ.

1613 2594 1809 2656 Gryphi
1841 2598 1888 2643 et
1925 2594 2125 2643 Vitatis:
2179 2595 2239 2643 In
2271 2598 2513 2655 quartum
2542 2607 2661 2642 sur—

1610 2681 1730 2730 gens
1770 2680 2088 2729 comprensus
2137 2668 2392 2729 deprimor
2439 2680 2658 2728 annum,

1612 2742 1737 2792 Cam
1757 2755 1955 2803 possem
1983 2742 2140 2790 matri
2171 2740 2327 2790 dulcis
2355 2744 2403 2791 οι
2431 2753 2532 2791 csse
2556 2754 2663 2801 pa-

1610 2817 1696 2866 tri.
1732 2816 1936 2878 Eripuit
1966 2828 2045 2865 me
2076 2828 2206 2878 saga
2234 2827 2419 2865 manus
2449 2815 2664 2865 mdclis

1610 2889 1818 2951 ubique,
1856 2891 1980 2941 Cum
2000 2894 2171 2939 manet
2202 2890 2258 2938 in
2286 2889 2434 2939 terris
2453 2892 2501 2938 ei
2518 2893 2663 2939 nocet

1612 2969 1725 3013 arte
1755 2977 1867 3014 aua.
1944 2965 2035 3014 Vos
2072 2968 2261 3013 vestros
2297 2967 2443 3012 natos
2474 2977 2660 3013 concu-

1609 3039 1785 3088 stodita
1826 3042 2082 3100 parentes,
2135 3038 2212 3087 Ne
2259 3038 2403 3087 dolor
2448 3038 2505 3087 in
2558 3042 2661 3089 toto

1603 3117 1805 3174 pectore
1833 3115 1972 3176 fixus
2003 3117 2108 3171 οαες
2146 3112 2291 3162 unde
2326 3109 2540 3175 colliges
2563 3113 2657 3163 toti

1608 3187 1735 3237 huic
1768 3187 1950 3250 Epodo
1973 3186 2195 3236 mirifice
2219 3188 2508 3237 convenire
2530 3199 2658 3238 cum

1608 3261 1991 3325 superstitiosis
2032 3259 2200 3310 seculi
2242 3261 2494 3323 Augustei
2539 3261 2659 3325 opi·

1607 3334 1873 3385 nionibus.
1897 3361 1955 3371 —
1999 3335 2146 3393 Quae
2170 3335 2353 3383 autem
2374 3333 2656 3384 Mitscher-

1604 3407 1712 3459 lich
1752 3410 1807 3459 in
1849 3407 2127 3472 prooemio
2177 3406 2355 3467 affert,
2409 3406 2656 3469 exiguam

1605 3483 1808 3533 hahent
1832 3483 1944 3531 veri
1968 3480 2233 3544 speciem;
2272 3479 2468 3528 etenim
2492 3479 2655 3530 animi

1603 3542 1780 3620 potius
1804 3547 1966 3604 causa
2002 3553 2261 3602 famosam
2288 3563 2501 3614 magam
2525 3565 2655 3602 exa-

1604 3630 1785 3693 gitavit
1832 3630 2019 3692 poeta,
2074 3639 2235 3689 quam
2279 3626 2483 3675 amicae
2526 3625 2654 3678 olim

1603 3702 1871 3768 superbae
1906 3700 2111 3750 fastidia
2147 3701 2290 3760 tum,
2329 3711 2454 3749 cum
2473 3698 2653 3751 vetula

1603 3778 1741 3829 facta
1791 3776 1962 3835 esset,
2017 3772 2187 3822 ultum
2235 3772 2343 3822 ivit.
2428 3772 2532 3823 Cir.
2580 3773 2651 3824 ad

1602 3852 1698 3902 Od.
1728 3850 1787 3910 4,
1826 3849 1907 3898 46.
1949 3874 2006 3884 -
2045 3846 2276 3896 Tametsi
2311 3846 2406 3896 suit
2439 3860 2496 3896 re
2522 3860 2649 3898 vera

1601 3924 1817 3976 Canidia
1838 3935 1969 3986 gens
1993 3919 2200 3985 plebeia
2229 3918 2340 3983 (cir.
2368 3933 2650 3971 nummum

1600 3999 1718 4048 aevi
1751 3997 1883 4059 Aug.
1910 3993 2055 4059 apud
2088 3992 2283 4045 Eckhel
2317 3995 2378 4045 D.
2416 3996 2477 4044 N.
2515 3996 2562 4044 ὅ.
2589 4008 2644 4059 p.

1602 4072 1714 4121 464.
1754 4072 1810 4119 et
1835 4067 1961 4119 Veli.
1990 4069 2103 4118 Pat.
2129 4068 2161 4117 2
2180 4106 2192 4130 ,
2227 4067 2310 4118 85.
2347 4066 2416 4118 ad
2437 4067 2648 4118 Actium

1596 4146 1653 4194 in
1693 4149 1835 4194 term
1876 4143 2095 4193 locatum
2136 4143 2411 4193 accercitum
2444 4141 2648 4197 Antonii

1595 4217 1797 4283 repebat
1843 4217 2139 4280 Canidius),
2193 4216 2512 4267 scholiastae
2564 4218 2646 4265 ta-
