3234 4975
1188 408 1307 458 Lm.
1344 408 1384 456 Ι.
1454 409 1511 457 C.
1550 408 1657 459 Vll.

632 560 831 629 Albus
873 572 944 628 ut
986 560 1269 629 obscuro
1314 562 1607 652 deterget
1649 563 1867 630 nubila
1912 565 2093 631 caelo

2461 409 2543 473 53

2457 565 2537 631 ⁴5

804 684 1016 771 Saepe
1058 685 1259 750 Notus
1302 705 1518 773 neque
1571 685 1843 772 parturit
1886 683 2126 752 imbres

632 843 983 929 PerpetuO,
1030 841 1124 909 sic
1166 852 1234 908 tu
1279 842 1545 931 sapiens
1591 842 1777 909 finire
1823 853 2143 910 memento

512 1050 594 1100 45.
630 1051 837 1100 Novum
870 1050 994 1100 hinc
1028 1061 1246 1100 carmen
1278 1050 1459 1114 incipit
1489 1051 1543 1101 in
1574 1050 1774 1110 bST,C.
1817 1078 1869 1086 —
1918 1052 2126 1116 adorati
2159 1051 2289 1102 Cod.
2327 1053 2474 1103 Mart.

448 1122 611 1174 Aldus
658 1124 804 1174 4509.
857 1124 944 1186 (Ut
985 1136 1110 1184 nos,
1157 1125 1263 1174 iam
1303 1122 1467 1175 Aldus
1511 1125 1685 1189 4549.)
1728 1153 1781 1162 -
1829 1127 1910 1176 46.
1959 1126 2140 1192 noque]
2183 1140 2273 1177 noc
2313 1126 2371 1177 T.
2423 1154 2478 1163 —

450 1199 529 1247 47.
571 1200 808 1261 Papam
853 1200 984 1260 STc,
1030 1212 1155 1250 cum
1196 1197 1366 1249 tribus
1407 1197 1614 1262 Bland.,
1653 1198 1768 1266 βγκ
1802 1203 1856 1251 64
1889 1199 2102 1253 duobus
2135 1199 2250 1253 aliis
2287 1199 2477 1252 Bentl.:

447 1273 710 1335 Perpetuos
743 1272 800 1334 b,
838 1274 1068 1325 Pottierii
1104 1273 1152 1336 4,
1187 1273 1237 1334 8,
1277 1274 1357 1335 42,
1394 1274 1476 1335 22,
1514 1274 1617 1334 23.,
1656 1274 1856 1326 LCtMJ.

388 1428 632 1481 turalem.
686 1432 968 1481 Praeterea
1004 1430 1073 1481 de
1096 1431 1291 1494 Nibbyi
1313 1444 1434 1482 sen-
1503 1432 1654 1483 cubat
1693 1433 1848 1483 mis.
1917 1432 2064 1483 Ovid.
2110 1437 2226 1484 Am.
2272 1434 2322 1495 3,
2367 1434 2416 1494 6,
2453 1434 2544 1486 47:

385 1506 548 1555 tentia
582 1505 816 1569 (Viayqio
832 1507 870 1556 Ι.
895 1519 950 1570 p.
980 1506 1111 1569 458.)
1147 1506 1429 1572 templum,

386 1578 453 1629 de
500 1592 606 1642 quo
640 1578 873 1643 loquitur
912 1582 1044 1641 Fea,
1090 1594 1123 1630 a
1165 1582 1221 1632 L.
1270 1579 1433 1632 Cellio

390 1654 513 1716 (non
546 1654 732 1719 Caelio)
766 1653 849 1705 vel
885 1658 1211 1706 exstructum
1242 1654 1328 1706 vel
1352 1669 1436 1705 re-

385 1729 626 1779 stitutum
646 1730 851 1792 (manca
876 1732 959 1781 est
981 1730 1125 1781 enim
1144 1730 1430 1794 inscriptio)

388 1802 580 1852 Vestae
602 1804 778 1866 potius
801 1802 1105 1854 dedicatum
1131 1808 1245 1854 erat
1269 1818 1432 1868 quam

386 1874 658 1928 Albuneae
704 1878 815 1928 sive
855 1876 1085 1940 Sibyllae
1128 1877 1433 1930 Tiburtinae

386 1951 641 2012 (lactant.
678 1953 805 2002 Inst.
844 1953 893 2012 4,
928 1952 996 2016 6).
1041 1951 1192 2003 Idem
1222 1966 1277 2017 p.
1314 1952 1427 2003 464.

389 2025 590 2075 doum
652 2026 901 2077 Albuneae
968 2027 1197 2079 eandem
1272 2029 1431 2079 fuisse

393 2101 657 2163 opinatur,
695 2114 833 2165 quae
868 2115 1011 2152 nunc
1044 2102 1235 2152 dicitur
1254 2104 1435 2154 Grotta

392 2175 612 2239 (crypta)
649 2177 701 2225 di
732 2177 973 2238 Nemo,
1019 2178 1168 2229 cuius
1201 2179 1433 2242 opinioni

389 2250 597 2300 accedit
646 2248 881 2315 locuples
921 2255 1130 2314 auctor,
1184 2251 1432 2304 Walcke-

390 2338 520 2375 naer
551 2326 591 2375 1.
628 2338 683 2389 p.
726 2325 841 2377 347.

450 2400 529 2449 43.
604 2399 748 2463 Anio]
806 2401 859 2450 h.
917 2401 1190 2464 Twerone,
1249 2396 1316 2465 ὃς
1365 2401 1431 2454 ἐκ

388 2470 609 2538 πόλεως
676 2470 936 2546 Τιβύρων
1001 2476 1135 2528 καθ’
1192 2471 1430 2544 ὖψηλοῦ

387 2546 533 2601 πολὺ
568 2549 822 2610 ἐκχεῖται
854 2550 1164 2604 σκοπέλου.
1210 2554 1426 2617 Dionys.

387 2625 547 2676 Halic.
585 2627 634 2676 5.
671 2639 725 2690 p.
762 2626 877 2677 305.
947 2628 1075 2678 Stat.
1124 2626 1243 2678 Silv.
1292 2629 1340 2690 4,
1376 2631 1427 2689 5,

384 2701 475 2751 25:
505 2713 749 2763 praeceps
778 2701 950 2751 Anien.
1006 2704 1242 2767 Propert.
1269 2702 1318 2764 3,
1347 2704 1427 2764 46,

384 2774 439 2826 t:
476 2776 544 2825 Et
573 2775 711 2824 cadit
742 2776 1434 2839 inpauaostmpkaAnio-

385 2863 455 2900 aa
506 2851 648 2900 lactas
702 2849 769 2913 (le
821 2851 1079 2902 caoeatolle
1132 2852 1187 2902 di
1238 2852 1429 2915 Tivoli),

386 2925 615 2975 maxime
657 2923 750 2974 ubi
801 2938 942 2975 nunc
977 2929 1061 2977 est
1089 2927 1240 2976 Ponte
1271 2928 1427 2988 Lupo.

388 2998 493 3048 Cir.
529 2997 885 3050 Walckenaer
917 2998 951 3050 l.
988 2997 1024 3049 l.
1050 3025 1105 3036 —·
1135 2999 1336 3050 Tiburni
1358 3000 1435 3050 lu-

384 3072 484 3136 cus]
517 3085 688 3137 prope
721 3072 910 3134 Tibur,
956 3076 1015 3123 ut
1056 3077 1202 3124 recte
1234 3077 1427 3137 Acron,

386 3146 628 3197 diversus
661 3160 793 3198 sane
838 3160 871 3197 a
902 3160 1125 3199 nemore
1166 3149 1306 3199 iuxta
1341 3148 1432 3199 Al-

384 3221 591 3271 buneae
605 3224 835 3272 antrum.
855 3221 961 3273 Cfr.
977 3220 1180 3273 Walck.
1195 3222 1231 3274 1.
1245 3222 1279 3272 1.
1299 3225 1427 3274 Stat.

386 3295 504 3346 Silv.
546 3297 593 3357 4,
619 3297 669 3358 3,
697 3295 786 3348 74:
822 3297 920 3347 Illa
949 3297 1155 3348 recubat
1190 3297 1434 3349 Romus

383 3370 435 3420 in
464 3370 662 3421 maora.
723 3371 987 3422 Tiburnus
1024 3372 1181 3435 (virg.
1208 3372 1430 3435 quidem

382 3447 510 3496 Aen.
548 3445 598 3505 7,
636 3446 759 3496 67⁴:
796 3446 994 3496 Fratris
1027 3446 1215 3497 Tiburti
1244 3448 1433 3498 dictatu

382 3521 669 3584 constamine
698 3525 918 3584 σοηωηι,
963 3522 1025 3571 ut
1064 3521 1229 3572 habet
1268 3522 1429 3573 etiam

382 3595 613 3659 Wagner
645 3596 701 3645 et
733 3596 787 3645 in
823 3596 1038 3645 Horatio
1073 3595 1241 3647 Codd.
1280 3595 1425 3661 aliq.,

382 3668 447 3718 ita
484 3671 682 3731 tamen,
720 3673 780 3720 ut
800 3670 1083 3721 videantur
1102 3668 1302 3722 librarii
1325 3672 1429 3722 Ho-

383 3745 573 3794 ratium
590 3744 660 3794 ad
675 3743 949 3808 Virgilium
965 3745 1426 3807 accommodasse,

382 3832 504 3869 nam
526 3818 777 3870 meliores
801 3819 969 3871 Codd.
1001 3820 1275 3883 Tibia-nit),
1301 3822 1429 3871 Am-

380 3892 581 3956 phiarai
613 3892 753 3944 filius
774 3892 859 3945 vel
882 3907 1068 3959 nepos,
1095 3907 1221 3945 cum
1243 3894 1428 3946 Catillo

379 3970 435 4018 et
465 3968 601 4018 Cora
638 3967 911 4020 fabulosus
935 3969 1141 4020 Tiburis
1164 3969 1422 4020 conditor.

378 4042 485 4092 Cir.
524 4041 594 4092 ad
628 4041 725 4092 Od.
766 4044 815 4104 4,
854 4043 935 4105 48,
972 4043 1021 4093 2.

441 4115 521 4168 44.
557 4116 836 4181 Mobilibus]
879 4119 1080 4181 «vagis,
1118 4117 1427 4170 discurren-

376 4190 517 4243 tibus
552 4192 678 4242 rivis
710 4193 958 4256 irrigua.»
1015 4194 1252 4258 Propert.
1289 4191 1341 4254 t,
1371 4192 1422 4253 7,

374 4266 466 4317 84ε
528 4268 758 4318 Remotis
796 4267 923 4319 Anio
966 4280 1069 4332 Qua
1092 4268 1311 4333 pomifer
1341 4268 1426 4318 ὀπ-

1503 1508 1607 1557 Νοσ
1639 1511 1687 1557 te
1710 1512 2000 1569 praetereo,
2037 1508 2125 1570 qut
2149 1521 2395 1571 pcrcoeva
2413 1522 2550 1559 saxa

1501 1582 1735 1632 volutans
1770 1582 1962 1633 Tiburis
1989 1582 2140 1647 Aram·
2160 1583 2399 1647 spuntisor
2418 1597 2551 1634 awa

1569 1731 1855 1782 Detensam
1890 1744 2062 1797 nuper
2092 1731 2321 1783 vidimus
2360 1746 2392 1783 a
2425 1735 2552 1784 Gro-

1505 1805 1739 1856 tefendio
1785 1806 1965 1868 (Ersch
2006 1807 2208 1869 Encycl.
2255 1808 2316 1856 ll.
2365 1807 2443 1858 40.
2493 1819 2545 1871 p.

1506 1878 1593 1930 47⁴
1609 1881 1641 1943 .)
1679 1893 1801 1931 eam
1823 1882 2104 1942 rationem,
2131 1894 2296 1945 quam
2317 1895 2552 1946 sequun-

1504 1956 1594 2005 tur
1625 1954 1776 2006 multi
1821 1955 1988 2006 Codd.
2006 1994 2018 2017 ,
2071 1958 2132 2006 ut
2180 1956 2288 2008 duo
2338 1958 2550 2009 diversa

1505 2030 1610 2080 sint
1643 2032 1878 2081 carmina
1909 2043 1995 2080 vv.
2036 2029 2210 2081 4-44.
2250 2034 2304 2082 64
2337 2033 2546 2083 tes-32.

1505 2105 1738 2164 Verum,
1793 2106 1864 2155 ita
1906 2106 1967 2155 ut
2007 2104 2395 2168 discindantur,
2446 2121 2550 2158 nec

1506 2178 1751 2229 concedit
1794 2179 2133 2243 stropharum
2173 2181 2308 2230 ratio
2348 2194 2378 2230 a
2417 2182 2550 2231 Mei-

1504 2254 1660 2304 nekio
1694 2253 1984 2316 significata
2018 2255 2177 2317 atque
2201 2268 2232 2304 a
2257 2253 2410 2305 nobis
2432 2268 2551 2305 ser-

1503 2331 1652 2389 vata,
1691 2331 1746 2378 et
1778 2329 2108 2392 apertissima
2145 2331 2228 2379 est
2257 2331 2550 2380 sententia-

1503 2411 1626 2453 rum
1660 2404 1798 2453 inter
1829 2417 1916 2453 vv.
1957 2402 2018 2454 ⁴4
2053 2405 2108 2453 et
2142 2404 2220 2454 45.
2261 2405 2543 2455 connexio:

1506 2478 1671 2529 «Ante
1706 2492 1894 2530 omnes
1927 2479 2172 2543 regiones
2211 2478 2342 2530 mihi
2374 2477 2549 2545 placet

1504 2552 1692 2611 Tibul-3
1741 2566 1869 2616 ergo
1909 2556 1968 2603 tu
2010 2566 2225 2617 quoque
2267 2555 2320 2604 in
2363 2567 2550 2605 amoe-

1504 2627 1725 2678 nissimo
1780 2627 2050 2677 Tiburtino
2105 2629 2197 2677 tuo
2263 2629 2545 2689 tristitiam,

1506 2715 1646 2765 quae
1681 2715 1822 2753 nunc
1857 2704 1908 2752 te
1944 2702 2110 2764 angit,
2147 2701 2416 2766 depellere
2448 2716 2550 2767 po-

1505 2777 1658 2837 teria,
1713 2776 2170 2840 quemadmodum
2230 2776 2347 2826 fatis
2396 2776 2550 2840 longe

1505 2849 1824 2901 tristioribus
1858 2852 2009 2900 actus
2031 2850 2384 2900 constantiam
2416 2849 2552 2900 hila-

1504 2937 1732 2988 remque
1774 2925 2013 2975 animum
2055 2937 2271 2975 servare
2314 2924 2416 2975 sibi
2449 2938 2550 2989 po-

1503 3000 1604 3050 tuit
1635 3001 1839 3050 Teucer
1869 2998 1954 3050 ille
1977 3001 2259 3064 tragicus.»
2309 3001 2550 3051 Dissecto

1505 3074 1769 3136 carmine,
1807 3076 1868 3125 ut
1888 3072 1972 3124 ille
1995 3072 2224 3135 volebat,
2261 3073 2387 3124 nibil
2422 3076 2551 3125 ieiu-

1505 3150 1625 3200 nius
1658 3151 1817 3213 atque
1852 3150 2067 3217 ljoratio
2099 3148 2363 3213 indignius
2397 3162 2552 3199 exco-

1505 3225 1659 3288 gitari
1698 3226 1937 3288 poterat,
1993 3237 2155 3287 quam
2197 3238 2283 3274 vv.
2330 3223 2546 3287 ⁴,-44.;

1504 3299 1649 3349 omni
1669 3299 1813 3348 enim
1836 3296 2051 3350 oonsilio
2074 3297 2385 3349 destitutum
2407 3300 2553 3348 esset

1504 3371 1609 3423 tale
1661 3372 1900 3423 odarion.
1985 3374 2123 3423 Sane
2173 3370 2328 3435 longe
2378 3370 2546 3422 aliud:

1502 3448 1782 3509 Poscinm,
1821 3449 1899 3497 et:
1945 3448 1984 3497 0
2015 3447 2127 3510 fons
2157 3446 2458 3496 Bandusiae.

1571 3524 1652 3573 45.
1686 3522 1853 3588 Albus]
1890 3523 1974 3572 Sic
2008 3522 2103 3572 Od.
2141 3522 2190 3583 3,
2217 3521 2298 3582 37,
2336 3521 2425 3570 49ε
2462 3519 2552 3570 Δι-

1504 3597 1593 3647 bus
1624 3599 1807 3660 Iapyx.
1876 3597 2015 3660 virg.
2056 3597 2147 3647 Ge.
2188 3596 2234 3656 4,
2273 3593 2395 3647 460:
2442 3595 2551 3644 cla-

1500 3671 1816 3734 mAquelo.
1888 3671 1984 3722 Od.
2039 3670 2088 3732 3,
2141 3671 2190 3731 7,
2240 3670 2295 3719 4;
2348 3670 2551 3719 candidi

1499 3746 1726 3796 Favonii.
1795 3743 2038 3796 Nonnulli
2091 3745 2168 3796 sic
2221 3741 2555 3808 explicabant

1504 3821 1666 3872 etiam
1722 3814 2008 3891 ἀργέστην
2055 3815 2248 3869 Νότον
2296 3816 2440 3869 Iliad.
2497 3817 2546 3880 λ,

1502 3896 1625 3955 306,
1680 3895 1824 3958 quod
1868 3897 2048 3944 tamen
2087 3895 2263 3958 potius
2310 3895 2551 3956 rapidum

1501 3969 1778 4034 significat.
1855 3995 1910 4005 —
1982 3968 2212 4033 deterget]
2287 3968 2550 4031 antiquior

1500 4045 1670 4094 torma
1705 4055 1803 4107 pro
1838 4043 2072 4107 «ἰσων-σα,
2122 4045 2184 4093 ut
2223 4042 2320 4093 od.
2369 4042 2417 4102 4,
2461 4042 2546 4102 28,

1502 4118 1592 4170 ⁴9:
1631 4119 1912 4168 denoentw.

1567 4193 1649 4242 47.
1683 4190 1940 4255 Perpetuo]
1960 4191 2157 4242 Partim
2177 4191 2397 4255 propter
2415 4190 2548 4252 opti·

1500 4279 1718 4318 morum
1743 4265 1909 4317 Codd.
1939 4266 2325 4327 auctoritatem,
2349 4264 2543 4329 partim
