3234 4975
1210 404 1411 455 usna.
1482 405 1679 455 CARM.
1714 405 1844 454 xvi.
2486 402 2608 465 729

604 562 827 624 Ratcm
873 579 1195 645 occupare
1240 558 1399 646 quid
1443 580 1772 625 moramur
1815 559 2017 625 alite?

523 679 649 744 Sed
699 681 983 746 iuremus
1028 680 1092 744 in
1137 680 1337 747 haec:
1387 680 1587 746 Simul
1634 681 1778 746 imis
1824 701 1979 745 saxa
2022 679 2306 746 renarint
2525 682 2607 746 25

607 800 800 866 Vadis
843 798 1081 877 levata,
1129 822 1211 868 ne
1257 801 1472 868 redire
1517 801 1599 867 sit
1645 801 1855 878 nefas3

520 921 659 985 Neu
701 941 1016 987 conversa
1060 921 1324 987 domum
1369 922 1585 1008 pigeat
1629 922 1787 989 dare
1831 922 2055 998 lintea,
2105 920 2367 1008 quando

604 1040 819 1106 Padus
864 1041 1094 1107 Matina
1136 1041 1360 1108 laverit
1403 1042 1778 1118 cacumina,

520 1161 590 1224 In
633 1181 814 1226 mare
859 1182 977 1227 seu
1021 1161 1237 1227 celsus
1282 1164 1681 1249 procurrerit
1723 1163 2126 1250 Apenninus,

606 1283 916 1369 Novaque
962 1291 1246 1348 monstra
1292 1283 1567 1349 iunxerit
1610 1283 1874 1350 libidine
2527 1286 2609 1348 30

521 1402 716 1467 Mirus
762 1423 970 1478 amor,
1022 1403 1195 1469 iuvet
1238 1414 1306 1468 ut
1349 1404 1546 1491 tigres
1591 1404 1935 1472 subsidere
1988 1407 2229 1482 cerviS,

567 1618 648 1666 25.
686 1619 967 1668 uideremus
999 1620 1055 1668 Τ.
1098 1646 1152 1655 -
1188 1625 1428 1670 renerent
1458 1620 1515 1670 Τ.
1573 1648 1628 1656 -
1666 1620 1749 1669 27.
1781 1620 1940 1669 lintea
1972 1633 2080 1670 om.
2118 1623 2175 1671 T.
2218 1649 2272 1657 -
2309 1623 2391 1672 29.
2421 1636 2545 1685 pro-

501 1693 696 1753 ruperit
729 1693 765 1741 F
800 1704 865 1741 ex
900 1691 1067 1742 Codd.
1109 1694 1332 1756 (Nostri,
1369 1693 1590 1744 Bentleii
1612 1731 1624 1754 ,
1664 1694 1893 1744 Pottierii
1922 1695 2283 1760 mooun-reric.)

502 1877 678 1927 25-28.
731 1876 868 1928 «Sed
907 1878 1218 1942 priusquam
1254 1876 1484 1929 classem

438 1951 890 2013 conscendamus,
925 1952 979 2001 in
1000 1953 1137 2004 haec
1156 1953 1323 2003 verba
1347 1953 1486 2003 iure-

439 2039 584 2076 mus:
623 2028 757 2076 Tum
792 2025 1014 2076 demum
1046 2028 1224 2078 redire
1260 2029 1483 2078 Romam

439 2100 594 2151 nobis
627 2099 810 2160 liceat,
849 2113 974 2151 cum
995 2113 1123 2151 saxa
1148 2101 1218 2152 ab
1241 2102 1350 2152 imo
1374 2115 1487 2152 ma-

437 2175 510 2224 ris
556 2174 718 2224 fundo
763 2185 949 2224 rursus
997 2177 1374 2225 emerserint»
1425 2202 1481 2211 —-

437 2248 586 2312 sama]
622 2248 899 2311 proprium
932 2248 1119 2299 fuisset
1137 2262 1308 2298 massa
1337 2249 1482 2312 ferri,

436 2319 654 2392 μύδρος
687 2317 969 2392 σιδήρεος.
1008 2322 1260 2372 Herodot.
1299 2321 1333 2371 l.
1362 2320 1394 2371 l.
1427 2349 1482 2357 —-

439 2396 651 2446 Fundus
673 2396 864 2445 harum
890 2397 1348 2459 comparationum
1366 2389 1486 2445 ἀπὸ

438 2465 541 2522 τοῦ
599 2464 885 2521 ἀδυνάτου
943 2471 1026 2520 est
1073 2468 1286 2521 Achillis
1341 2470 1488 2520 iura-

439 2548 681 2595 mentum
731 2542 877 2594 Iliad.
914 2559 980 2605 α,
1017 2543 1155 2605 234.,
1208 2546 1335 2594 item
1387 2548 1487 2594 Ar-

440 2617 665 2670 chilochi
701 2620 783 2669 Fr.
811 2619 892 2668 69.
918 2619 1090 2681 Bergk
1122 2631 1177 2682 p.
1204 2618 1329 2669 482:
1369 2634 1487 2683 μη-

439 2690 558 2755 δεὶς
611 2686 693 2741 ἔθ
743 2685 907 2756 ὑμῶν
941 2690 1204 2779 ”merope-'511
1253 2693 1486 2757 θαυμα-

438 2769 606 2830 ζέτω,
643 2763 786 2830 Μηδ’
823 2763 893 2814 ἵν’
928 2759 1003 2815 ἂν
1046 2763 1275 2827 δελφῖσι
1307 2764 1487 2835 θῆρες

440 2835 914 2905 ἀνταμείψωνται
979 2835 1165 2905 νομὸν
1227 2835 1487 2891 Ενάλιον

440 2917 540 2966 καί
573 2930 716 2977 σφιν
749 2910 1054 2979 θαλάσσης
1100 2909 1345 2980 ἧχέεντα
1382 2912 1488 2967 κύ-

437 3005 598 3055 ματα
648 2988 861 3075 Φίλτερ
918 2983 1157 3075 ἠπείρου
1217 2992 1485 3055 γένηται,

440 3070 594 3115 τοῖσι
613 3062 661 3113 δ’
687 3057 984 3130 ἦλύγιον””
948 3078 1103 3133 ορος.
1132 3064 1286 3126 (Alias
1309 3065 1490 3115 huius-

441 3139 586 3194 modi
610 3139 1037 3203 comparationes
1063 3139 1300 3202 reperies
1323 3139 1487 3189 etiam

440 3213 583 3277 apud
609 3214 833 3264 Theocr.
872 3213 930 3273 l,
967 3212 1078 3261 432.
1117 3212 1258 3275 virg.
1291 3212 1398 3263 Ecl.
1427 3213 1484 3274 ⁴,

441 3288 519 3337 60.
587 3286 736 3336 ovid.
780 3287 931 3337 Trist.
983 3287 1043 3345 l,
1097 3287 1157 3346 8,
1214 3289 1293 3347 4.,
1352 3299 1488 3349 quas

440 3373 628 3410 omnes
664 3359 828 3409 Ovidii
874 3359 1002 3410 ibid.
1056 3374 1217 3411 versu
1248 3362 1298 3410 5.
1336 3373 1490 3410 com-

440 3433 598 3499 plecti
649 3446 962 3496 possumus:
1037 3436 1220 3485 Omnia
1273 3441 1490 3485 naturae

436 3512 764 3570 praepostera
796 3508 983 3571 legibus
1014 3508 1194 3573 ibunt.)
1237 3510 1489 3559 Ceterum

443 3579 655 3631 iuvenili
687 3581 879 3631 ardore
913 3580 1168 3644 abreptus
1202 3583 1357 3633 nimis
1390 3583 1494 3633 for-

444 3659 584 3705 tasse
620 3656 673 3703 in
704 3654 1132 3718 hisimaginibus
1156 3655 1489 3706 cumulandis

443 3727 733 3777 luxuriatus
784 3730 866 3778 est
897 3731 1074 3792 poeta.
1126 3754 1180 3765 —
1239 3731 1491 3779 Matina-

442 3802 724 3864 cacumina]
761 3802 985 3851 Matinus
1019 3815 1173 3854 mons
1212 3803 1322 3853 sive
1362 3817 1491 3867 pro-

445 3876 765 3926 montorium
801 3876 854 3925 in
887 3874 1101 3940 Apulia,
1145 3891 1311 3941 prope
1349 3878 1492 3928 radi-

444 3964 535 4000 ces
587 3950 809 4011 Gargani
851 3950 1073 4009 montis,
1125 3950 1284 4001 hodie
1335 3953 1494 4002 Mati-

443 4029 585 4074 nata.
626 4023 732 4075 Csr.
771 4023 866 4073 Od.
909 4025 966 4083 4,
1004 4025 1094 4084 28,
1133 4025 1181 4074 3.
1221 4025 1315 4074 Od.
1343 4024 1400 4085 4,
1437 4027 1488 4085 2,

445 4099 524 4148 27.
565 4100 759 4147 Lucan.
798 4097 854 4158 9,
894 4097 1017 4147 484;
1061 4102 1108 4147 et
1138 4099 1289 4147 calidi
1332 4099 1493 4148 lucent

1557 1892 1738 1942 ymnus.
1786 1878 1881 1930 Alii
1908 1879 2044 1930 male
2070 1880 2345 1932 Calabriae
2369 1883 2609 1932 montem

1561 1966 1681 2004 esse
1717 1954 1915 2018 opinati
1961 1956 2100 2005 sunt.
2162 1954 2268 2005 Csr.
2320 1954 2608 2007 Romanelli

1562 2027 1860 2092 Topoyrafia
1890 2030 1954 2078 lt.
1980 2041 2033 2092 p.
2060 2029 2158 2080 209
2193 2043 2347 2092 seqq.

1625 2101 1836 2153 29-34.
1888 2104 1948 2152 In
1978 2105 2138 2165 mare]
2177 2104 2259 2152 «Si
2301 2104 2610 2167 Apenninus

1561 2189 1716 2227 mons
1792 2176 2025 2227 mediam
2097 2176 2303 2227 Italiam
2369 2178 2612 2228 dividens

1559 2248 1736 2299 subito
1772 2251 1935 2299 maris
1975 2253 2399 2313 promontorium
2439 2251 2610 2302 factus

1561 2323 1712 2372 erit.»
1753 2349 1808 2358 —·
1843 2325 2139 2384 proruperit
2180 2325 2378 2374 rectius
2413 2324 2610 2375 dixeris

1560 2396 1629 2446 de
1665 2396 1909 2457 flumine,
1952 2398 2269 2458 procurrerit
2302 2398 2370 2447 de
2405 2400 2606 2448 monte.

1561 2470 1709 2521 Ovid.
1740 2471 1875 2520 Fast.
1903 2470 1960 2531 4,
1989 2469 2110 2521 4⁴9:
2153 2471 2308 2521 Terra
2328 2471 2486 2522 tribus
2506 2486 2613 2523 sco-

1554 2546 1693 2607 pulis
1713 2550 1912 2594 vastum
1932 2548 2192 2607 procurvat
2214 2547 2267 2595 in
2291 2560 2483 2608 aequor
2507 2547 2612 2596 Tri-

1561 2620 1747 2668 nacris.
1785 2620 1947 2669 Tacit.
1974 2621 2146 2682 Agric.
2176 2621 2265 2669 ⁴4:
2298 2635 2610 2682 procurren-

1560 2694 1726 2743 tibus
1708 2708 1762 2742 m
1786 2694 1985 2742 diversa
2006 2695 2169 2743 terris.
2209 2696 2418 2757 Longus
2440 2697 2489 2756 2,
2514 2697 2606 2746 25ε

1559 2761 1744 2837 ἄκρας
1765 2763 2231 2833 ἐπεμβαινούσης
2251 2766 2331 2834 τῷ
2359 2765 2607 2834 πελάγει.

1562 2843 1661 2891 «Se
1706 2841 2162 2905 praecipitaverit»
2201 2855 2325 2892 cum
2368 2841 2479 2894 aliis
2514 2856 2611 2894 nos

1562 2914 1827 2979 explicare
1870 2928 1975 2964 non
2022 2928 2326 2978 possumus.
2400 2918 2478 2966 Tu
2512 2916 2607 2967 cfr.

1563 2989 1760 3038 Lucani
1785 2987 1815 3039 4
1831 3027 1842 3049 ,
1870 2988 1993 3038 405:
2031 2990 2097 3038 Et
2128 2989 2347 3050 tepidum
2368 2991 2421 3039 in
2441 2991 2613 3041 molles

1558 3062 1806 3125 Zephyros
1827 3063 2054 3111 evae-rit
2073 3064 2241 3127 iader.
2268 3064 2316 3124 8,
2339 3064 2460 3115 538:
2497 3066 2613 3115 Per·

1556 3139 1665 3201 fida
1689 3150 1793 3198 qua
1822 3137 1965 3186 tellus
1985 3136 2144 3186 Casiis
2162 3139 2391 3188 excurrit
2423 3140 2607 3189 arenis.

1566 3238 1622 3247 —-
1674 3212 1822 3261 Nova
1858 3237 1887 3248 —
1926 3236 1955 3247 —
1988 3211 2212 3273 libidine]
2278 3214 2353 3263 «si
2404 3213 2612 3264 inaudi-

1562 3288 1648 3335 tae
1673 3298 1737 3334 ac
1770 3287 2112 3349 portentosae
2149 3285 2394 3337 libidines
2431 3288 2612 3339 iunxe-

1560 3360 1666 3409 rint
1700 3359 1946 3410 animalia
1981 3359 2239 3423 disparia,
2279 3359 2331 3408 id
2354 3360 2499 3423 quod
2522 3375 2613 3411 ve-

1561 3433 1655 3483 luti
1679 3436 1976 3484 monstrum
1994 3435 2138 3482 esset
2160 3433 2610 3496 procurandum.»

1566 3534 1623 3543 —
1642 3506 1906 3567 subsidere]
1933 3506 2079 3555 «iniri
2114 3519 2172 3556 se
2197 3507 2413 3569 cupiant
2434 3519 2466 3555 a
2489 3519 2612 3556 cer-—

1564 3580 1713 3634 vis».
1733 3581 1837 3630 Cl'r.
1866 3580 2072 3629 Lucret.
2094 3579 2143 3639 4,
2172 3580 2316 3628 ⁴494.
2342 3581 2607 3643 Aristoph.

1562 3656 1684 3704 Pac.
1722 3666 1771 3702 v.
1812 3653 1957 3702 4075.
1996 3651 2265 3703 Hierocles
2298 3655 2478 3704 vates:
2529 3647 2610 3704 Οὐ

1562 3723 1674 3797 γάρ
1719 3740 1807 3776 πω
1851 3721 2003 3777 τοῦτ’
2035 3726 2159 3777 ἐστὶ
2192 3725 2367 3788 φίλον
2415 3725 2613 3792 μακά-

1563 3816 1729 3871 ρεσσι
1762 3800 2014 3859 θεοῖσιν,
2067 3797 2388 3864 Φυλόπιδος
2421 3799 2611 3868 λῆξαι,

1565 3877 1698 3946 πρὶν
1730 3891 1831 3927 κεν
1864 3872 2040 3939 λύκος
2074 3872 2165 3926 οἶν
2189 3871 2473 3940 ὑμεναιοῖ.
2527 3879 2613 3928 Sic

1563 3952 1820 4002 succedere
1853 3951 1994 4014 apud
2031 3952 2265 4002 Gratium
2298 3967 2350 4001 ν.
2392 3951 2502 4003 464.
2542 3952 2611 4003 de

1567 4026 1709 4074 coitu
1744 4025 1890 4075 canis
1926 4026 2205 4087 Hyrcanae
2241 4040 2364 4076 cum
2402 4027 2607 4090 tigride:

1570 4100 1703 4148 Tunc
1746 4105 1791 4148 et
1834 4100 2106 4148 mansuetis
2147 4104 2252 4149 tuto
2294 4100 2431 4162 ferus
2473 4106 2614 4149 errat

445 4173 634 4222 buxeta
655 4172 861 4229 Matini,
889 4170 980 4220 ubi
1004 4183 1173 4222 verss.
1200 4171 1488 4236 praecedd.
1566 4173 1765 4222 adulter
1806 4174 1866 4222 In
1898 4172 2104 4223 stabulis
2132 4175 2363 4237 ultroque
2405 4184 2614 4238 gravem

449 4248 778 4298 memoratur
810 4247 1016 4308 Apulus,
1039 4272 1063 4282 -
1082 4273 1106 4282 -

1126 4247 1275 4295 simul
1295 4251 1340 4296 et
1364 4248 1496 4297 Gar·
1566 4247 1825 4298 succedere
1857 4247 2029 4310 tim-im
2073 4250 2211 4300 Ausa
2242 4250 2383 4298 canis
2421 4247 2614 4297 maiore
