3234 4975
572 373 696 437 730

1393 375 1650 425 noRA'ru
1679 375 1939 432 ‘EPODON

741 528 1150 596 Adulteretur
1191 540 1256 596 et
1298 529 1598 596 columba
1640 530 1873 608 milu0,

659 650 938 718 Credula
982 671 1101 718 nec
1146 671 1337 717 ravos
1382 651 1647 732 timeant
1688 662 1978 718 armenta
2022 651 2277 722 leones,

736 776 1050 860 Ametque
1095 771 1268 838 salsa
1313 771 1474 838 levis
1519 772 1738 839 hircus
1783 793 2091 860 aequora.

655 895 857 970 Haec,
906 904 970 960 et
1002 914 1173 981 quae
1201 903 1506 980 poterunt
1533 892 1783 960 reditus
1815 892 2200 960 abscindere
2231 892 2487 960 dulces.

2662 892 2746 958 35

739 1015 974 1080 Eamus
1019 1015 1226 1080 omnis
1272 1024 1608 1081 exsecrata
1653 1014 1909 1091 civitaS,

650 1138 772 1201 Aut
813 1156 964 1222 pars
1010 1133 1269 1201 indocili
1313 1134 1544 1201 melior
1585 1156 1815 1222 grege3
1861 1134 2072 1200 mollis
2116 1146 2181 1201 et
2222 1153 2458 1221 exspes

734 1257 1087 1322 inominata
1129 1255 1484 1343 perprimat
1525 1255 1798 1323 cubilia!

695 1453 758 1501 V.
796 1452 876 1502 32.
915 1450 1070 1502 deest
1101 1464 1200 1502 suo
1235 1450 1353 1502 loco
1387 1453 1440 1501 in
1479 1452 1518 1502 B
1555 1453 1611 1502 et
1644 1450 1836 1514 legitur
1873 1454 1995 1517 post
2033 1465 2083 1502 v.
2111 1451 2192 1502 39.
2223 1479 2277 1487 —-
2317 1452 2398 1502 33.
2436 1464 2588 1501 ravos
2608 1453 2672 1512 B,

629 1528 879 1590 quattuor
894 1524 1177 1587 Blandinii,
1217 1526 1483 1589 Cruquius
1508 1528 1562 1576 et
1578 1524 1885 1576 Bentleius:
1920 1527 2084 1590 flavos
2105 1524 2287 1586 bSTc,
2328 1526 2530 1575 «maior
2551 1537 2676 1589 pars

633 1600 839 1651 Codd.»
873 1598 1128 1660 Bentleii,
1169 1600 1331 1661 tFMJ,
1367 1613 1540 1650 saevos
1570 1615 1674 1666 yv,
1711 1600 1944 1649 Pottierii
1978 1600 2191 1659 tertius,
2227 1600 2391 1662 flavos
2422 1598 2605 1650 Lamb.

562 1777 675 1825 tulit
707 1777 767 1826 de
797 1776 1041 1838 saumana
1072 1775 1244 1838 fetum.
1289 1802 1342 1810 —
1378 1775 1610 1836 Credula]

564 1862 806 1900 «summa
840 1851 947 1899 iam
983 1849 1176 1899 fiducia
1210 1849 1450 1912 praedita
1483 1862 1614 1912 pro-

561 1925 684 1987 pter
732 1922 947 1974 leonum
991 1923 1512 1973 mansuetudinem.»
1551 1949 1608 1959 -

561 1998 730 2058 ravos]
768 1995 965 2047 «oculis
997 1998 1139 2047 ravis
1163 1999 1218 2047 et
1238 1997 1489 2046 atrociter
1510 1993 1612 2046 ful-

562 2069 862 2133 gentibus.»
897 2071 1065 2120 Varro
1099 2072 1157 2120 R.
1185 2071 1242 2119 R.
1269 2071 1329 2130 2,
1366 2071 1415 2119 2.
1454 2069 1612 2118 docet

563 2145 758 2195 arietes
809 2156 931 2195 esse
985 2143 1186 2195 debere
1233 2145 1375 2193 ravis
1420 2144 1607 2205 oculis,

566 2220 695 2281 Cap.
717 2217 765 2267 9.
794 2231 984 2269 canem
1004 2218 1323 2282 nigrantibus
1339 2223 1431 2268 aut
1449 2219 1607 2268 ravis.

560 2291 656 2343 Alii
699 2294 1029 2356 interpretati
1062 2296 1187 2344 sunt
1221 2293 1288 2343 de
1331 2291 1482 2356 pellis
1516 2306 1611 2342 co-

561 2366 700 2429 lore,
738 2369 798 2417 ut
831 2369 914 2418 est
945 2367 1086 2431 apud
1121 2368 1296 2430 Eurip.
1320 2368 1476 2418 Herc.
1504 2367 1604 2416 fur.

561 2442 684 2493 360:
738 2439 971 2505 λέοντος
985 2479 1000 2505 ,
1037 2439 1274 2513 Πυρσοῦ
1297 2470 1328 2480 -
1349 2466 1381 2477 -
1401 2437 1604 2512 θηρός.

561 2516 667 2567 Csr.
696 2516 791 2567 Od.
818 2517 876 2579 3,
900 2519 991 2578 27,
1017 2518 1074 2567 3:
1112 2519 1300 2568 Rava-
1322 2517 1461 2579 lupa.
1501 2517 1609 2565 Ho-

561 2592 727 2641 ratius
760 2591 973 2641 videtur
998 2592 1328 2655 expressisse
1364 2591 1609 2640 Homeri-

561 2678 685 2715 cum
707 2665 818 2729 (Od.
840 2662 890 2725 λ,
916 2666 1050 2725 644.)
1087 2666 1339 2735 χαροποί
1367 2678 1428 2713 τε
1452 2662 1608 2714 λέον-

561 2752 670 2803 τες.
740 2739 907 2791 Gloss.
948 2739 1143 2790 Philox.
1189 2753 1372 2800 ravus,
1426 2752 1607 2808 χαρο-

559 2813 685 2876 πός.
742 2815 937 2864 Firmat
969 2815 1107 2864 hanc
1140 2813 1261 2864 lect.
1302 2813 1431 2865 Cod.
1469 2814 1606 2863 anti-

557 2890 726 2951 quiss.
763 2889 822 2938 B.
858 2888 1092 2939 Aliorum
1124 2891 1285 2953 flavos
1315 2889 1370 2938 h.
1408 2888 1442 2939 l.
1469 2889 1606 2938 otio-

555 2975 677 3013 sum
713 2964 798 3013 est
828 2976 930 3012 nec
963 2963 1091 3013 satis
1123 2959 1325 3033 κύριον
1357 2975 1456 3025 pro
1498 2962 1605 3025 ful-

552 3050 658 3086 vos.
714 3037 870 3099 (virg.
908 3040 1039 3087 Aen.
1065 3038 1126 3098 2,
1165 3038 1301 3100 722.)
1336 3034 1460 3096 Alii,
1511 3037 1602 3099 qui

557 3124 664 3161 non
707 3112 877 3172 magis
916 3124 968 3160 v.
1009 3123 1165 3160 ravos
1213 3108 1600 3172 intelligebant,

555 3184 943 3236 substituerunt
963 3197 1152 3245 saevos,
1179 3186 1238 3232 ut
1260 3184 1425 3233 C2dd.
1453 3184 1598 3234 Leid.

561 3287 614 3297 -
652 3257 787 3321 lovis]
825 3255 986 3309 «levis
1009 3256 1203 3321 (λεῖος)
1233 3257 1402 3309 sactus
1435 3259 1604 3309 instar

552 3334 741 3398 pisciS,
800 3345 922 3382 cum
975 3333 1164 3383 natura
1212 3330 1429 3383 villosus
1480 3333 1600 3383 sit„

553 3410 765 3459 Dictum
798 3408 882 3458 est
913 3420 1014 3471 per
1045 3402 1358 3478 πρόληψιν.

619 3484 682 3534 35
699 3509 728 3521 -
745 3481 826 3532 40.
866 3483 1000 3533 Haeo
1019 3508 1051 3519 -
1070 3508 1102 3519 -
1121 3481 1412 3543 moer-ata]
1470 3482 1600 3531 «His

552 3558 689 3608 votis
722 3568 862 3607 cum
882 3557 1246 3607 exsecratione
1271 3555 1596 3618 conceptis»

550 3634 648 3681 Vv.
685 3635 951 3681 macram
980 3632 1159 3681 civitas
1195 3642 1320 3680 cum
1352 3631 1404 3679 vi
1437 3641 1600 3693 repe-

551 3706 643 3756 tita
665 3706 792 3754 sunt
813 3717 878 3754 ex
898 3717 950 3753 v,
980 3704 1059 3754 48.
1090 3729 1145 3740 —-
1170 3704 1372 3753 indocili
1386 3727 1416 3738 -
1429 3705 1600 3766 yreqe]

554 3777 748 3841 «volgo
804 3779 1051 3842 imperito
1073 3817 1085 3839 ‚
1144 3780 1230 3828 cui
1285 3776 1598 3842 persuaderi

551 3853 736 3915 nequit
772 3851 963 3903 melius
998 3866 1119 3904 esse
1154 3851 1456 3916 relinquere
1499 3864 1599 3916 pa-

550 3926 708 3976 triam
731 3940 893 3989 quam
916 3929 1229 3978 servitutem
1251 3927 1479 3985 servire;
1510 3927 1598 3975 hic

453 4024 458 4035 ·
549 4013 678 4063 grex
719 4001 1120 4064 (contemptim)
1165 4000 1500 4052 effeminatus
1544 4002 1600 4050 et

549 4076 770 4139 propter
825 4075 1060 4125 animum
1128 4074 1396 4125 abiectum
1453 4076 1596 4126 omni

549 4163 644 4214 spe
681 4147 901 4199 meliore
936 4148 1221 4199 destitutus
1256 4150 1500 4200 desidem
1524 4152 1598 4199 at-

1690 1786 1811 1825 mae
1862 1774 2101 1838 pigritiae
2152 1775 2295 1824 notio
2352 1775 2491 1824 inest
2545 1775 2597 1824 in
2648 1788 2737 1824 vv.

1681 1850 1969 1911 per-primm
1990 1848 2202 1908 cubilia,
2244 1846 2614 1898 «somniculosi
2644 1849 2743 1898 ho-

1688 1924 1860 1974 mines
1908 1925 2172 1987 perpetuo
2224 1935 2288 1971 ea
2338 1924 2587 1985 premant
2636 1921 2743 1972 do-

1688 1998 1869 2060 mique
1905 1997 2237 2048 desideant.»
2283 1995 2517 2059 (proprie
2552 1997 2741 2045 durch-

1684 2072 1891 2136 laam-m
1913 2071 2239 2122 «Fortbmltten
2261 2071 2362 2133 auf
2373 2071 2736 2122 deml’olsterm

1684 2145 1859 2209 Voss.)
1901 2173 1956 2181 —
1995 2145 2163 2207 tollite]
2200 2146 2259 2194 ut
2290 2146 2421 2208 Epp.
2459 2145 2514 2204 4,
2553 2144 2633 2204 42,
2670 2143 2733 2193 3:

1687 2219 1815 2269 Tolle
1837 2220 2091 2282 querela-33
2120 2217 2378 2282 «pellite»,
2405 2220 2463 2267 ut
2478 2231 2545 2267 ex
2562 2215 2733 2268 Gloss.

1682 2292 1886 2344 habent
1908 2293 2075 2344 Codd.
2098 2292 2311 2356 aliquot.
2332 2290 2629 2342 Archiloch.
2648 2293 2734 2342 Fr.

1682 2368 1742 2429 8,
1779 2367 1827 2417 9.
1863 2367 2053 2417 Schn.:
2092 2361 2239 2420 ἀλλὰ
2271 2362 2518 2426 τάχιστα
2551 2362 2734 2430 Τλῆτε

1681 2445 2013 2509 γυναικεῖον
2067 2439 2282 2503 πένθος
2335 2435 2734 2505 ἀπωσάμενοι.

1687 2544 1742 2553 -
1756 2515 2080 2567 Felicissime
2099 2517 2277 2565 autem
2298 2515 2555 2578 gloriosae
2573 2516 2737 2566 huius

1681 2590 1836 2653 fugae
1854 2589 2186 2641 celeritatem
2209 2590 2337 2654 ipsis
2361 2590 2598 2640 numeris
2621 2593 2733 2639 tam

1680 2664 1999 2716 volubilssms
2023 2665 2287 2727 expressit
2302 2666 2475 2728 poeta.
2502 2688 2557 2700 --
2576 2677 2738 2725 prae-

1679 2744 1756 2789 ter
1777 2766 1807 2777 -
1825 2740 2005 2804 volate]
2038 2738 2347 2789 «celerrime
2371 2739 2736 2801 praeternavi-

1679 2816 1799 2876 gate
1816 2804 2022 2864 Etrusci
2046 2813 2211 2862 maris
2250 2811 2418 2873 litora,
2459 2813 2518 2861 ut
2542 2824 2735 2876 perve-

1680 2888 1832 2936 niatis
1866 2888 1918 2936 in
1943 2887 2216 2936 Oceanum
2242 2884 2612 2935 Atlanticum·
2650 2887 2731 2935 De

1679 2959 1831 3012 solito
1864 2971 2053 3010 earum
2094 2962 2308 3010 navium
2355 2972 2540 3019 cursu,
2586 2972 2729 3022 quae

1679 3033 1866 3084 Gallias
1897 3036 1952 3084 et
1985 3035 2261 3098 Hispanias
2293 3037 2538 3097 petentes
2565 3046 2730 3097 prae·

1678 3107 2030 3159 tervehebant
2050 3110 2228 3159 ruinas
2242 3110 2307 3158 Et
2328 3109 2577 3158 desolatas
2594 3121 2733 3158 moe—

1678 3185 1767 3233 nia
1808 3184 1956 3246 foeda
2000 3184 2180 3246 eosne,
2221 3210 2251 3220 -
2289 3211 2321 3221 -
2365 3183 2618 3246 siynatm
2661 3182 2730 3231 ab

1676 3259 1883 3308 Hermae
1911 3263 2117 3320 portum
2168 3258 2307 3321 (sive
2343 3258 2635 3321 Cosanum)
2672 3259 2732 3307 et

1677 3335 1889 3397 portum
1924 3335 2229 3383 Lunensem
2279 3330 2551 3396 (Car-rara)
2600 3331 2729 3382 vide

1677 3405 1848 3457 Rutilii
1883 3408 2217 3457 Itinerarium
2254 3407 2309 3467 l,
2345 3407 2459 3457 285.

1739 3479 1960 3531 lat-42.
2023 3480 2401 3544 cir-cinnum]
2457 3481 2516 3529 ut
2569 3478 2722 3529 Ovid.

1677 3556 1796 3606 Met.
1836 3555 1927 3615 45,
1981 3555 2103 3605 739:
2168 3556 2489 3619 drcmnflmoe
2538 3556 2723 3604 mais.

1677 3630 1909 3678 Haerent
1941 3629 2259 3692 interpretes
2307 3629 2361 3678 in
2409 3641 2497 3677 vv.
2541 3627 2729 3678 distin-

1675 3705 1866 3765 ctione,
1894 3716 2018 3753 cum
2037 3703 2120 3754 alii
2145 3703 2379 3755 habeant
2395 3703 2441 3766 4)
2461 3706 2724 3761 nostram.

1675 3791 1814 3840 quae
1865 3778 1968 3827 hoc
2017 3778 2312 3840 significat:
2375 3778 2508 3827 «Nos
2554 3782 2731 3826 mnes

1676 3853 1901 3902 Oceanum
1943 3853 2326 3915 civ-ommam,
2377 3844 2687 3920 ἀψόῤῥοος
2708 3886 2725 3909 ,

1675 3922 1863 3976 πάντα
1923 3922 2150 3975 κυκλῶν
2169 3963 2181 3985 ,
2256 3926 2347 3989 qui
2413 3937 2477 3975 ex
2546 3924 2727 3988 prisca

1677 4001 1951 4050 hominum
1976 4001 2223 4063 opinione
2256 4001 2424 4049 totum
2457 4000 2729 4049 terrarum

1674 4075 1863 4125 orbem
1921 4075 2277 4135 circumfluit;
2337 4074 2419 4135 (ut
2466 4070 2723 4134 Aeschyl.

1676 4151 1849 4198 Prom.
1878 4147 2000 4199 ⁴38:
2040 4145 2159 4199 Τοῦ
2182 4147 2309 4217 περὶ
2332 4141 2527 4196 πᾶσάν
2560 4144 2619 4194 θ’
2643 4145 2729 4194 εἱ-

549 4236 655 4287 que
680 4224 962 4275 insaustam
983 4224 1147 4275 vitam
1171 4227 1343 4287 agat.»
1370 4252 1422 4263 -
1449 4226 1601 4276 Sum-
1675 4221 2029 4287 λισσομένου
2054 4219 2238 4272 Χθόν·
2265 4216 2567 4286 ἀκοιμήτῳ
2588 4214 2731 4289 ῥεύ-
