3234 4975
655 386 780 449 288

1431 393 1686 445 HORATII
1723 394 2059 446 CARMINUM

1377 880 1847 944 cm
1882 882 2111 944 xlv-

994 1077 1172 1144 Eheu
1219 1076 1512 1164 fugaceS,
1560 1079 1898 1163 Postume,
1948 1081 2284 1155 Postume,

997 1198 1322 1264 Labuntur
1365 1199 1513 1262 anni
1557 1218 1680 1264 nee
1722 1199 1929 1285 pietas
1976 1221 2224 1265 moram

789 1396 922 1445 xlv,
983 1397 1148 1445 Inser.
1203 1393 1340 1457 volg.
1409 1394 1485 1443 Aa
1516 1396 1816 1443 Postumum.
1874 1422 1930 1431 —
1987 1395 2063 1445 Ad
2093 1397 2378 1446 Postwnwm
2411 1398 2471 1446 de
2518 1399 2766 1448 celeritate

719 1467 977 1534 (brevitate
1008 1467 1061 1531 b)
1094 1469 1230 1518 vitae
1260 1467 1468 1519 BbSTc.
1510 1495 1566 1505 —-
1605 1470 1652 1518 ⁴.
1689 1469 1798 1518 Heu
1828 1469 1922 1519 heu
1955 1470 2007 1519 F.
2049 1468 2247 1531 (Nullus
2283 1472 2568 1534 meorum.)

720 1646 850 1695 XIV.
898 1647 1237 1703 Postumum,
1287 1644 1561 1693 hominem
1604 1656 1705 1693 no·

654 1717 739 1770 bis
762 1721 998 1781 ignotum
1025 1719 1138 1781 (nisi
1163 1717 1306 1780 quod
1331 1718 1400 1766 ad
1419 1720 1705 1767 Postumum

655 1794 887 1856 aliquem
923 1796 1006 1842 est
1039 1794 1200 1841 etiam
1236 1794 1492 1856 Propertii
1526 1793 1703 1855 Elegia

656 1866 711 1927 3,
752 1868 872 1927 42),
912 1867 978 1915 ad
1016 1865 1306 1928 abigendas
1342 1867 1531 1916 nimias
1566 1866 1707 1917 solli-

656 1940 915 1989 citudines
964 1942 1124 2002 atque
1171 1939 1239 1988 ad
1282 1940 1578 2003 sapientem
1622 1941 1705 1988 vi-

655 2016 741 2062 tae
776 2026 934 2062 usum
969 2013 1298 2062 adhortatur.
1337 2012 1529 2063 Similis
1553 2027 1708 2077 argu-

655 2088 820 2137 menti
856 2089 978 2137 sunt
1012 2086 1107 2136 Od.
1146 2088 1203 2146 2,
1242 2086 1272 2135 3
1310 2089 1362 2136 et
1399 2088 1476 2136 Η.
1516 2087 1612 2136 Od.
1650 2086 1700 2147 4,

655 2162 711 2220 7,
751 2163 852 2209 cet.
889 2161 1090 2210 Verum
1113 2173 1144 2209 a
1167 2159 1424 2210 similibus
1448 2174 1513 2210 eo
1535 2163 1705 2225 potis-

653 2235 851 2286 simum
874 2234 1088 2283 differre
1106 2247 1322 2284 carmen
1347 2235 1450 2283 hoc
1471 2235 1700 2297 videtur,

654 2308 798 2372 quod
843 2309 1072 2358 tristiore
1120 2322 1243 2358 cum
1289 2309 1613 2370 aegrimonia
1651 2311 1704 2358 et

654 2383 836 2433 nescio
870 2395 977 2445 quo
1013 2396 1257 2432 maerore
1282 2383 1368 2432 hie
1391 2385 1704 2433 immoratur

652 2458 706 2507 in
751 2456 1090 2520 recogitanda
1135 2457 1293 2507 nimia
1339 2458 1478 2507 vitae
1523 2456 1705 2508 brevi-

655 2534 788 2591 tate,
836 2534 889 2581 et
925 2529 1131 2595 μύθων
1165 2532 1563 2594 imaginumque
1604 2547 1702 2581 cu-

653 2604 797 2654 mulo
844 2607 1002 2668 atque
1051 2608 1307 2667 congestu
1353 2607 1505 2667 quasi
1552 2605 1704 2654 dele-

653 2681 841 2738 ctatur.
871 2681 1210 2730 Demonstrat
1244 2682 1426 2729 autem
1459 2692 1562 2729 nec
1583 2681 1703 2743 pie-

653 2755 760 2803 tate
798 2755 850 2802 in
886 2753 1018 2804 deos
1053 2756 1108 2802 et
1140 2753 1438 2814 sacrifieiis,
1482 2767 1582 2803 nee
1617 2754 1703 2803 di-

650 2828 818 2886 vitiiS,
861 2841 1037 2890 neque
1085 2827 1190 2877 ulla
1226 2820 1469 2877 cautione
1506 2828 1701 2876 adver-

650 2915 743 2952 sus
789 2900 1008 2950 morbos
1053 2902 1333 2964 pestiferos
1370 2901 1436 2963 (v.
1464 2901 1564 2963 ⁴5.)
1602 2901 1701 2950 de-

650 2976 803 3024 vitari
826 2987 984 3037 posse
1009 2977 1258 3033 mortem,
1295 2976 1525 3025 ultimam
1557 2974 1699 3025 illam

651 3049 847 3099 lineam
869 3061 1068 3098 rerum.
1097 3050 1349 3099 Ceterum
1372 3063 1698 3114 magnopere

653 3122 901 3173 falluntur
948 3124 1007 3180 ii,
1063 3124 1152 3185 qui
1203 3125 1430 3174 maxime
1481 3127 1702 3188 propter

650 3211 738 3247 vv.
777 3197 840 3246 23
876 3198 930 3247 et
960 3198 1043 3246 25.
1081 3198 1311 3261 iniquius
1352 3198 1585 3249 iudicant
1629 3199 1697 3248 de

651 3271 889 3322 Postumi
923 3270 1178 3333 moribus,
1216 3273 1368 3335 quasi
1390 3286 1520 3322 vero
1542 3273 1701 3323 fuerit

653 3348 815 3396 homo
837 3360 1028 3397 avarus
1051 3360 1114 3395 ac
1137 3347 1401 3398 sordidus.
1439 3349 1531 3398 Est
1552 3348 1697 3397 enim

649 3421 800 3471 locus
823 3421 1148 3480 communis,
1186 3422 1408 3485 poeticis
1431 3419 1701 3472 coloribus

651 3496 861 3558 egregie
897 3497 1194 3545 exornatus.
1248 3523 1301 3531 —
1341 3496 1698 3559 Compositio-

652 3570 732 3620 nis
777 3572 989 3633 tempus
1034 3569 1244 3619 definiri
1288 3570 1495 3632 nequit;
1554 3569 1698 3619 refe-

651 3646 775 3694 runt
817 3642 1051 3694 nonnulli
1092 3643 1161 3693 ad
1201 3657 1249 3693 a.
1288 3644 1400 3693 729.
1437 3642 1542 3693 vel.
1580 3644 1695 3693 730.

719 3720 765 3768 ⁴.
802 3721 1051 3781 Postume,
1087 3719 1328 3782 Postume]
1366 3719 1425 3768 In
1461 3717 1701 3781 appella-

651 3794 791 3843 tione
815 3793 1000 3843 iterata
1025 3794 1160 3842 haec
1183 3793 1322 3842 inest
1336 3793 1442 3842 vis:
1473 3791 1696 3852 «Probe,

650 3880 878 3931 quaeso,
917 3866 1159 3929 expende
1184 3879 1248 3915 ae
1270 3866 1520 3928 recogita,
1559 3878 1699 3927 quae

650 3942 851 3991 dicam!
872 3959 895 3985 n
925 3934 1384 4002 Ἀναδιπλώσεως
1417 3940 1567 3990 istius
1590 3941 1699 3989 iam

651 4015 864 4066 Graecis
897 4014 1119 4064 usitatae
1158 4015 1361 4077 insigne
1391 4013 1699 4077 exemplum

651 4088 877 4152 praebet
899 4087 1142 4150 Sapphus
1166 4088 1292 4138 illud
1310 4089 1480 4152 Bergk
1503 4101 1556 4153 p
1579 4087 1694 4138 624:

653 4161 974 4246 Παρθενία,
1011 4162 1324 4232 παρθενίη,
1373 4168 1479 4212 ποῖ
1505 4177 1580 4227 με
1615 4160 1702 4211 λι·-

656 4237 810 4285 ποιεῖ’
846 4229 1104 4307 ἀποίχῃ;

1842 1644 1892 1692 2.
1929 1642 2205 1708 Labuntw‘]
2244 1646 2502 1707 «sensim,
2548 1646 2704 1697 nobis
2735 1661 2831 1697 eo-

1777 1730 1897 1766 rum
1939 1717 2230 1768 decursum
2272 1720 2359 1767 vix
2393 1720 2831 1771 animadverten-

1778 1790 1971 1841 tibus.»
2011 1792 2157 1841 Ovid.
2184 1792 2384 1853 Fastss,
2424 1794 2547 1843 77⁴:
2590 1796 2859 1857 Tempora.

1775 1865 2018 1913 labuntur
2050 1866 2310 1927 tacitisque
2337 1869 2630 1918 senescimus
2662 1872 2824 1920 annis.

1782 1966 1836 1974 —
1852 1938 2032 2002 pietas]
2052 1932 2336 2003 εὐσέβεια,
2356 1941 2641 2012 θρησκεία
2656 1942 2825 1993 θεῶν.

1779 2012 1883 2062 Cir.
1921 2013 2016 2062 Od.
2055 2012 2113 2075 4,
2152 2015 2207 2074 7,
2245 2014 2328 2065 24.

1844 2114 1890 2164 3.
1928 2117 2134 2164 instanti
2163 2118 2400 2182 senectae]
2427 2120 2628 2169 Seneca
2654 2121 2825 2170 Praei.

1779 2188 1847 2237 ad
1895 2190 2129 2248 Quaestt.
2181 2194 2287 2241 nat.
2339 2193 2394 2241 L.
2446 2193 2507 2241 3:
2559 2196 2744 2243 Premit
2794 2209 2830 2243 a

1776 2268 1915 2326 ter-90
1963 2270 2195 2313 senectus.
2268 2267 2614 2317 Mimnermus
2657 2267 2713 2326 4,
2761 2268 2821 2319 4.

1767 2329 2175 2422 ὀλιγοχρόνιον
2209 2340 2423 2404 γίνεται
2456 2333 2650 2426 ὥσπερ
2675 2336 2820 2411 ὄναρ

1767 2403 1915 2475 ’Ἡβη
1930 2425 2064 2498 mnu
2071 2427 2279 2475 seona·
2334 2409 2401 2463 τὸ
2447 2412 2494 2463 δ’
2542 2408 2827 2486 ἀργαλέον

1774 2486 1874 2535 καὶ
1915 2478 2193 2572 ἄμορφον
2234 2486 2425 2576 Γῆρας
2467 2483 2609 2561 ὑπὲρ
2643 2506 2827 2553 κεφα-

1776 2557 1881 2624 λῆς
1915 2556 2099 2621 αὐτίχ
2134 2557 2572 2634 ὑπερκρέμαται.

1840 2661 1890 2712 4.
1911 2663 2278 2726 indomitaeque
2296 2667 2463 2730 morti]
2486 2666 2822 2727 «inevitabili,

1776 2737 1860 2786 cui
1896 2749 2057 2787 nemo
2090 2740 2293 2789 resistit
2326 2752 2428 2788 nec
2463 2753 2588 2792 sese
2613 2741 2828 2791 subtra-

1774 2811 1902 2861 hit.»
1940 2810 2083 2861 lliad.
2121 2829 2171 2870 ι,
2200 2814 2319 2862 ⁴58:
2352 2808 2535 2879 Ἀΐδης
2555 2830 2648 2864 τοι
2669 2808 2831 2879 ἀμει-

1774 2882 1940 2947 λιχος
1982 2879 2070 2950 ἧδ’
2112 2881 2469 2951 ἀδάμαστος.
2528 2887 2828 2951 Aeschylus

1772 2961 1825 3009 in
1860 2959 2026 3009 Nioba
2070 2962 2275 3024 Fragm
2317 2962 2429 3012 447.
2467 2964 2661 3013 Dind..
2704 2959 2829 3012 Μό-

1773 3048 1873 3096 νος
1908 3031 2061 3083 θεῶν
2092 3031 2205 3123 γὰρ
2228 3033 2491 3100 Θάνατος
2522 3032 2592 3088 οὐ
2588 3034 2829 3131 δώρων

1773 3103 1904 3178 ἐρᾷ,
1955 3103 2086 3160 Ουτ’
2128 3105 2203 3161 ἄν
2246 3125 2302 3161 τι
2343 3107 2506 3162 θύων
2541 3106 2665 3162 ουτ’
2701 3113 2825 3162 ἐπι-

1773 3181 2030 3233 σπένδων
2061 3199 2251 3247 ανοις,
2304 3179 2384 3236 Οὗ
2418 3183 2621 3251 βωμός
2653 3185 2818 3242 ἐστιν

1774 3250 1909 3307 οὐδὲ
1931 3260 2305 3346 παιωνξζεται·
2330 3260 2528 3311 Μόνου
2550 3259 2613 3310 δὲ
2630 3261 2827 3311 Haeo

1772 3329 2064 3396 δαιμόνων
2086 3330 2419 3385 ἀποστατεῖ.
2460 3335 2708 3385 Similiter
2728 3329 2832 3384 ἅλ-

1772 3404 1969 3456 λιστον
2032 3410 2188 3458 vocat
2250 3412 2448 3460 Orcum
2507 3411 2825 3472 Crinagoras

1772 3480 1980 3530 Anthol.
2044 3481 2204 3531 Palat.
2258 3484 2320 3532 ΙΙ.
2376 3496 2428 3546 p.
2485 3485 2599 3533 502.
2670 3482 2825 3533 Abou

1771 3554 2009 3603 Nohama
2065 3556 2121 3605 in
2180 3555 2457 3606 Humberti
2515 3557 2815 3607 Chrestom.

1772 3626 1932 3676 Arab.
1972 3641 2023 3691 p.
2064 3628 2185 3679 ⁴47:
2238 3631 2313 3679 Ne
2345 3633 2614 3692 terrearis,
2650 3633 2825 3681 anima

1772 3704 1917 3750 mea!
1949 3702 2379 3765 Nmutiquetu,
2416 3706 2828 3767 siroqarespro-

1772 3776 2101 3838 rogationem*
2137 3779 2272 3827 vitae
2337 3779 2434 3827 diei
2488 3780 2638 3828 unius
2689 3779 2828 3827 ultra

1772 3855 1983 3910 metam,
2037 3865 2167 3912 quae
2210 3851 2298 3901 tibi
2335 3853 2671 3916 praefinitur,
2723 3866 2825 3902 non

1774 3925 2106 3974 waudireris.

1840 4019 1888 4066 ὅ.
1948 4017 2179 4081 trecenis]
2243 4018 2421 4079 «Non,
2491 4020 2536 4069 si
2591 4017 2824 4082 quotidie

1776 4091 1884 4140 tres
1906 4090 2255 4142 hecatombas
2286 4090 2492 4142 Plutoni
2527 4092 2824 4143 immoles»

1775 4162 1907 4215 Male
1944 4165 2112 4215 Codd.
2152 4165 2273 4228 aliq.
2312 4167 2541 4228 tricenis,
2588 4168 2821 4230 triginta,

1776 4238 1942 4298 prima
1981 4237 2183 4300 syllaba
2222 4239 2394 4304 longa.
2465 4243 2715 4292 Ceterum
2756 4254 2825 4291 ne
