3234 4975
640 374 764 439 322

1407 374 1665 424 HORATlI
1703 374 2042 425 CARMINUM

984 527 1196 595 Stellis
1241 527 1552 593 honorem
1599 536 1897 614 tectaque
1942 526 2206 594 Penthei

1060 649 1342 715 Disiecta
1385 669 1513 714 non
1555 648 1686 714 leni
1731 649 1949 724 ruina,

2730 650 2811 714 45

1152 768 1412 837 Thracis
1455 780 1521 835 et
1562 769 1827 836 exitium
1870 770 2170 858 Lycurgi.

981 930 1070 992 Tu
1117 925 1322 994 flectis
1367 947 1619 1003 amnes,
1666 937 1734 992 tu
1780 947 1960 993 mare
2004 926 2382 1004 barbarum,

992 1050 1083 1113 Tu
1128 1047 1444 1135 separatis
1488 1047 1724 1115 uvidus
1772 1049 1835 1113 in
1878 1049 2045 1136 iugis

1064 1168 1247 1235 Nodo
1293 1176 1561 1235 coerces
1604 1169 1899 1255 viperino

1153 1288 1554 1355 Bistonidum
1597 1290 1737 1355 sine
1782 1289 2007 1357 fraude
2052 1292 2297 1358 crines:

771 1469 850 1520 44.
883 1470 1090 1531 panthei
1125 1470 1179 1519 T.

633 1602 1058 1677 αστερόφοιτον
1117 1606 1454 1673 ἐπιχθονίης
1501 1602 1683 1677 Ἀριά-

633 1681 797 1750 δνης,
823 1679 1161 1768 Σύνδρομον
1179 1676 1449 1741 ’,Ηελίοιο
1476 1683 1684 1747 συνέμ-

635 1772 818 1828 πορον
863 1752 1223 1827 Ἦριγενείης.
1294 1757 1399 1806 Cir.
1446 1757 1683 1807 eundem

632 1832 748 1882 Lib.
797 1831 879 1883 48.
920 1833 1051 1881 extr.
1112 1858 1165 1865 —
1215 1830 1467 1895 honorem]
1519 1844 1683 1881 orna-

633 1908 901 1963 mentum,
965 1909 1026 1954 ut
1075 1905 1214 1967 Virg.
1267 1907 1397 1953 Aen.
1452 1906 1510 1966 7,
1563 1907 1678 1955 845.

630 1981 801 2042 νερίας
848 1980 1000 2027 honos
1043 1978 1112 2028 de
1154 1976 1436 2041 chlamyde
1478 1992 1685 2043 purpu-

637 2068 746 2104 rea.
845 2054 1030 2103 Avien.
1083 2054 1224 2102 Arat.
1283 2052 1403 2101 ⁴97:
1477 2053 1679 2115 Aspice,

631 2142 722 2179 ceu
767 2128 933 2177 rutilis
968 2127 1126 2177 vibret
1175 2126 1268 2175 lua·
1307 2126 1496 2176 Gnosia
1528 2129 1683 2192 flam-

631 2204 756 2253 mis:
811 2203 946 2252 Haec
980 2202 1232 2267 quondam
1272 2201 1454 2250 Bacchi
1498 2215 1683 2252 monu-

628 2282 850 2328 mentum
896 2276 1053 2340 [telget
1102 2276 1316 2337 ωπονίς,
1359 2276 1495 2325 Haec
1526 2277 1682 2326 Aria—

630 2353 779 2402 dnaei
833 2351 1012 2414 capitis
1066 2355 1274 2399 testatur
1328 2350 1579 2400 honorem.
1623 2378 1678 2387 —

630 2427 851 2492 Penthei]
897 2425 1037 2490 regis
1072 2423 1401 2484 Thebarum,
1440 2427 1685 2489 quiBac-

630 2503 717 2554 chi
764 2514 963 2551 numen
1010 2513 1301 2563 agnoscere
1338 2513 1462 2550 cum
1498 2500 1678 2562 nollet,

630 2576 699 2626 ab
746 2587 812 2625 eo
857 2575 1014 2624 exitio
1059 2574 1215 2624 datus
1258 2576 1357 2624 est.
1418 2574 1524 2625 Cfr.
1573 2575 1682 2624 Eu-

629 2650 813 2715 ripidis
846 2649 1113 2710 Bacchas,
1151 2648 1245 2698 ubi
1275 2662 1325 2699 v,
1353 2649 1475 2698 633:
1518 2646 1684 2713 (Βάκ-

630 2725 785 2788 χιος)
843 2720 1069 2788 Δώματ’
1127 2717 1366 2791 ἰέρῥηξεν
1421 2721 1647 2790 χαμᾶζε
1664 2740 1676 2753 ·

630 2795 1093 2868 συντεθράνωται
1127 2795 1172 2846 δ’
1206 2792 1379 2847 ἅπαν.
1434 2800 1679 2848 Nonuum

631 2873 726 2934 46,
764 2873 879 2922 209.
946 2871 1097 2932 Quod
1123 2871 1338 2922 fulmine
1362 2873 1526 2923 ictum
1549 2875 1684 2923 Pen-

630 2947 816 2997 theum
851 2946 977 2995 dicit
998 2944 1193 3004 Schol.,
1218 2945 1430 2995 videtur
1453 2960 1519 2995 ex
1541 2945 1680 2996 male

630 3018 897 3068 intellecto
965 3018 1069 3068 hoc
1135 3016 1254 3068 loco
1307 3020 1486 3068 ortum
1536 3032 1677 3070 esse.

629 3092 784 3156 Apud
807 3092 1114 3156 Euripidem
1138 3092 1308 3152 enim,
1341 3092 1681 3143 Theocritum

631 3165 708 3216 Id.
746 3167 827 3216 26.
872 3165 1110 3228 aliosque
1154 3165 1221 3214 ab
1265 3167 1442 3228 Agave
1485 3169 1678 3229 matre,

629 3244 795 3292 Inone
832 3242 885 3291 et
913 3242 1154 3291 Autonoa
1178 3239 1498 3305 discerpitur
1519 3242 1603 3292 vel
1628 3242 1681 3292 in

631 3315 951 3366 Cithaerone
1014 3317 1195 3365 monte
1256 3315 1470 3380 (Strabo
1528 3317 1575 3367 9.
1625 3331 1678 3381 p,

631 3389 745 3440 408.
769 3392 829 3441 D.
852 3392 907 3440 et
929 3390 1189 3454 imprimis
1212 3389 1453 3441 Philostr.
1481 3394 1677 3455 Imagg.

632 3467 691 3527 4,
731 3466 832 3529 48.)
877 3463 961 3515 vel
1003 3466 1057 3516 in
1091 3468 1371 3516 Parnasso
1412 3465 1677 3529 (Aeschyl.

630 3541 853 3592 Eumen.
891 3539 995 3604 24.)
1031 3542 1217 3590 Totam
1251 3538 1483 3592 fabulam
1525 3554 1682 3604 egre-

630 3616 712 3679 gie
749 3618 995 3681 exposuit
1027 3616 1084 3665 Ο.
1123 3616 1280 3665 Iahn:
1316 3616 1552 3666 Pentheus
1577 3616 1683 3664 und

631 3690 709 3740 die
762 3691 1052 3742 Mainaden.
1121 3690 1257 3750 Κίοί,
1327 3688 1471 3740 4844.
1554 3691 1680 3740 Eius

631 3765 850 3815 exitium
883 3780 935 3815 v.
963 3765 1122 3816 Millin
1147 3765 1261 3815 Gal.
1287 3765 1440 3826 myth.
1469 3766 1524 3815 T.
1551 3766 1675 3814 LIII.

698 3842 778 3890 46.
836 3843 1122 3906 Lycurgus,
1187 3842 1496 3892 Edonorum
1552 3854 1676 3903 rex,

631 3914 702 3964 ob
747 3914 929 3978 pulsas
973 3929 1099 3966 cum
1142 3915 1333 3966 Libero
1378 3914 1613 3965 Bacchas
1648 3929 1681 3965 a

631 3989 755 4038 Iove
809 3992 1151 4050 excaecatus,
1215 3988 1363 4040 Iliad.
1415 3991 1469 4052 ζ,
1532 3989 1676 4050 430.;

632 4065 691 4112 ιιι
735 4060 820 4111 alii
864 4062 1062 4124 ferunt,
1116 4064 1186 4114 ob
1230 4065 1365 4115 vites
1410 4065 1614 4114 excisas
1649 4078 1679 4114 a

631 4137 842 4188 Baccho
886 4139 938 4187 in
980 4138 1214 4189 furorem
1253 4140 1429 4200 actuS,
1485 4151 1590 4202 quo
1627 4140 1681 4188 et

631 4212 925 4274 Dryantem
967 4209 1132 4264 filium
1174 4212 1435 4264 interfecit
1475 4214 1531 4262 et
1578 4212 1680 4263 sibi

2727 1294 2810 1360 20

1755 1609 1869 1672 ipse
1904 1621 2061 1658 crura
2098 1608 2230 1660 falce
2263 1612 2572 1674 amputavit.
2644 1614 2802 1676 Prop.

1755 1682 1816 1743 3,
1839 1683 1927 1743 47,
1955 1682 2050 1731 23:
2092 1684 2433 1746 Vesanumquo
2446 1687 2809 1748 novanoquid-

1755 1756 2625 1823 quaminviteLyt-urqwnmicam).
2642 1758 2809 1810 Aliter

1755 1831 1883 1881 Stat.
1901 1831 2066 1883 Theb.
2096 1834 2152 1894 4,
2179 1833 2293 1884 385.
2333 1833 2425 1882 ubi
2458 1835 2639 1898 regina
2669 1835 2809 1884 chori

1755 1904 2040 1957 exclamat:
2077 1909 2272 1971 ferrato
2302 1909 2513 1970 rapidus
2533 1910 2700 1971 quatis
2728 1909 2808 1958 Is-

1751 1993 1905 2030 mara
1925 1983 2094 2043 thyrso
2124 1984 2546 2044 Pmnpinmque
2567 1983 2703 2033 iubes
2722 1997 2807 2032 ne-

1751 2069 1863 2105 mus
1896 2057 2149 2119 irreptare
2181 2059 2426 2121 Lycurgo.
2468 2057 2575 2109 Cir.
2614 2058 2683 2108 de
2707 2060 2808 2120 Ly-

1753 2143 1915 2193 curgo
1943 2129 2187 2195 Sophocl.
2224 2132 2395 2194 Antig.
2423 2132 2537 2181 955.
2577 2134 2793 2195 Longin.

1753 2205 1803 2253 S.
1844 2206 1922 2253 45.
1962 2217 2013 2267 p.
2054 2206 2134 2255 62.
2172 2205 2293 2255 W.:
2348 2202 2806 2294 ΠαράμὲνΑἰ-

1754 2275 1949 2344 σχύλῳ
1970 2275 2307 2350 παραδόξως
2322 2275 2395 2330 τὰ
2424 2277 2527 2332 τοῦ
2546 2278 2806 2352 Λυκούρ-

1753 2367 1859 2418 γου
1915 2351 2185 2412 βασίλεια
2239 2350 2389 2404 κατὰ
2432 2351 2541 2421 τὴν
2592 2353 2806 2419 ἐπιφά-

1753 2441 1911 2477 νειαν
1943 2425 2047 2479 τοῦ
2082 2425 2370 2479 Διονύσου
2409 2430 2802 2503 θεοφορεῖται,

1748 2495 2059 2571 Ἐνθουσιᾷ
2122 2499 2193 2570 δὴ
2261 2501 2461 2570 δῶμα,
2529 2505 2805 2566 βακχεύει

1755 2578 1947 2644 στέγη.
2018 2579 2175 2628 Anth.
2212 2578 2320 2629 Pal.
2362 2581 2424 2630 11.
2462 2593 2515 2644 p.
2554 2582 2668 2632 663.

1822 2652 1901 2701 47.
1956 2653 2145 2716 amnes]
2198 2654 2485 2705 Bacchum
2517 2656 2804 2720 Hydaspen

1755 2729 1809 2775 et
1843 2726 2097 2776 Orontem
2132 2727 2319 2790 thyrso
2342 2741 2441 2779 suo
2466 2731 2636 2780 tactos
2659 2732 2804 2780 sicco

1755 2799 1894 2863 pede
1930 2801 2185 2851 transisse
2215 2802 2390 2865 prisca
2416 2804 2644 2853 narratio
2669 2806 2799 2854 erat.

1755 2875 1923 2923 Noun.
1964 2874 2052 2935 43,
2092 2875 2205 2925 423.
2250 2902 2303 2910 -
2338 2889 2485 2926 mare
2504 2877 2796 2943 barbam]

1758 2947 2077 2998 «Indicum».
2115 2950 2320 2998 Seneca
2356 2950 2511 3000 Herc.
2551 2950 2648 3000 fur.
2677 2952 2799 3002 905:

1751 3022 1891 3071 Adsit
1922 3022 2142 3086 Lycurgi
2175 3024 2392 3073 domuor
2432 3029 2479 3074 et
2509 3024 2653 3074 rubri
2684 3039 2803 3076 ma-

1752 3096 1842 3145 νίς.
1903 3098 1977 3147 Ex
2011 3110 2062 3146 v,
2098 3098 2254 3162 flectis
2289 3096 2637 3149 eliciendum:
2690 3113 2804 3151 «se-

1755 3170 1876 3232 das,
1914 3171 2254 3235 tranquillum
2288 3173 2520 3224 reddis.»
2594 3175 2801 3237 (Bacchi

1754 3246 2084 3310 triumphum
2121 3247 2362 3298 Indicum
2393 3248 2515 3298 vide
2551 3248 2604 3298 in
2631 3248 2804 3312 zoega

1752 3321 1900 3371 Bassi
1930 3321 2094 3370 νίίίουί
2135 3323 2174 3370 1.
2226 3335 2278 3385 p.
2328 3322 2411 3371 25.
2450 3323 2576 3372 item
2610 3335 2663 3386 p.
2697 3321 2799 3386 44.)

1820 3393 1901 3444 48.
1964 3394 2042 3444 49.
2103 3396 2369 3460 separatis]
2423 3397 2681 3447 «remotis
2736 3410 2802 3448 ac

1753 3468 2049 3518 solitariis»
2090 3495 2145 3506 —-
2181 3471 2376 3534 uvidus]
2413 3471 2520 3521 Cir.
2559 3471 2705 3520 Siob.
2741 3472 2796 3520 T.

1753 3545 1810 3603 5,
1850 3543 1975 3592 ⁴02:
2033 3536 2213 3608 ἡνίκα
2258 3549 2383 3606 τοῖς
2435 3540 2635 3607 πότοις
2684 3539 2800 3595 ὑπὸ

1752 3613 1854 3667 τοῦ
1880 3614 2041 3668 οινου
2064 3613 2351 3689 δροσισθῇ
2379 3611 2416 3683 ἡ
2442 3615 2632 3684 ψυχή.
2660 3619 2794 3669 lbid.

1755 3693 1996 3742 42091
2056 3692 2349 3743 Heraclito.
2407 3685 2558 3763 ἀνὴρ
2619 3687 2801 3765 ὑγρὴν

1753 3761 1859 3831 τὴν
1892 3777 2022 3830 ψυχ
2029 3762 2097 3831 ἦν
2136 3761 2322 3827 έχων,
2371 3767 2549 3818 «bene
2583 3771 2799 3832 potus.»

1754 3842 1931 3905 Eurip.
1949 3840 2024 3891 El.
2042 3841 2166 3892 326.
2186 3841 2339 3913 μέθῃ
2356 3839 2418 3891 δὲ
2433 3841 2719 3913 βρεχθεὶς.
2742 3870 2797 3880 -

1752 3915 1963 3979 coerces]
1986 3915 2067 3965 Ad
2084 3929 2136 3964 v.
2157 3929 2315 3966 usum
2334 3915 2426 3966 cl'r.
2445 3917 2593 3967 Ovid.
2606 3919 2726 3968 Met.
2753 3918 2799 3977 4,

1754 3990 1879 4041 477;
1923 3991 2054 4040 Vitta
2086 3990 2343 4040 coercebat
2368 3991 2555 4053 positos
2575 3992 2679 4041 sina
2698 3991 2803 4055 1090

1750 4063 1973 4125 capillos.
2010 4065 2173 4115 ΗΑιι.
2204 4092 2259 4100 -
2294 4064 2538 4117 «Ludens
2567 4064 2802 4115 crinibus

1750 4138 2079 4201 Bistonidum,
2099 4139 2439 4190 Thraciarum
2451 4140 2799 4200 Baccharum,

1754 4210 1993 4276 implicas
2037 4226 2136 4277 pro
2181 4213 2334 4264 nodis
2367 4214 2608 4279 viperaS,
2662 4226 2801 4276 quae

2699 4453 2721 4482 Q
2804 4481 2814 4488 .
