3234 4975
524 4009 545 4030 “
646 4010 877 4076 λογίας,
934 4016 995 4062 ut
1042 4014 1332 4076 significet:

633 387 760 452 598

1405 390 1659 441 HORATII
1697 390 2033 441 CARulNUM

1369 841 2046 906 cmxl-

971 1011 1082 1077 Est
1124 1010 1273 1076 mihi
1322 1030 1559 1076 nonum
1603 1011 1966 1098 superantis
2011 1032 2247 1078 annum

968 1130 1206 1198 Plenus
1251 1130 1474 1197 Albani
1518 1130 1754 1210 cadus;
1801 1142 1899 1198 est
1942 1133 2005 1196 in
2049 1132 2262 1207 horto,

968 1250 1211 1341 Phylli,
1259 1251 1591 1318 nectendis
1637 1252 1856 1340 apium
1899 1255 2202 1333 coronis;

1142 1375 1252 1439 Est
1291 1373 1577 1440 hederae
1620 1374 1719 1439 vis

973 1531 1198 1607 Multa,
1245 1552 1376 1619 qua
1419 1532 1631 1598 crines
1674 1531 1942 1620 religata
1990 1533 2234 1622 fulges3
2757 1536 2799 1597 5

970 1652 1159 1720 Ridet
1201 1662 1464 1740 argento
1508 1652 1775 1732 domus;
1821 1674 1934 1720 ara
1977 1654 2171 1721 castis

764 1850 849 1900 XI.
887 1851 1052 1901 Inscr.
1087 1848 1224 1912 volg.
1260 1847 1336 1898 Ad
1365 1848 1658 1911 Phyllidem,
1696 1852 1751 1900 et
1783 1851 1860 1901 sic
1894 1850 2061 1901 Codd.
2099 1853 2296 1913 nostri;
2355 1854 2389 1902 S
2423 1853 2569 1906 addit
2599 1860 2726 1908 anni-

698 1937 814 1974 eam
847 1937 1008 1974 suam.
1051 1952 1107 1961 —
1143 1926 1192 1974 5.
1228 1924 1383 1973 ονόπὶε
1411 1925 1470 1974 Β.

699 2081 785 2130 Xl.
837 2081 918 2131 Ad
967 2081 1288 2133 Maecenatis
1337 2079 1481 2131 diem
1531 2084 1684 2131 nata-

634 2151 742 2203 lem
776 2153 851 2204 ld.
888 2152 1049 2218 April.
1082 2167 1268 2204 secum
1299 2153 1684 2205 celebrandum

636 2228 819 2278 invitat
864 2226 1101 2291 Phyllida
1125 2266 1137 2289 ,
1196 2227 1482 2280 amabilem
1536 2228 1684 2293 psal-

636 2301 820 2363 triam,
859 2304 945 2352 cui
980 2301 1257 2354 consilium
1290 2303 1407 2364 dat,
1444 2306 1505 2354 ut
1526 2304 1683 2353 nimis

638 2374 836 2441 dispari
870 2375 1087 2441 Telephi
1122 2378 1292 2428 amori
1324 2377 1544 2428 tandem
1591 2390 1685 2427 re-

638 2451 872 2514 nuntiet,
953 2453 1112 2515 atque
1168 2454 1515 2517 perpetuum,
1592 2451 1685 2515 qui

637 2527 878 2589 priorum
900 2527 1005 2576 iam
1031 2527 1148 2577 linis
1172 2528 1264 2588 sit,
1302 2540 1542 2577 amorem
1566 2524 1685 2590 pol-

640 2599 844 2651 licetur.
882 2600 1073 2651 Similis
1103 2602 1400 2664 argumenti
1431 2603 1555 2652 sunt
1575 2602 1684 2650 Ne-

638 2674 873 2740 ptunalia
900 2688 1025 2725 cum
1048 2675 1194 2738 Lyde
1225 2674 1490 2726 celebrata
1510 2674 1607 2725 Od.
1630 2675 1679 2736 3,

644 2750 727 2800 28.
765 2750 977 2813 (Grotef.
1017 2750 1183 2800 refert
1213 2749 1280 2800 ad
1316 2764 1363 2800 a.
1389 2763 1443 2799 ιι.
1471 2762 1520 2799 c.
1546 2750 1681 2814 739.)

703 2823 841 2889 2·.4·
877 2824 1072 2889 Albani]
1089 2826 1281 2874 Vinum
1300 2822 1564 2874 Albanum
1586 2823 1685 2874 soli

642 2896 861 2949 Falerno
903 2900 1129 2961 cedens,
1168 2901 1386 2963 Dionys.
1424 2898 1586 2950 Halic.
1634 2900 1683 2961 4,

645 2972 725 3022 42.
745 2988 756 3030 ;
795 2974 950 3023 tertia
962 2972 1152 3024 saltem
1166 2972 1340 3037 palma
1351 2975 1490 3024 inter
1510 2973 1686 3024 Italica

643 3046 882 3109 dignum,
920 3050 1136 3098 auctore
1155 3047 1318 3099 Plinio
1343 3049 1403 3098 H.
1430 3049 1492 3098 N.
1519 3047 1581 3099 ⁴4
1599 3087 1611 3110 ,
1634 3049 1683 3098 6.

644 3119 751 3169 Cfr.
789 3121 894 3170 Sat.
920 3121 982 3182 2,
1009 3121 1071 3182 8,
1099 3122 1179 3171 46.
1212 3149 1266 3158 -
1320 3123 1523 3187 apim]
1560 3123 1690 3172 Fre-

646 3205 820 3257 quens
863 3194 977 3244 eius
1010 3207 1141 3245 usus
1176 3195 1227 3246 in
1265 3195 1476 3246 corollis
1501 3197 1691 3247 convi-

640 3265 867 3318 valibus.
927 3267 1005 3318 Cl'.
1032 3268 1127 3318 Od.
1164 3269 1222 3330 4,
1256 3270 1345 3330 36,
1374 3269 1453 3319 46.
1500 3269 1596 3320 Od.
1624 3271 1684 3330 2,

642 3342 702 3403 7,
727 3340 809 3392 24.
851 3339 1105 3393 «Alcaeus
1136 3342 1446 3406 frequenter
1470 3356 1529 3394 se
1562 3343 1690 3395 dicit

650 3418 771 3481 apio
806 3418 1100 3468 coronari.»
1142 3419 1331 3467 Aenon.
1375 3446 1430 3455 —
1481 3418 1692 3469 hederae

640 3491 734 3556 vis]
773 3491 1006 3556 «copiam
1042 3493 1213 3556 Atque
1249 3493 1303 3542 in
1333 3492 1582 3544 omnibus
1605 3493 1688 3544 his

642 3566 959 3629 imaginibus
998 3564 1292 3618 inimitabili
1336 3580 1460 3618 cum
1504 3566 1687 3632 lepore

642 3639 859 3691 beatam
892 3640 1163 3705 quandam
1197 3642 1403 3705 copiam
1440 3654 1503 3692 ac
1538 3654 1693 3692 mun-

646 3714 855 3777 ditiem,
893 3714 1109 3779 dignam
1131 3714 1272 3766 illam
1295 3715 1429 3768 festo
1451 3707 1561 3766 hoc‘
1579 3716 1686 3778 die,

644 3788 745 3839 sibi
780 3790 992 3853 praesto
1027 3803 1149 3840 esse
1184 3789 1532 3841 demonstrat.

707 3865 757 3913 5.
794 3864 842 3913 6.
880 3878 985 3926 qua
1017 3865 1179 3914 crines
1202 3864 1446 3928 religata]
1481 3865 1691 3929 Optima

645 3937 859 3987 videtur
890 3938 1253 4002 interpretatio
1284 3939 1443 3989 huius
1474 3936 1693 4009 βραχυ-

1394 4013 1591 4064 «coma
1638 4016 1691 4063 in

648 4085 852 4136 nodum
902 4085 1117 4151 religata
1169 4090 1255 4152 (ut
1294 4088 1389 4138 Od.
1431 4090 1485 4149 4,
1522 4090 1585 4150 5,
1624 4087 1688 4139 4:

646 4161 729 4211 oui
759 4162 953 4225 flavam
996 4162 1184 4226 religas
1222 4177 1419 4212 cinnam
1437 4162 1484 4228 ?)
1535 4176 1695 4213 coro-

1754 2079 1851 2131 Alii
1885 2080 2069 2133 volunt
2102 2096 2256 2135 esse:
2299 2099 2435 2150 «qua
2468 2088 2669 2140 hedera
2701 2104 2802 2154 pro
2867 2086 2904 2111 ⁶

1752 2155 1940 2205 taeniis
1973 2154 2058 2206 vel
2091 2156 2311 2222 philyris
2345 2173 2498 2211 coma
2522 2163 2576 2213 in
2598 2165 2801 2216 nodum

1756 2228 1975 2280 collecta
1996 2229 2163 2295 fulges
2189 2233 2353 2285 oculis
2376 2238 2590 2300 totaque
2615 2238 2800 2289 facie.»

1757 2303 1862 2353 Sed
1895 2305 2097 2356 hedera
2132 2309 2186 2357 et
2218 2309 2340 2372 apio
2389 2323 2544 2360 coma
2593 2313 2802 2363 redimi-

1756 2382 1873 2441 tur,
1927 2392 2035 2430 non
2069 2381 2331 2445 religatur.
2382 2411 2437 2420 —-
2487 2385 2669 2450 tidqcs]
2707 2389 2801 2438 «in

1758 2465 1865 2517 quo
1895 2453 2118 2519 simplici
2149 2460 2337 2509 ornatu
2371 2457 2570 2524 fulgere
2604 2460 2800 2513 soleS.»

1758 2529 1903 2579 «Non
1949 2530 2091 2580 enim
2142 2545 2262 2583 eam
2296 2533 2365 2584 ad
2399 2547 2459 2584 se
2494 2538 2803 2586 coronatam

1756 2604 1941 2653 venire
1977 2605 2121 2668 cupit
2143 2644 2154 2666 ,
2191 2607 2289 2657 sed
2323 2609 2533 2670 invitat,
2569 2612 2628 2660 ut
2660 2610 2802 2675 apud

1758 2689 1818 2727 se
1854 2681 2188 2728 coronetur.»
2233 2683 2480 2734 Ponam.
2547 2684 2627 2734 Ab
2666 2685 2804 2735 anti-

1758 2753 1943 2815 quiore
1991 2754 2159 2804 forma
2211 2755 2379 2820 naqa,
2436 2758 2482 2807 is
2529 2772 2653 2809 cum
2689 2757 2803 2810 aliis

1757 2830 2003 2891 repetere
2038 2827 2217 2879 nolim
2269 2859 2323 2868 —
2359 2833 2444 2882 Sic
2478 2834 2639 2884 etiam
2670 2834 2808 2884 Cha-

1761 2903 1861 2952 rito
1883 2915 1937 2966 p.
1964 2903 2046 2953 86.
2073 2904 2214 2968 Lips.
2240 2918 2253 2953 t
2290 2899 2704 2976 ἀστράπτουσα
2724 2905 2803 2974 τῷ

1761 2972 2067 3047 προσώπῳ.
2092 3003 2147 3014 -
2168 2980 2326 3042 Ridet]
2352 2981 2607 3041 «renidet,
2631 2980 2808 3045 splen-

1761 3050 1902 3101 det.»
1878 3052 2069 3116 »Epp.
2097 3053 2146 3114 4,
2170 3055 2221 3115 5,
2248 3055 2301 3103 7:
2327 3055 2809 3119 Iamdudwmsplon-

1760 3126 1841 3175 dat
1869 3126 2010 3189 focus
2041 3132 2088 3177 ot
2120 3127 2206 3177 tibi
2237 3130 2429 3179 munda
2462 3130 2702 3192 mella.
2741 3155 2803 3168 -

1762 3201 1887 3261 ara]
1935 3214 2001 3250 ex
2035 3201 2359 3266 caespitibus
2395 3204 2445 3253 in
2481 3206 2656 3254 terrae
2690 3202 2806 3255 solo

1763 3267 2047 3316 exstructa.
2084 3268 2267 3317 Scuoi..
2306 3268 2455 3318 Ovid.
2493 3269 2648 3319 Trist.
2674 3272 2724 3330 ὃ,
2750 3270 2800 3329 5,

1760 3339 1818 3388 9:
1853 3339 2058 3402 Araque
2087 3342 2347 3405 gramineo
2378 3343 2556 3392 viridis
2588 3344 2648 3393 do
2682 3355 2804 3392 cae—

1759 3414 1882 3477 spite
1898 3415 2008 3478 fiat.
2044 3416 2227 3466 luven.
2251 3417 2331 3478 42,
2359 3418 2380 3467 4
2410 3431 2420 3464 :
2459 3417 2651 3478 Natali,
2678 3416 2805 3467 Cor-

1758 3490 1902 3552 vino,
1964 3490 2043 3541 dio
2099 3490 2222 3540 ηιίὴο·
2271 3490 2463 3541 dulcior
2505 3491 2627 3542 hacc
2675 3490 2804 3552 lux,

1763 3566 1878 3627 Qua
1922 3565 2075 3628 festus
2114 3565 2369 3627 promissa
2418 3565 2520 3615 dei-5
2559 3565 2810 3615 minucia

1760 3652 1960 3702 caespes
1993 3640 2281 3701 Exspectat.

1827 3714 1876 3763 7.
1915 3714 1964 3765 8.
2000 3713 2249 3776 verbenis]
2283 3712 2411 3764 Plin.
2439 3714 2500 3764 H.
2528 3715 2591 3764 N.
2618 3714 2712 3775 22,
2738 3714 2804 3763 2;

1760 3788 1998 3840 Auctor-os
2026 3789 2226 3852 imper&
2262 3789 2475 3839 Romam·
2503 3788 2812 3839 conditores-

1766 3876 1907 3927 que·
1924 3864 2164 3926 quiddam
2197 3862 2561 3928 (atoaesurdis,
2596 3862 2807 3924 hocese,

1761 3938 2056 4003 ignobilibus
2100 3936 2281 4003 herbis)
2328 3949 2610 3999 amm-vero,
2683 3950 2814 3999 quo-

1763 4014 1904 4063 niam
1935 4027 2037 4062 non
2068 4012 2272 4062 aliunde
2302 4012 2538 4075 sagmina
2570 4011 2626 4059 in
2656 4023 2815 4061 romo-

1766 4088 1863 4138 diis
1885 4087 2100 4150 publicis
2135 4086 2277 4149 there
2308 4091 2355 4136 ot
2393 4086 2448 4134 in
2478 4085 2640 4134 sacr-is
2669 4084 2815 4148 lequ-

1766 4161 2074 4224 limibusque
2119 4160 2407 4211 verbenae.
2479 4159 2621 4209 Corte
2666 4162 2814 4209 utro-

650 4234 826 4298 naque
860 4234 1160 4286 hederacea
1195 4238 1352 4302 capiti
1394 4238 1691 4303 imposita.»
1767 4251 1860 4301 quo
1907 4236 2104 4289 nominc
2153 4236 2281 4289 idom
2328 4234 2671 4300 siqnificatur,
2723 4234 2817 4284 hoc
