3234 4975
1102 540 1344 606 Litibus
1390 541 1639 607 orbum.

854 703 1007 766 Tum
1054 721 1270 772 meae,
1318 700 1369 764 si
1416 697 1573 786 quid
1619 699 1846 787 loquar
1894 698 2318 774 audiendum,

1370 385 1623 435 HORATll
1662 384 1998 463 CARMINUM

850 823 1037 894 Vocis
1081 819 1348 886 accedet
1390 819 1561 884 bona
1605 841 1785 906 parS,
1834 830 1927 896 et,
1977 821 2034 885 O
2082 819 2188 885 Sol

852 941 1155 1007 Pulcher!
1202 962 1241 1007 o
1285 939 1643 1006 laudande!
1692 961 1948 1016 canam,
2000 952 2261 1028 recepto

1108 1062 1387 1129 Caesare
1434 1061 1598 1127 felix.

729 1288 809 1340 45.
848 1289 1029 1350 loquar
1060 1287 1405 1348 BScd,LCtF:
1459 1288 1640 1348 loquor
1679 1285 1919 1348 bssxvx,
1955 1289 2088 1337 Pott.
2129 1287 2186 1346 4,
2225 1288 2282 1347 9,
2335 1289 2413 1338 43.
2439 1329 2451 1350 ,
2496 1288 2662 1340 Bentl.
2688 1330 2700 1351 ,

662 1365 729 1413 M.
773 1388 826 1398 —
867 1361 946 1413 47.
984 1362 1030 1426 ο]
1067 1367 1113 1412 et
1145 1361 1198 1411 d.

603 1557 800 1622 (salute)
840 1570 906 1606 m·
946 1560 1070 1608 Itan.
1117 1558 1239 1607 Arc.
1278 1557 1374 1607 Dio
1409 1555 1503 1614 44,
1545 1557 1641 1605 ⁴9:

604 1626 783 1694 εὐχὰς
834 1626 977 1702 ὑπὲρ
1036 1628 1142 1696 τῆς
1196 1627 1485 1681 ἐπανόδου
1540 1627 1647 1680 τοῦ

601 1703 940 1774 Αὐγούστου
974 1702 1346 1771 ἐποιήσαντο.
1384 1705 1515 1755 Ludi
1548 1717 1648 1754 au·-

603 1787 712 1833 tem
747 1783 828 1831 isti
863 1782 1049 1842 votivi,
1088 1794 1224 1845 quos
1256 1782 1415 1843 poeta
1444 1779 1648 1830 editum

604 1859 665 1907 iri
699 1855 850 1916 dicit,
889 1856 1015 1906 editi
1049 1858 1173 1906 sunt
1206 1854 1426 1906 demum
1451 1869 1500 1905 a.
1527 1855 1642 1905 74⁴.

603 1932 717 1995 (Dio
751 1929 846 1989 54,
882 1930 983 1991 27.)
1021 1932 1075 1980 et
1124 1930 1327 1979 nummi
1371 1929 1482 1979 cusi
1522 1942 1648 1978 cum

605 2006 946 2068 inscriptione
999 2005 1277 2054 Foarrms.
1331 2005 1539 2054 Rssnrcz.
1588 2030 1644 2039 —

603 2080 795 2142 orbum]
834 2091 1120 2138 «vacuum,
1152 2080 1370 2141 propter
1391 2078 1648 2128 iustitium

604 2154 919 2205 indictum.»
998 2151 1145 2202 pind.
1197 2152 1380 2202 Isthm.
1431 2151 1489 2212 3,
1543 2152 1642 2202 26:

600 2225 944 2290 ὴελαδέννας
966 2252 995 2263 -
1017 2219 1269 2297 ὀρφανοὶ
1291 2219 1531 2296 Ὕβριος.

669 2303 751 2355 45.
804 2301 887 2353 46.
938 2302 982 2351 si
1015 2301 1136 2362 quid
1167 2301 1373 2364 loquar]
1410 2299 1644 2365 Supple:

605 2382 820 2436 «tunc-3
875 2390 982 2441 quo
1028 2377 1240 2426 nomine
1286 2377 1523 2440 praestat
1564 2376 1648 2425 tu-

604 2456 816 2504 turum:
864 2464 989 2502 nam
1022 2464 1281 2515 praesens
1316 2453 1528 2515 tempus
1563 2450 1647 2500 ni-

603 2529 706 2579 mis
729 2527 947 2578 demissi
970 2527 1131 2576 animi
1156 2528 1333 2576 esset:
1375 2526 1457 2574 «si
1480 2525 1649 2576 omni·

602 2616 672 2652 no
722 2603 769 2653 is
828 2615 975 2662 sum,
1051 2601 1200 2650 cuius
1252 2600 1489 2649 carmina
1544 2598 1645 2662 legi

603 2678 961 2727 mereantur.»
1008 2675 1205 2724 Verum
1237 2676 1339 2724 hoc
1370 2675 1522 2724 dicit:
1563 2675 1647 2725 «Si

601 2766 757 2804 meae
784 2750 1013 2802 laetitiae
1036 2764 1138 2800 vox
1162 2749 1319 2812 digna
1343 2752 1468 2811 erit,
1506 2763 1646 2814 quae

606 2826 692 2878 illo
744 2826 830 2876 die
895 2826 1028 2876 resto
1079 2824 1377 2875 audiatur.»
1468 2826 1646 2887 Longe

602 2901 754 2952 aliter
775 2898 859 2949 alii
878 2897 1165 2963 explicant:
1205 2899 1461 2948 «accedet
1479 2897 1649 2948 accla-

602 2976 860 3025 mantium
894 2973 1083 3023 turbae
1117 2985 1308 3035 magna
1342 2985 1468 3036 pars
1490 2985 1646 3023 meae

603 3051 778 3107 vocis3
832 3047 887 3097 id
921 3049 1031 3108 est,
1085 3046 1395 3097 acclamabo
1430 3048 1480 3097 ei
1515 3060 1647 3097 con-

604 3124 749 3172 tenta
782 3134 969 3171 voce.»
1017 3121 1126 3171 Sed
1164 3121 1289 3170 huic
1328 3122 1649 3184 interpreta-

603 3197 730 3247 tioni
765 3196 981 3245 omnino
1014 3197 1308 3259 repugnant
1327 3209 1413 3245 vv.
1451 3195 1509 3246 Si
1529 3196 1650 3258 quid

604 3273 787 3334 loquar
827 3270 1162 3331 audiendum,
1218 3283 1382 3333 quae,
1438 3271 1529 3321 ubi
1577 3271 1646 3322 de

604 3345 854 3396 altissima
901 3357 965 3394 ac
1003 3356 1169 3409 prope
1205 3346 1479 3396 Stentorea
1513 3359 1646 3396 voce

606 3419 912 3484 explicariS,
966 3419 1145 3469 nescio
1180 3420 1308 3483 quid
1344 3420 1542 3471 habent
1576 3422 1650 3471 ri-

607 3493 782 3545 diculi.
842 3494 981 3543 Vocis
1020 3496 1199 3543 autem
1222 3494 1353 3543 bona
1386 3509 1515 3557 pars
1546 3495 1649 3544 hoc

605 3569 896 3634 significat:
926 3567 1212 3617 «Omnibus
1236 3568 1435 3618 viribus
1461 3570 1646 3629 enitar,

604 3648 663 3695 ut
695 3644 931 3693 carmine
972 3640 1291 3694 laetissimos
1339 3655 1488 3694 meos
1523 3657 1651 3693 sen-

605 3733 697 3769 sus
741 3719 809 3768 de
856 3717 1101 3767 Caesaris
1147 3716 1317 3766 reditu
1362 3717 1518 3780 digne
1555 3731 1651 3766 ex-

604 3794 868 3857 primam,
907 3796 1037 3840 dum
1075 3793 1155 3851 tu,
1209 3788 1343 3851 lule,
1394 3789 1528 3841 illius
1563 3804 1650 3841 res

606 3868 782 3929 gestas
845 3867 1004 3928 atque
1056 3865 1276 3915 virtutes
1333 3864 1647 3925 celebras»;

604 3954 742 4003 quae
768 3941 1065 3991 carminum
1097 3942 1406 4002 argumenta
1430 3952 1651 4004 prorsus

606 4018 730 4065 sunt
779 4015 1009 4064 diversa.
1069 4041 1121 4051 —
1180 4014 1381 4064 «Solem
1430 4028 1527 4078 pro
1562 4014 1649 4064 die

608 4089 816 4151 posuit,
872 4100 978 4150 quo
1026 4089 1193 4139 victor
1227 4092 1423 4140 Caesar
1458 4090 1648 4140 urbem

607 4165 878 4225 ingressus
912 4165 1046 4212 est.»
1084 4166 1272 4213 Aenon.

672 4237 753 4289 48.
809 4238 1024 4288 Caesare
1052 4238 1204 4302 felix]
1267 4240 1411 4303 «Ego
1455 4239 1652 4290 felicis-

1720 1558 1917 1606 simum
1968 1570 2055 1606 me
2107 1561 2360 1621 reputans
2402 1563 2620 1623 propter
2660 1564 2774 1612 Au-

1722 1632 1935 1693 gustum
1969 1631 2281 1682 reducem.»
2334 1635 2511 1697 Longe
2537 1636 2774 1685 tenerior

1723 1705 1809 1754 hic
1839 1706 1922 1756 est
1954 1719 2172 1766 sensuS,
2211 1719 2375 1770 quam
2410 1709 2454 1758 si
2486 1721 2610 1759 cum
2631 1709 2773 1759 Vos-

1723 1780 1801 1828 sio
1853 1783 1907 1829 et
1956 1778 2195 1842 Gargallo
2243 1794 2296 1830 v.
2332 1781 2458 1844 feli-z:
2506 1783 2572 1832 ad
2618 1785 2772 1834 solem

1721 1853 1949 1912 referas,
1987 1856 2047 1903 ut
2084 1855 2152 1904 sit
2189 1852 2582 1907 exclamationis
2620 1870 2765 1921 pars.

1787 1927 1869 1977 49.
1912 1928 2089 1989 Teque,
2128 1931 2247 1978 dum
2271 1931 2521 1995 procedit]
2556 1932 2772 1982 Trium-

1722 2001 1860 2064 phus
1883 2002 1936 2051 h.
1964 2000 1997 2051 l.
2025 2002 2170 2052 velut
2202 2005 2431 2054 numinis
2465 2004 2622 2055 divini
2659 2006 2772 2055 for-

1721 2087 1865 2124 mam
1918 2076 2116 2136 induit,
2170 2077 2312 2141 quod
2374 2080 2619 2129 invocent
2664 2082 2771 2130 Ro-

1723 2150 1868 2198 mani
1921 2151 2166 2213 (prorsus
2221 2155 2281 2201 ut
2335 2153 2499 2217 Epod.
2551 2156 2611 2216 9,
2664 2155 2765 2205 2⁴:

1720 2224 1773 2272 10
1837 2224 2097 2286 Triumpho
2111 2263 2130 2287 ,
2202 2230 2258 2274 tu
2304 2229 2526 2277 moram's
2589 2242 2772 2279 aureos

1721 2297 1914 2348 Currus
1946 2300 2069 2363 cet.)
2089 2338 2100 2358 ,
2135 2303 2189 2350 et
2221 2301 2442 2363 quidem
2477 2317 2541 2352 ex
2574 2304 2769 2354 eadem

1723 2370 1807 2422 illa
1830 2373 2194 2437 antiquissima
2220 2374 2473 2438 formula,
2510 2390 2649 2440 quae
2684 2381 2768 2428 ter

1722 2448 1970 2497 continuo
2001 2450 2226 2512 repet-ita
2258 2451 2521 2514 reperitur
2551 2453 2600 2502 in
2634 2453 2769 2503 Car-

1722 2524 1866 2573 mine
1894 2525 2132 2574 Fratrum
2153 2525 2447 2577 Arvalium:
2471 2529 2526 2577 Ιο
2547 2529 2769 2579 Υκινιρε

1723 2596 1854 2661 (sic).
1911 2599 1984 2648 Ita
2018 2599 2069 2648 in
2103 2600 2335 2650 nummis
2370 2602 2541 2664 gentis
2572 2604 2764 2667 Papiae

1720 2675 1880 2735 caput
1929 2672 2156 2722 iuvenile
2206 2671 2502 2725 laureatum
2560 2678 2768 2741 conspi-

1720 2746 1886 2806 citur,
1942 2749 2276 2809 prominente
2348 2763 2487 2813 pone
2547 2754 2768 2816 tropaeo

1721 2833 1842 2870 cum
1902 2821 2276 2884 inscriptione:
2343 2823 2586 2875 Tmnrrrs
2620 2825 2763 2889 (sic).

1721 2893 1916 2945 Eckhel
1950 2896 2012 2945 D.
2048 2896 2110 2946 N.
2148 2896 2209 2945 V.
2245 2911 2299 2960 p.
2338 2897 2452 2947 267.
2490 2899 2665 2949 Riccio
2691 2902 2764 2950 Μ.

1720 2970 1777 3019 F.
1815 2971 1870 3020 R.
1908 2983 1959 3033 p.
2002 2971 2114 3019 ⁴62.
2170 2972 2521 3035 Interpretare
2573 2974 2762 3036 igitur:

1724 3045 1890 3094 «Dum
1953 3045 2196 3107 procedit
2247 3048 2513 3109 Augustus
2580 3048 2769 3099 trium—

1722 3118 1893 3181 phans
1942 3133 1973 3167 a
2025 3122 2176 3182 porta
2230 3120 2532 3184 triumphali
2595 3135 2766 3186 usque

1721 3192 1790 3242 ad
1826 3192 2164 3257 Capitolium,
2203 3208 2299 3245 nos
2335 3197 2412 3255 te,
2456 3196 2764 3260 Triumphe,

1722 3280 1828 3317 non
1864 3266 2058 3328 semel,
2108 3269 2205 3318 sed
2242 3270 2490 3320 continuo
2524 3269 2768 3320 dicemus

1722 3354 1873 3391 sacra
1929 3343 2003 3403 (ut
2045 3343 2117 3391 ait
2147 3344 2351 3407 Senot..)
2400 3345 2454 3393 et
2493 3342 2632 3393 laeta
2673 3357 2768 3393 ac-

1723 3415 2039 3467 clamatione
2073 3429 2268 3467 nomen
2303 3419 2453 3467 tuum
2496 3418 2564 3467 ita
2614 3418 2767 3468 iden-

1723 3491 1887 3542 tidem
1923 3493 2250 3555 repetentes:
2299 3493 2354 3541 lo
2391 3492 2676 3555 Triumphe,
2713 3495 2767 3542 Ιο

1727 3567 2036 3628 wimplio.»
2105 3566 2234 3616 Inde
2281 3569 2458 3617 autem
2495 3580 2524 3617 a
2576 3582 2626 3616 v.
2679 3567 2761 3618 49.

1725 3640 2005 3691 manifesto
2068 3654 2172 3690 non
2242 3642 2348 3691 iam
2398 3640 2629 3705 loquitur
2695 3642 2764 3693 de

1724 3714 2049 3767 carminibus
2099 3715 2182 3765 vel
2236 3729 2265 3764 a
2319 3718 2493 3766 semet
2533 3719 2649 3781 ipso
2681 3716 2767 3767 vel

1724 3791 1792 3841 ab
1827 3791 2051 3841 Antonio
2085 3790 2169 3841 vel
2204 3791 2273 3840 ab
2307 3793 2536 3854 utroque
2571 3793 2622 3842 in
2659 3794 2770 3842 Au-

1724 3866 1859 3929 gusti
1895 3865 2152 3915 bonorem
2185 3865 2507 3929 pangendis»,
2556 3866 2652 3916 sed
2699 3866 2768 3916 de

1726 3941 1839 4004 ipso
1873 3941 2125 4004 principis
2159 3939 2537 4003 gloriosissimo
2578 3940 2771 3991 trium-

1724 4018 1831 4081 pho
1881 4015 1949 4065 ab
1999 4018 2225 4079 utroque
2282 4016 2397 4066 eius
2448 4015 2768 4066 admiratore

1725 4104 1935 4141 summa
1972 4102 2094 4140 cum
2131 4088 2324 4139 laetitia
2362 4092 2416 4139 et
2448 4088 2565 4139 altis
2598 4086 2769 4143 accla-

1727 4164 2045 4216 mationibus
2075 4164 2383 4228 spectando.
2416 4188 2469 4200 —
2498 4165 2555 4213 ln
2581 4163 2772 4212 consti-

1716 4240 1922 4290 tuendo
1940 4241 2122 4289 autem
2138 4237 2242 4288 hoc
2260 4237 2378 4289 loco
2396 4239 2564 4319 secuti
2582 4248 2770 4288 sumus
