3234 4975
1195 397 1310 448 ΠΒ.
1351 399 1388 447 Ι.
1461 398 1518 448 C.
1557 398 1662 448 ΧΠ.

828 553 1059 618 Gratus
1106 552 1334 641 insigni
1377 553 1652 621 referam
1696 554 1979 622 Camena

1083 673 1591 763 Fabriciumque.

2480 677 2561 740 40

824 843 1009 909 Hunc
1052 852 1118 908 et
1158 842 1497 930 incomptis
1543 843 1808 910 Curium
1851 842 2097 930 capillis

822 961 1050 1031 Utilem
1095 962 1265 1030 bello
1309 961 1449 1030 tulit
1492 974 1556 1029 et
1600 962 1936 1031 Camillum

533 1214 613 1266 4⁴.
651 1215 857 1265 mansas
891 1217 938 1281 (e
974 1215 1286 1277 Quintiliano
1319 1217 1368 1278 9,
1406 1216 1456 1277 3,
1495 1216 1594 1278 is.)
1632 1217 1684 1267 r.

396 1428 571 1490 liceat,
606 1428 833 1493 praebet
866 1429 1083 1481 Oebeltii
1117 1432 1288 1482 coni.:
1337 1431 1445 1481 No-

397 1504 678 1567 bobia-torn.)

464 1579 546 1629 37.
604 1579 683 1629 De
733 1579 800 1628 M.
848 1577 1000 1629 Atilio
1033 1579 1217 1643 Reyuto
1253 1593 1305 1628 v.
1344 1578 1440 1629 Od.

397 1652 448 1713 3,
484 1654 533 1703 δ.
566 1680 620 1689 -
648 1653 882 1718 Scauros]
919 1655 985 1702 Μ.
1010 1652 1264 1705 Aemilius
1286 1655 1448 1703 Scau-

397 1741 489 1777 rus
545 1727 710 1777 hunen
763 1741 827 1777 ac
881 1729 1028 1777 decus
1076 1729 1280 1790 patriae
1329 1727 1440 1777 Val.

402 1804 536 1853 Max.
573 1804 624 1863 5,
661 1804 710 1864 8,
748 1802 810 1861 4;
847 1801 1030 1853 consul
1062 1816 1111 1853 a.
1138 1815 1191 1853 u.
1218 1816 1266 1853 c.
1306 1802 1441 1864 638„

399 1890 611 1937 censor,
648 1878 899 1941 princeps
932 1879 1167 1929 senatus.
1208 1878 1317 1927 Cic.
1344 1876 1441 1926 ΟΠ.

400 1951 448 2008 4,
488 1951 584 2001 30:
640 1951 695 2000 in
725 1953 797 2001 Μ.
835 1952 1030 2001 Scauro
1069 1953 1228 2002 multa
1258 1952 1446 2001 severi-

399 2030 494 2074 tas.
531 2024 598 2074 de
634 2026 720 2074 Or.
760 2026 808 2085 ⁴,
845 2024 937 2076 49:
981 2026 1052 2075 Μ.
1089 2026 1330 2087 δοαυναε,
1363 2026 1447 2074 vir

394 2100 640 2162 rependas
702 2099 779 2148 rei
826 2099 1057 2160 publicae
1098 2101 1442 2162 peritissimas.

398 2175 501 2223 Pro
551 2174 765 2223 Fonteio
816 2174 875 2223 7:
933 2174 1153 2237 Ecquem
1201 2175 1445 2224 horahim

395 2247 608 2297 viam
625 2286 644 2308 ,
681 2261 882 2309 ecquem
911 2261 1028 2298 vore
1058 2262 1446 2299 conmemorare

393 2335 656 2384 passuum
679 2336 863 2384 parem
894 2324 1131 2384 consilio,
1172 2325 1440 2387 pravitate,

398 2398 696 2458 constantia,
732 2398 908 2447 ceteris
924 2398 1209 2459 virtuibus,
1245 2398 1446 2447 honoris

397 2472 583 2535 ingenia·
631 2486 806 2522 rerum
853 2477 1110 2536 costarum
1141 2474 1445 2523 oramentis

401 2548 471 2596 Μ.
508 2548 713 2600 Aemilio
745 2547 942 2598 Scauro
973 2545 1158 2611 sitisse?
1210 2549 1303 2612 (De
1328 2549 1442 2599 eius

397 2621 535 2672 vitiis
586 2621 679 2672 cfr.
730 2620 833 2672 Sal.
889 2624 996 2685 lug.
1053 2622 1153 2684 ⁴5.)
1222 2624 1444 2687 Propter

402 2697 631 2758 ignotam
687 2695 842 2746 nobis
909 2699 1171 2746 rationem
1225 2697 1446 2747 Scauros

399 2773 694 2832 memorat,
750 2783 875 2821 cum
926 2772 1150 2832 Decios,
1203 2770 1439 2833 Manlios,

400 2844 645 2896 Claudios
666 2846 932 2910 patricio&
958 2845 1145 2897 Fabios
1167 2847 1440 2907 Maximos,

399 2920 671 2984 Scipiones
705 2924 807 2971 cet.
858 2921 1097 2981 omittat3
1144 2934 1334 2971 verum
1368 2921 1444 2972 si-

400 2994 593 3045 militer
624 2998 806 3046 luven.
847 2997 927 3056 ⁴⁴,
965 2997 1057 3046 90:
1107 2997 1232 3047 Cum
1263 3002 1444 3047 treme—

397 3074 508 3119 rent
555 3075 722 3120 mntem
751 3070 931 3120 Fabios
979 3072 1260 3133 damnaque
1292 3071 1443 3122 Cato-

400 3156 510 3193 nem
527 3145 593 3193 Et
614 3144 834 3194 Scauros
865 3150 912 3195 et
933 3146 1187 3196 Fabricios
1204 3147 1441 3197 Marcum

401 3219 535 3268 inter
585 3232 804 3269 severos
860 3233 1115 3271 censores
1158 3223 1440 3282 memorat,

400 3292 470 3341 ita
494 3296 549 3343 ut
572 3293 656 3344 hic
675 3307 888 3357 quoque
906 3295 1152 3346 Horatius
1174 3294 1242 3345 ad
1259 3295 1443 3345 Scauri

404 3367 661 3431 imprimis
685 3382 968 3419 censuram
990 3370 1235 3419 videatur
1253 3382 1443 3432 respe-

399 3442 555 3492 xisse.
612 3443 748 3503 Quid
784 3443 926 3506 quod
960 3442 1230 3508 proverbii
1264 3442 1441 3493 locum

402 3516 581 3565 Scauri
613 3516 855 3567 obtinent
886 3518 1047 3568 etiam
1082 3519 1136 3568 in
1171 3519 1441 3569 Ciceronis

400 3590 891 3654 Apophthegmate‘?
926 3590 1058 3641 Plut.
1084 3593 1214 3644 Mor.
1239 3594 1280 3642 1.
1306 3605 1359 3656 p.
1387 3593 1436 3642 2.

401 3676 451 3725 p.
486 3663 584 3715 204
618 3665 704 3714 R:
765 3660 880 3715 Τὸν
933 3665 1231 3736 Κικέρωνα
1268 3662 1439 3731 ποιή-

403 3750 524 3786 σειν
556 3734 670 3788 τῶν
703 3738 993 3790 Κατώνων
1026 3741 1126 3790 καὶ
1173 3737 1288 3790 τῶν
1319 3737 1442 3792 Κά-

402 3808 543 3861 τλων
575 3814 674 3863 καὶ
705 3811 820 3864 τῶν
839 3810 1116 3885 Σκαύρων
1149 3810 1442 3880 ἐνδοξότε-

402 3899 519 3956 ρον.
599 3889 677 3939 De
721 3890 787 3938 M.
843 3890 1041 3939 Scauro
1093 3889 1226 3950 filio,
1276 3904 1306 3939 a
1353 3890 1443 3941 Ci-

402 3973 593 4011 cerone
617 3962 856 4024 defenso,
888 3965 1109 4028 propter
1130 3976 1275 4014 num.
1300 3963 1436 4028 plur.

400 4035 626 4097 cogitare
662 4034 838 4087 nolim.
893 4037 1269 4100 (Difficultates,
1306 4051 1440 4102 quas

398 4109 580 4173 utique
615 4110 770 4161 offert
792 4111 928 4162 haec
950 4113 1270 4162 Scaurorum
1291 4126 1442 4163 men-

401 4182 488 4242 tio,
525 4186 768 4248 exposuit
788 4186 939 4237 Estre
963 4186 1087 4238 Hor.
1113 4189 1196 4237 Pr.
1223 4200 1275 4251 p.
1301 4186 1438 4250 246.)

402 4258 647 4308 Ceterum
698 4260 844 4323 quod
891 4260 1071 4324 plures
1122 4274 1227 4310 non
1271 4261 1438 4311 nomi-

1517 1431 1677 1491 navit,
1714 1431 2013 1494 sapienter,
2062 1435 2122 1483 ut
2153 1430 2350 1496 lyricus
2384 1440 2557 1501 poeta,

1519 1505 1659 1555 tacit.
1686 1503 1925 1556 Liberius
1948 1507 2156 1569 evagari
2177 1510 2423 1571 poterant
2441 1512 2561 1562 Vir-

1515 1577 1665 1641 gilius
1698 1580 1831 1629 Aen.
1855 1580 1905 1641 6,
1927 1580 2203 1640 778-960,
2242 1582 2560 1637 Claudianus

1516 1655 1583 1705 de
1619 1654 1704 1704 Ν.
1744 1656 1902 1704 Cous.
1943 1655 2076 1705 lion.
2115 1655 2391 1709 399-448.

1581 1727 1661 1778 38.
1704 1728 1988 1792 Ρνοαίρυηι]
2026 1730 2083 1779 L.
2120 1729 2372 1783 Aemilius
2405 1733 2561 1784 Paul-

1516 1801 1598 1852 lus
1635 1804 1687 1851 in
1723 1803 1984 1854 Cannensi
2031 1818 2207 1869 pugna
2239 1819 2338 1869 pro
2370 1822 2430 1857 re
2464 1823 2563 1873 pu-

1515 1879 1654 1930 blica
1704 1879 1869 1928 vitam
1918 1880 2327 1941 generosissime
2375 1884 2555 1936 edidit.

1517 1953 1680 2017 (ovid.
1718 1955 1833 2003 Am.
1873 1952 1921 2012 3,
1958 1953 2006 2015 9,
2043 1953 2135 2005 643
2172 1954 2445 2019 Βαηρυὶηἰε
2477 1965 2562 2009 at-

1516 2043 1609 2091 que
1642 2029 1844 2078 animae
1869 2029 2080 2093 prodiqe
2102 2030 2244 2080 Galle
2275 2037 2407 2083 tuae.
2446 2034 2554 2084 Cic.

1515 2103 1582 2153 ad
1617 2105 1762 2154 Fam.
1803 2104 1850 2162 ⁴,
1889 2102 1937 2164 4,
1976 2103 2035 2153 3;
2083 2105 2127 2154 si
2156 2105 2439 2170 vitampro
2471 2114 2562 2159 tua

1513 2178 1755 2241 dimicate
1794 2176 2146 2243 profundam.)
2202 2207 2255 2217 —-
2311 2182 2557 2246 Panum]

1514 2253 1839 2316 scripturam
1889 2266 1987 2317 per
2036 2253 2228 2317 duplex
2278 2257 2317 2306 L
2363 2258 2560 2307 Horatii

1514 2326 1846 2391 temporibus
1880 2328 2127 2378 usitatam
2168 2328 2335 2381 habes
2370 2332 2422 2381 in
2457 2332 2559 2382 hac

1512 2404 1676 2452 Inscr.
1734 2403 1882 2465 (Mur.
1936 2402 2049 2463 952,
2104 2401 2203 2465 8.):
2258 2405 2555 2455 FAVSTVS.

1511 2475 1912 2527 MARCELLAE.
1996 2476 2237 2527 PAVLLI.
2317 2479 2553 2531 PISTOR.

1516 2548 1712 2602 Consul
1747 2552 1829 2599 est
1861 2564 1909 2599 a.
1948 2564 2000 2599 u.
2039 2565 2086 2600 c.
2125 2550 2238 2602 704.

1579 2624 1661 2674 39.
1700 2624 1903 2688 Gratus]
1942 2625 2130 2674 «Grato
2153 2626 2330 2675 animo
2354 2640 2558 2677 memo-

1513 2698 1646 2748 rabo
1668 2699 1885 2760 insignia
1908 2699 2146 2748 omnium
2169 2698 2393 2760 illorum,
2421 2714 2556 2765 quos

1514 2773 1797 2833 nominavi,
1825 2771 1892 2821 de
1915 2773 2084 2836 patria
2107 2773 2296 2822 merita
2319 2775 2556 2826 carmine

1514 2846 1727 2898 sublimi
1784 2861 1847 2897 ac
1902 2846 2097 2898 talibus
2152 2848 2276 2898 viris
2333 2848 2554 2912 digno.-

1515 2921 1645 2973 Cod.
1682 2920 1949 2971 Vanderb.
1999 2921 2219 2972 Graecos
2248 2923 2342 2973 ins.
2363 2962 2376 2985 ,
2414 2923 2556 2976 unde

1513 2997 1575 3047 H.
1613 2993 1952 3060 Peerlkamp:
1993 2997 2274 3046 Gracchum
2305 3003 2352 3047 et
2382 2999 2476 3048 ins.

1578 3069 1660 3121 40.
1700 3071 1757 3120 C.
1785 3069 2053 3121 Fabricius
2077 3071 2350 3133 LuscinuS,
2370 3073 2556 3136 Pyrrhi

1511 3146 1698 3205 victor,
1737 3145 1790 3194 et
1822 3144 1901 3195 Μ’.
1930 3146 2117 3195 Curius
2140 3145 2414 3208 Dentatus,
2442 3148 2555 3197 auri

1512 3222 1633 3271 Sam
1639 3219 1818 3269 uitium
1830 3219 2193 3281 integerrimus
2202 3223 2553 3285 contemptor.

1577 3294 1658 3346 44.
1720 3295 1856 3344 Cum
1889 3294 2050 3358 prisci
2083 3295 2301 3345 Romani
2347 3294 2557 3345 barbati

1514 3370 1697 3419 essent
1729 3369 1890 3430 atque
1927 3369 2136 3429 intonsi,
2174 3380 2221 3418 a.
2258 3381 2313 3418 u.
2351 3383 2398 3419 c.
2437 3368 2550 3420 454.

1514 3446 1809 3506 coeperunt
1856 3442 2061 3492 tonderi
2115 3444 2169 3492 et
2218 3444 2373 3492 comi.
2423 3442 2550 3493 Plin.

1513 3518 1562 3576 7,
1600 3517 1683 3566 59.
1753 3517 1908 3582 Apud
1943 3515 2150 3577 Quintil.
2189 3517 2238 3577 9,
2276 3517 2325 3576 3,
2365 3517 2442 3566 48.
2480 3518 2557 3567 in-

1514 3592 1665 3640 tonsis
1720 3595 1803 3642 est
1856 3588 2104 3655 σφάλμα
2165 3587 2550 3655 μνημονικόν,

1514 3665 1656 3730 quod
1703 3666 1757 3716 h.
1795 3665 1829 3715 l.
1877 3665 2243 3729 recipiendum
2289 3665 2555 3716 immerito

1513 3738 1774 3790 nonnullis
1806 3741 1979 3790 visum
2015 3742 2111 3790 est.
2171 3738 2275 3788 Sed
2309 3738 2403 3788 cfr.
2430 3740 2557 3789 Ser-

1511 3814 1659 3863 vium
1712 3813 1783 3863 ad
1830 3816 1960 3863 Aen.
2006 3814 2085 3872 ⁴2,
2125 3813 2249 3862 ⁴00:
2330 3813 2557 3864 Calami-

1511 3892 1675 3937 strata
1704 3901 1850 3936 coma
1881 3888 2033 3937 etiam
2070 3888 2426 3948 vituperationi
2462 3893 2549 3938 est.

1517 3963 1652 4011 vaae
1683 3967 1729 4011 ec
1759 3967 1938 4011 contra
1978 3962 2047 4010 αα
2086 3962 2285 4011 cauam
2316 3964 2555 4024 osipus-
2660 3933 2663 3936 ’

1511 4042 1628 4122 tm·
1649 4036 1714 4086 ab
1745 4036 1983 4095 Horatio,
2020 4035 2299 4100 incomptis
2334 4037 2553 4088 Curium

1512 4110 1893 4237 capginsbtikm
1923 4185 2061 4251 bello]
2101 4183 2464 4251 «praeclarum
2497 4186 2551 4235 in

1510 4258 1651 4309 bello
1685 4259 1877 4310 ducem
1913 4260 2207 4325 produxit.»
2243 4261 2397 4324 Prop.
2424 4259 2471 4320 3,
2498 4260 2550 4319 9,
