<?xml version="1.0" encoding="UTF-8"?>
<!DOCTYPE html PUBLIC "-//W3C//DTD XHTML 1.0 Transitional//EN"
    "http://www.w3.org/TR/xhtml1/DTD/xhtml1-transitional.dtd">
<html xmlns="http://www.w3.org/1999/xhtml" xml:lang="en" lang="en">
 <head>
  <title>
</title>
<meta http-equiv="Content-Type" content="text/html;charset=utf-8" />
  <meta name='ocr-system' content='tesseract 3.04.00' />
  <meta name='ocr-capabilities' content='ocr_page ocr_carea ocr_par ocr_line ocrx_word'/>
</head>
<body>
  <div class='ocr_page' id='page_1' title='image "./qhoratiusflaccu05baitgoog_0194.png"; bbox 0 0 3234 4975; ppageno 0'>
   <div class='ocr_carea' id='block_1_1' title="bbox 674 374 797 441">
    <p class='ocr_par' dir='ltr' id='par_1_1' title="bbox 674 374 797 441">
     <span class='ocr_line' id='line_1_1' title="bbox 674 374 797 441; baseline 0.008 -1"><span class='ocrx_word' id='word_1_1' title='bbox 674 374 797 441; x_wconf 76' lang='grc'>466</span> 
     </span>
    </p>
   </div>
   <div class='ocr_carea' id='block_1_2' title="bbox 1003 531 2239 619">
    <p class='ocr_par' dir='ltr' id='par_1_2' title="bbox 1003 531 2239 619">
     <span class='ocr_line' id='line_1_2' title="bbox 1003 531 2239 619; baseline -0.001 -21"><span class='ocrx_word' id='word_1_2' title='bbox 1003 540 1170 599; x_wconf 79' lang='lat' dir='ltr'>Arcu</span> <span class='ocrx_word' id='word_1_3' title='bbox 1216 532 1532 619; x_wconf 80' lang='lat' dir='ltr'>paterno?</span> <span class='ocrx_word' id='word_1_4' title='bbox 1579 532 1740 611; x_wconf 89' lang='lat' dir='ltr'>Quis</span> <span class='ocrx_word' id='word_1_5' title='bbox 1784 542 1977 619; x_wconf 80' lang='lat' dir='ltr'>neget</span> <span class='ocrx_word' id='word_1_6' title='bbox 2019 531 2239 598; x_wconf 84' lang='lat' dir='ltr'>arduis</span> 
     </span>
    </p>
   </div>
   <div class='ocr_carea' id='block_1_3' title="bbox 1438 376 2067 455">
    <p class='ocr_par' dir='ltr' id='par_1_3' title="bbox 1438 376 2067 455">
     <span class='ocr_line' id='line_1_3' title="bbox 1438 376 2067 455; baseline 0.002 -29"><span class='ocrx_word' id='word_1_7' title='bbox 1438 377 1693 455; x_wconf 71' lang='lat' dir='ltr'>nomm!</span> <span class='ocrx_word' id='word_1_8' title='bbox 1730 376 1971 427; x_wconf 71' lang='lat' dir='ltr'>CARMJN</span> <span class='ocrx_word' id='word_1_9' title='bbox 1979 377 2067 428; x_wconf 73' lang='grc' dir='ltr'>ΠΜ</span> 
     </span>
    </p>
   </div>
   <div class='ocr_carea' id='block_1_4' title="bbox 2762 532 2835 595">
    <p class='ocr_par' dir='ltr' id='par_1_4' title="bbox 2762 532 2835 595">
     <span class='ocr_line' id='line_1_4' title="bbox 2762 532 2835 595; baseline -0.027 0"><span class='ocrx_word' id='word_1_10' title='bbox 2762 532 2835 595; x_wconf 81' lang='grc'>10</span> 
     </span>
    </p>
   </div>
   <div class='ocr_carea' id='block_1_5' title="bbox 1086 651 2224 848">
    <p class='ocr_par' dir='ltr' id='par_1_5' title="bbox 1086 651 2224 848">
     <span class='ocr_line' id='line_1_5' title="bbox 1086 651 2037 739; baseline 0 -21"><span class='ocrx_word' id='word_1_11' title='bbox 1086 656 1329 719; x_wconf 83' lang='lat' dir='ltr'>Pronos</span> <span class='ocrx_word' id='word_1_12' title='bbox 1373 651 1575 719; x_wconf 85' lang='lat' dir='ltr'>relabi</span> <span class='ocrx_word' id='word_1_13' title='bbox 1622 673 1817 739; x_wconf 89' lang='lat' dir='ltr'>posse</span> <span class='ocrx_word' id='word_1_14' title='bbox 1862 654 2037 719; x_wconf 89' lang='lat' dir='ltr'>rivos</span> 
     </span>
     <span class='ocr_line' id='line_1_6' title="bbox 1170 772 2224 848; baseline 0.001 -10"><span class='ocrx_word' id='word_1_15' title='bbox 1170 773 1485 840; x_wconf 87' lang='lat' dir='ltr'>Montibus</span> <span class='ocrx_word' id='word_1_16' title='bbox 1530 784 1593 839; x_wconf 88' lang='lat' dir='ltr'>et</span> <span class='ocrx_word' id='word_1_17' title='bbox 1637 772 1916 841; x_wconf 79' lang='lat' dir='ltr'><strong>Tiberim</strong></span> <span class='ocrx_word' id='word_1_18' title='bbox 1958 775 2224 848; x_wconf 81' lang='lat' dir='ltr'>reverti,</span> 
     </span>
    </p>
   </div>
   <div class='ocr_carea' id='block_1_6' title="bbox 1001 930 2386 1120">
    <p class='ocr_par' dir='ltr' id='par_1_6' title="bbox 1001 930 2386 1120">
     <span class='ocr_line' id='line_1_7' title="bbox 1006 930 2324 1019; baseline -0.002 -20"><span class='ocrx_word' id='word_1_19' title='bbox 1006 933 1165 999; x_wconf 91' lang='lat' dir='ltr'>Cum</span> <span class='ocrx_word' id='word_1_20' title='bbox 1209 941 1276 996; x_wconf 84' lang='lat' dir='ltr'>tu</span> <span class='ocrx_word' id='word_1_21' title='bbox 1322 938 1655 1017; x_wconf 79' lang='lat' dir='ltr'>coemptos</span> <span class='ocrx_word' id='word_1_22' title='bbox 1699 930 1989 1019; x_wconf 89' lang='lat' dir='ltr'>undique</span> <span class='ocrx_word' id='word_1_23' title='bbox 2035 930 2266 999; x_wconf 87' lang='lat' dir='ltr'>nobilis</span> <span class='ocrx_word' id='word_1_24' title='bbox 2319 933 2324 938; x_wconf 83' lang='grc'><em>’</em></span> 
     </span>
     <span class='ocr_line' id='line_1_8' title="bbox 1001 1051 2386 1120; baseline -0.001 -1"><span class='ocrx_word' id='word_1_25' title='bbox 1001 1051 1229 1119; x_wconf 88' lang='lat' dir='ltr'>Libros</span> <span class='ocrx_word' id='word_1_26' title='bbox 1273 1052 1533 1118; x_wconf 81' lang='lat' dir='ltr'>Panaeti</span> <span class='ocrx_word' id='word_1_27' title='bbox 1577 1052 1972 1120; x_wconf 80' lang='lat' dir='ltr'>Socraticam</span> <span class='ocrx_word' id='word_1_28' title='bbox 2014 1063 2080 1119; x_wconf 83' lang='lat' dir='ltr'>et</span> <span class='ocrx_word' id='word_1_29' title='bbox 2121 1052 2386 1120; x_wconf 89' lang='lat' dir='ltr'>domum</span> 
     </span>
    </p>
   </div>
   <div class='ocr_carea' id='block_1_7' title="bbox 801 1277 2714 1346">
    <p class='ocr_par' dir='ltr' id='par_1_7' title="bbox 801 1277 2714 1346">
     <span class='ocr_line' id='line_1_9' title="bbox 801 1277 2714 1346; baseline -0.001 -16"><span class='ocrx_word' id='word_1_30' title='bbox 801 1282 877 1330; x_wconf 84' lang='grc'>43.</span> <span class='ocrx_word' id='word_1_31' title='bbox 917 1286 1168 1343; x_wconf 74' lang='lat' dir='ltr'>coemptus</span> <span class='ocrx_word' id='word_1_32' title='bbox 1198 1293 1280 1344; x_wconf 89' lang='lat' dir='ltr'>pr.</span> <span class='ocrx_word' id='word_1_33' title='bbox 1318 1280 1373 1330; x_wconf 90' lang='lat' dir='ltr'>T.</span> <span class='ocrx_word' id='word_1_34' title='bbox 1416 1306 1471 1315; x_wconf 92' lang='lat'><strong>—</strong></span> <span class='ocrx_word' id='word_1_35' title='bbox 1507 1279 1693 1329; x_wconf 62' lang='lat' dir='ltr'>nobiles</span> <span class='ocrx_word' id='word_1_36' title='bbox 1726 1278 2081 1341; x_wconf 82' lang='lat' dir='ltr'>bScd,LCtFJ.</span> <span class='ocrx_word' id='word_1_37' title='bbox 2124 1282 2202 1344; x_wconf 81' lang='lat' dir='ltr'>(Ut</span> <span class='ocrx_word' id='word_1_38' title='bbox 2232 1293 2348 1342; x_wconf 75' lang='lat' dir='ltr'>noe,</span> <span class='ocrx_word' id='word_1_39' title='bbox 2386 1281 2444 1343; x_wconf 84' lang='lat' dir='ltr'>T,</span> <span class='ocrx_word' id='word_1_40' title='bbox 2481 1277 2714 1346; x_wconf 75' lang='grc' dir='ltr'>κμνξω.)</span> 
     </span>
    </p>
   </div>
   <div class='ocr_carea' id='block_1_8' title="bbox 671 1482 2837 1551">
    <p class='ocr_par' dir='ltr' id='par_1_8' title="bbox 671 1482 2837 1551">
     <span class='ocr_line' id='line_1_10' title="bbox 671 1482 2837 1551; baseline -0.001 -14"><span class='ocrx_word' id='word_1_41' title='bbox 671 1488 1002 1551; x_wconf 79' lang='lat' dir='ltr'>negaverim,</span> <span class='ocrx_word' id='word_1_42' title='bbox 1028 1488 1186 1535; x_wconf 82' lang='lat' dir='ltr'>Seras</span> <span class='ocrx_word' id='word_1_43' title='bbox 1201 1485 1306 1535; x_wconf 88' lang='lat' dir='ltr'>hoc</span> <span class='ocrx_word' id='word_1_44' title='bbox 1327 1483 1445 1533; x_wconf 88' lang='lat' dir='ltr'>loco</span> <span class='ocrx_word' id='word_1_45' title='bbox 1458 1521 1471 1543; x_wconf 92' lang='lat'>,</span> <span class='ocrx_word' id='word_1_46' title='bbox 1498 1482 1552 1532; x_wconf 88' lang='lat' dir='ltr'>id</span> <span class='ocrx_word' id='word_1_47' title='bbox 1570 1482 1716 1545; x_wconf 85' lang='lat' dir='ltr'>quod</span> <span class='ocrx_word' id='word_1_48' title='bbox 1781 1496 1947 1545; x_wconf 80' lang='lat' dir='ltr'>prono</span> <span class='ocrx_word' id='word_1_49' title='bbox 1968 1485 2176 1534; x_wconf 74' lang='lat' dir='ltr'>curvari</span> <span class='ocrx_word' id='word_1_50' title='bbox 2194 1486 2408 1548; x_wconf 77' lang='lat' dir='ltr'>flumina</span> <span class='ocrx_word' id='word_1_51' title='bbox 2434 1487 2581 1547; x_wconf 76' lang='lat' dir='ltr'>lapsu</span> <span class='ocrx_word' id='word_1_52' title='bbox 2602 1487 2662 1535; x_wconf 78' lang='lat' dir='ltr'>In</span> <span class='ocrx_word' id='word_1_53' title='bbox 2679 1487 2837 1549; x_wconf 76' lang='lat' dir='ltr'>fontes</span> 
     </span>
    </p>
   </div>
   <div class='ocr_carea' id='block_1_9' title="bbox 669 1558 1727 3493">
    <p class='ocr_par' dir='ltr' id='par_1_9' title="bbox 669 1558 1721 2507">
     <span class='ocr_line' id='line_1_11' title="bbox 671 1558 1720 1620; baseline -0.007 -7"><span class='ocrx_word' id='word_1_54' title='bbox 671 1564 833 1613; x_wconf 78' lang='lat' dir='ltr'>etiam</span> <span class='ocrx_word' id='word_1_55' title='bbox 868 1560 991 1611; x_wconf 76' lang='lat' dir='ltr'>alibi</span> <span class='ocrx_word' id='word_1_56' title='bbox 1020 1561 1216 1610; x_wconf 73' lang='lat' dir='ltr'>tactum</span> <span class='ocrx_word' id='word_1_57' title='bbox 1239 1561 1339 1620; x_wconf 80' lang='lat' dir='ltr'>est,</span> <span class='ocrx_word' id='word_1_58' title='bbox 1377 1570 1502 1607; x_wconf 88' lang='lat' dir='ltr'>cum</span> <span class='ocrx_word' id='word_1_59' title='bbox 1524 1558 1720 1617; x_wconf 72' lang='lat' dir='ltr'>Scythis</span> 
     </span>
     <span class='ocr_line' id='line_1_12' title="bbox 676 1633 1719 1696; baseline -0.007 -9"><span class='ocrx_word' id='word_1_60' title='bbox 676 1650 798 1687; x_wconf 85' lang='lat' dir='ltr'>esse</span> <span class='ocrx_word' id='word_1_61' title='bbox 835 1635 1109 1695; x_wconf 81' lang='lat' dir='ltr'>confusos,</span> <span class='ocrx_word' id='word_1_62' title='bbox 1147 1646 1375 1696; x_wconf 90' lang='lat' dir='ltr'>quorum</span> <span class='ocrx_word' id='word_1_63' title='bbox 1410 1633 1584 1694; x_wconf 90' lang='lat' dir='ltr'>ipsum</span> <span class='ocrx_word' id='word_1_64' title='bbox 1619 1644 1719 1681; x_wconf 90' lang='lat' dir='ltr'>no-</span> 
     </span>
     <span class='ocr_line' id='line_1_13' title="bbox 669 1705 1715 1766; baseline -0.007 -5"><span class='ocrx_word' id='word_1_65' title='bbox 669 1724 797 1761; x_wconf 87' lang='lat' dir='ltr'>men</span> <span class='ocrx_word' id='word_1_66' title='bbox 820 1724 849 1759; x_wconf 80' lang='lat' dir='ltr'><strong>a</strong></span> <span class='ocrx_word' id='word_1_67' title='bbox 874 1708 1040 1759; x_wconf 84' lang='lat' dir='ltr'>verbo</span> <span class='ocrx_word' id='word_1_68' title='bbox 1064 1708 1283 1757; x_wconf 84' lang='lat' dir='ltr'><strong>Gothico</strong></span> <span class='ocrx_word' id='word_1_69' title='bbox 1305 1707 1562 1766; x_wconf 59' lang='lat' dir='ltr'>*skiutam</span> <span class='ocrx_word' id='word_1_70' title='bbox 1587 1705 1715 1755; x_wconf 90' lang='lat' dir='ltr'>hod.</span> 
     </span>
     <span class='ocr_line' id='line_1_14' title="bbox 671 1781 1720 1847; baseline -0.003 -11"><span class='ocrx_word' id='word_1_71' title='bbox 671 1787 925 1843; x_wconf 67' lang='lat' dir='ltr'>schemen,</span> <span class='ocrx_word' id='word_1_72' title='bbox 952 1781 1301 1833; x_wconf 82' lang='lat' dir='ltr'>derivandum</span> <span class='ocrx_word' id='word_1_73' title='bbox 1325 1781 1602 1844; x_wconf 75' lang='lat' dir='ltr'>sagittandi</span> <span class='ocrx_word' id='word_1_74' title='bbox 1626 1796 1720 1847; x_wconf 87' lang='lat' dir='ltr'>pe-</span> 
     </span>
     <span class='ocr_line' id='line_1_15' title="bbox 672 1856 1721 1909; baseline -0.003 0"><span class='ocrx_word' id='word_1_75' title='bbox 672 1861 845 1909; x_wconf 82' lang='lat' dir='ltr'>ritiam</span> <span class='ocrx_word' id='word_1_76' title='bbox 871 1857 1081 1907; x_wconf 80' lang='lat' dir='ltr'>indicat.</span> <span class='ocrx_word' id='word_1_77' title='bbox 1110 1856 1186 1905; x_wconf 86' lang='lat' dir='ltr'>Cf.</span> <span class='ocrx_word' id='word_1_78' title='bbox 1214 1856 1414 1905; x_wconf 89' lang='lat' dir='ltr'>Grimm</span> <span class='ocrx_word' id='word_1_79' title='bbox 1436 1858 1605 1906; x_wconf 80' lang='lat' dir='ltr'>Gesch.</span> <span class='ocrx_word' id='word_1_80' title='bbox 1631 1859 1721 1906; x_wconf 83' lang='lat' dir='ltr'>der</span> 
     </span>
     <span class='ocr_line' id='line_1_16' title="bbox 669 1929 1721 1996; baseline -0.004 -12"><span class='ocrx_word' id='word_1_81' title='bbox 669 1934 719 1984; x_wconf 77' lang='lat' dir='ltr'>d.</span> <span class='ocrx_word' id='word_1_82' title='bbox 756 1934 872 1994; x_wconf 75' lang='lat' dir='ltr'>Spr.</span> <span class='ocrx_word' id='word_1_83' title='bbox 910 1934 948 1982; x_wconf 91' lang='lat'>1.</span> <span class='ocrx_word' id='word_1_84' title='bbox 988 1946 1040 1996; x_wconf 86' lang='lat' dir='ltr'>p.</span> <span class='ocrx_word' id='word_1_85' title='bbox 1078 1932 1174 1980; x_wconf 65' lang='lat'>2¹20</span> <span class='ocrx_word' id='word_1_86' title='bbox 1209 1929 1348 1993; x_wconf 86' lang='lat' dir='ltr'><strong>sqq.)</strong></span> <span class='ocrx_word' id='word_1_87' title='bbox 1405 1932 1592 1981; x_wconf 79' lang='lat' dir='ltr'>«More</span> <span class='ocrx_word' id='word_1_88' title='bbox 1629 1932 1721 1993; x_wconf 83' lang='lat' dir='ltr'>igi-</span> 
     </span>
     <span class='ocr_line' id='line_1_17' title="bbox 670 2004 1720 2069; baseline -0.004 -11"><span class='ocrx_word' id='word_1_89' title='bbox 670 2011 756 2058; x_wconf 81' lang='lat' dir='ltr'>tur</span> <span class='ocrx_word' id='word_1_90' title='bbox 788 2008 959 2069; x_wconf 77' lang='lat' dir='ltr'>gentis</span> <span class='ocrx_word' id='word_1_91' title='bbox 993 2019 1123 2056; x_wconf 85' lang='lat' dir='ltr'>suae</span> <span class='ocrx_word' id='word_1_92' title='bbox 1158 2018 1288 2054; x_wconf 79' lang='lat' dir='ltr'>areu</span> <span class='ocrx_word' id='word_1_93' title='bbox 1312 2009 1528 2066; x_wconf 68' lang='lat' dir='ltr'>patemo</span> <span class='ocrx_word' id='word_1_94' title='bbox 1563 2004 1720 2054; x_wconf 80' lang='lat' dir='ltr'>callet</span> 
     </span>
     <span class='ocr_line' id='line_1_18' title="bbox 669 2078 1717 2144; baseline -0.004 -12"><span class='ocrx_word' id='word_1_95' title='bbox 669 2081 949 2144; x_wconf 80' lang='lat' dir='ltr'>sagittandi</span> <span class='ocrx_word' id='word_1_96' title='bbox 982 2083 1179 2140; x_wconf 74' lang='lat' dir='ltr'>artem,</span> <span class='ocrx_word' id='word_1_97' title='bbox 1217 2092 1322 2140; x_wconf 78' lang='lat' dir='ltr'>qua</span> <span class='ocrx_word' id='word_1_98' title='bbox 1357 2081 1408 2128; x_wconf 83' lang='lat' dir='ltr'>te</span> <span class='ocrx_word' id='word_1_99' title='bbox 1440 2078 1717 2129; x_wconf 87' lang='lat' dir='ltr'>dominum</span> 
     </span>
     <span class='ocr_line' id='line_1_19' title="bbox 670 2153 1714 2219; baseline -0.004 -13"><span class='ocrx_word' id='word_1_100' title='bbox 670 2156 952 2219; x_wconf 81' lang='lat' dir='ltr'>aliquando</span> <span class='ocrx_word' id='word_1_101' title='bbox 974 2153 1313 2205; x_wconf 78' lang='lat' dir='ltr'>oblectabit.»</span> <span class='ocrx_word' id='word_1_102' title='bbox 1337 2155 1548 2204; x_wconf 82' lang='lat' dir='ltr'>Minime</span> <span class='ocrx_word' id='word_1_103' title='bbox 1566 2167 1714 2213; x_wconf 80' lang='lat' dir='ltr'>veru,</span> 
     </span>
     <span class='ocr_line' id='line_1_20' title="bbox 670 2228 1718 2288; baseline -0.005 -7"><span class='ocrx_word' id='word_1_104' title='bbox 670 2235 731 2281; x_wconf 81' lang='lat' dir='ltr'>ut</span> <span class='ocrx_word' id='word_1_105' title='bbox 786 2229 1017 2281; x_wconf 87' lang='lat' dir='ltr'>nonnulli</span> <span class='ocrx_word' id='word_1_106' title='bbox 1072 2228 1379 2288; x_wconf 71' lang='lat' dir='ltr'>voluerunt,</span> <span class='ocrx_word' id='word_1_107' title='bbox 1437 2228 1559 2278; x_wconf 90' lang='lat' dir='ltr'>ideo</span> <span class='ocrx_word' id='word_1_108' title='bbox 1612 2230 1718 2278; x_wconf 92' lang='lat' dir='ltr'>hoc</span> 
     </span>
     <span class='ocr_line' id='line_1_21' title="bbox 673 2302 1719 2366; baseline -0.005 -10"><span class='ocrx_word' id='word_1_109' title='bbox 673 2307 888 2366; x_wconf 83' lang='lat' dir='ltr'>adiecit,</span> <span class='ocrx_word' id='word_1_110' title='bbox 927 2308 986 2354; x_wconf 87' lang='lat' dir='ltr'>ut</span> <span class='ocrx_word' id='word_1_111' title='bbox 1018 2316 1145 2353; x_wconf 84' lang='lat' dir='ltr'>eum</span> <span class='ocrx_word' id='word_1_112' title='bbox 1179 2304 1316 2352; x_wconf 84' lang='lat' dir='ltr'>Iccio</span> <span class='ocrx_word' id='word_1_113' title='bbox 1338 2302 1593 2352; x_wconf 82' lang='lat' dir='ltr'>redderet</span> <span class='ocrx_word' id='word_1_114' title='bbox 1614 2306 1719 2352; x_wconf 80' lang='lat' dir='ltr'>ter-</span> 
     </span>
     <span class='ocr_line' id='line_1_22' title="bbox 675 2376 1715 2442; baseline -0.005 -12"><span class='ocrx_word' id='word_1_115' title='bbox 675 2381 915 2441; x_wconf 86' lang='lat' dir='ltr'>ribilem,</span> <span class='ocrx_word' id='word_1_116' title='bbox 975 2392 1082 2442; x_wconf 89' lang='lat' dir='ltr'>quo</span> <span class='ocrx_word' id='word_1_117' title='bbox 1134 2376 1256 2426; x_wconf 82' lang='lat' dir='ltr'>nihil</span> <span class='ocrx_word' id='word_1_118' title='bbox 1309 2378 1483 2427; x_wconf 89' lang='lat' dir='ltr'>minus</span> <span class='ocrx_word' id='word_1_119' title='bbox 1531 2379 1715 2440; x_wconf 78' lang='lat' dir='ltr'>aptum</span> 
     </span>
     <span class='ocr_line' id='line_1_23' title="bbox 677 2451 1714 2513; baseline -0.005 -6"><span class='ocrx_word' id='word_1_120' title='bbox 677 2457 797 2507; x_wconf 90' lang='lat' dir='ltr'>huic</span> <span class='ocrx_word' id='word_1_121' title='bbox 831 2455 1015 2507; x_wconf 77' lang='lat' dir='ltr'>fuisset</span> <span class='ocrx_word' id='word_1_122' title='bbox 1047 2451 1180 2502; x_wconf 82' lang='lat' dir='ltr'>loco,</span> <span class='ocrx_word' id='word_1_123' title='bbox 1223 2479 1277 2489; x_wconf 92' lang='lat'>--</span> <span class='ocrx_word' id='word_1_124' title='bbox 1312 2451 1503 2502; x_wconf 80' lang='lat' dir='ltr'>Strabo</span> <span class='ocrx_word' id='word_1_125' title='bbox 1529 2453 1617 2513; x_wconf 82' lang='grc'>45,</span> <span class='ocrx_word' id='word_1_126' title='bbox 1657 2452 1714 2502; x_wconf 86' lang='lat'>3:</span> 
     </span>
    </p>

    <p class='ocr_par' dir='ltr' id='par_1_10' title="bbox 672 2519 1727 3493">
     <span class='ocr_line' id='line_1_24' title="bbox 675 2519 1719 2600; baseline -0.005 -20"><span class='ocrx_word' id='word_1_127' title='bbox 675 2532 745 2580; x_wconf 81' lang='grc' dir='ltr'>Οἱ</span> <span class='ocrx_word' id='word_1_128' title='bbox 792 2531 1011 2600; x_wconf 78' lang='grc' dir='ltr'><strong><em>Πέρσαι</em></strong></span> <span class='ocrx_word' id='word_1_129' title='bbox 1060 2523 1179 2577; x_wconf 76' lang='grc' dir='ltr'>ἀπὸ</span> <span class='ocrx_word' id='word_1_130' title='bbox 1226 2527 1389 2576; x_wconf 79' lang='grc' dir='ltr'><em>πέντε</em></span> <span class='ocrx_word' id='word_1_131' title='bbox 1433 2525 1576 2578; x_wconf 78' lang='grc' dir='ltr'><em>ἐτῶν</em></span> <span class='ocrx_word' id='word_1_132' title='bbox 1611 2519 1719 2590; x_wconf 70' lang='grc' dir='ltr'>ἕως</span> 
     </span>
     <span class='ocr_line' id='line_1_25' title="bbox 672 2598 1720 2676; baseline -0.004 -20"><span class='ocrx_word' id='word_1_133' title='bbox 672 2603 946 2676; x_wconf 77' lang='grc' dir='ltr'><em>τετάρτου</em></span> <span class='ocrx_word' id='word_1_134' title='bbox 989 2605 1087 2653; x_wconf 80' lang='grc' dir='ltr'><em>καὶ</em></span> <span class='ocrx_word' id='word_1_135' title='bbox 1131 2599 1317 2652; x_wconf 70' lang='grc' dir='ltr'><em>εἴκοσι</em></span> <span class='ocrx_word' id='word_1_136' title='bbox 1351 2598 1720 2652; x_wconf 75' lang='grc' dir='ltr'><em>παιδεύονται</em></span> 
     </span>
     <span class='ocr_line' id='line_1_26' title="bbox 674 2673 1718 2745; baseline -0.005 -14"><span class='ocrx_word' id='word_1_137' title='bbox 674 2678 839 2745; x_wconf 74' lang='grc' dir='ltr'><em>τοξει·</em></span> <span class='ocrx_word' id='word_1_138' title='bbox 842 2695 925 2730; x_wconf 81' lang='grc' dir='ltr'>ειν</span> <span class='ocrx_word' id='word_1_139' title='bbox 958 2680 1057 2729; x_wconf 78' lang='grc' dir='ltr'><em>καὶ</em></span> <span class='ocrx_word' id='word_1_140' title='bbox 1092 2673 1453 2740; x_wconf 75' lang='grc' dir='ltr'><em>ἱππάζεσθαι.</em></span> <span class='ocrx_word' id='word_1_141' title='bbox 1504 2678 1718 2728; x_wconf 80' lang='lat' dir='ltr'>Charito</span> 
     </span>
     <span class='ocr_line' id='line_1_27' title="bbox 674 2748 1720 2822; baseline -0.005 -17"><span class='ocrx_word' id='word_1_142' title='bbox 674 2772 725 2820; x_wconf 89' lang='lat' dir='ltr'>p.</span> <span class='ocrx_word' id='word_1_143' title='bbox 767 2757 877 2805; x_wconf 80' lang='grc'>437</span> <span class='ocrx_word' id='word_1_144' title='bbox 918 2756 1085 2818; x_wconf 58' lang='lat' dir='ltr'>lips:</span> <span class='ocrx_word' id='word_1_145' title='bbox 1124 2753 1380 2822; x_wconf 75' lang='grc' dir='ltr'><em>Φαρέτρα</em></span> <span class='ocrx_word' id='word_1_146' title='bbox 1414 2754 1511 2803; x_wconf 85' lang='grc' dir='ltr'><em>καὶ</em></span> <span class='ocrx_word' id='word_1_147' title='bbox 1548 2748 1720 2815; x_wconf 74' lang='grc' dir='ltr'><em>τόξον</em></span> 
     </span>
     <span class='ocr_line' id='line_1_28' title="bbox 673 2825 1721 2898; baseline -0.005 -18"><span class='ocrx_word' id='word_1_148' title='bbox 673 2827 827 2897; x_wconf 74' lang='grc' dir='ltr'><em>αὐτῷ</em></span> <span class='ocrx_word' id='word_1_149' title='bbox 879 2825 1240 2898; x_wconf 72' lang='grc' dir='ltr'><em>παρήρτητο,</em></span> <span class='ocrx_word' id='word_1_150' title='bbox 1300 2825 1501 2898; x_wconf 75' lang='grc' dir='ltr'><em>Σηρῶν</em></span> <span class='ocrx_word' id='word_1_151' title='bbox 1552 2841 1721 2896; x_wconf 78' lang='grc' dir='ltr'><em>εργον</em></span> 
     </span>
     <span class='ocr_line' id='line_1_29' title="bbox 674 2903 1724 2955; baseline -0.003 -0.994"><span class='ocrx_word' id='word_1_152' title='bbox 674 2903 1171 2955; x_wconf 73' lang='grc' dir='ltr'><em>πολυτελέστατον.</em></span> <span class='ocrx_word' id='word_1_153' title='bbox 1232 2903 1394 2952; x_wconf 80' lang='lat' dir='ltr'>Telum</span> <span class='ocrx_word' id='word_1_154' title='bbox 1416 2906 1596 2952; x_wconf 77' lang='lat' dir='ltr'>autem</span> <span class='ocrx_word' id='word_1_155' title='bbox 1620 2908 1724 2950; x_wconf 79' lang='lat' dir='ltr'>ten-</span> 
     </span>
     <span class='ocr_line' id='line_1_30' title="bbox 673 2977 1721 3048; baseline -0.006 -18"><span class='ocrx_word' id='word_1_156' title='bbox 673 2983 788 3030; x_wconf 82' lang='lat' dir='ltr'>dere</span> <span class='ocrx_word' id='word_1_157' title='bbox 820 2994 918 3043; x_wconf 91' lang='lat' dir='ltr'>pro</span> <span class='ocrx_word' id='word_1_158' title='bbox 942 2980 1118 3048; x_wconf 76' lang='grc' dir='ltr'><em>κυρίῳ</em></span> <span class='ocrx_word' id='word_1_159' title='bbox 1141 2992 1317 3027; x_wconf 83' lang='lat' dir='ltr'>arcum</span> <span class='ocrx_word' id='word_1_160' title='bbox 1340 2979 1534 3025; x_wconf 80' lang='lat' dir='ltr'>tendere</span> <span class='ocrx_word' id='word_1_161' title='bbox 1558 2977 1721 3030; x_wconf 76' lang='lat' dir='ltr'>etiam</span> 
     </span>
     <span class='ocr_line' id='line_1_31' title="bbox 674 3051 1718 3116; baseline -0.005 -13"><span class='ocrx_word' id='word_1_162' title='bbox 674 3056 814 3116; x_wconf 83' lang='lat' dir='ltr'>virg.</span> <span class='ocrx_word' id='word_1_163' title='bbox 843 3057 969 3103; x_wconf 79' lang='lat' dir='ltr'>Aen.</span> <span class='ocrx_word' id='word_1_164' title='bbox 997 3056 1052 3112; x_wconf 82' lang='lat'>5,</span> <span class='ocrx_word' id='word_1_165' title='bbox 1080 3054 1193 3101; x_wconf 82' lang='lat'>507.</span> <span class='ocrx_word' id='word_1_166' title='bbox 1230 3051 1326 3101; x_wconf 87' lang='lat' dir='ltr'>sed</span> <span class='ocrx_word' id='word_1_167' title='bbox 1350 3064 1448 3114; x_wconf 85' lang='lat' dir='ltr'>per</span> <span class='ocrx_word' id='word_1_168' title='bbox 1468 3063 1718 3112; x_wconf 79' lang='lat' dir='ltr'><strong>zeugma:</strong></span> 
     </span>
     <span class='ocr_line' id='line_1_32' title="bbox 674 3126 1724 3180; baseline -0.006 -2"><span class='ocrx_word' id='word_1_169' title='bbox 674 3131 784 3180; x_wconf 78' lang='lat' dir='ltr'>Post</span> <span class='ocrx_word' id='word_1_170' title='bbox 817 3142 935 3177; x_wconf 80' lang='lat' dir='ltr'>acer</span> <span class='ocrx_word' id='word_1_171' title='bbox 967 3127 1244 3177; x_wconf 73' lang='lat' dir='ltr'>Mnestheus</span> <span class='ocrx_word' id='word_1_172' title='bbox 1266 3127 1479 3174; x_wconf 79' lang='lat' dir='ltr'>adducto</span> <span class='ocrx_word' id='word_1_173' title='bbox 1507 3126 1724 3174; x_wconf 79' lang='lat' dir='ltr'>constitit</span> 
     </span>
     <span class='ocr_line' id='line_1_33' title="bbox 677 3200 1727 3263; baseline -0.006 -9"><span class='ocrx_word' id='word_1_174' title='bbox 677 3218 835 3262; x_wconf 80' lang='lat' dir='ltr'>arcu,</span> <span class='ocrx_word' id='word_1_175' title='bbox 872 3203 986 3251; x_wconf 81' lang='lat' dir='ltr'>Alta</span> <span class='ocrx_word' id='word_1_176' title='bbox 1012 3207 1206 3263; x_wconf 70' lang='lat' dir='ltr'>petens,</span> <span class='ocrx_word' id='word_1_177' title='bbox 1234 3200 1528 3262; x_wconf 78' lang='lat' dir='ltr'><strong><em>pariterque</em></strong></span> <span class='ocrx_word' id='word_1_178' title='bbox 1560 3200 1727 3248; x_wconf 83' lang='lat' dir='ltr'>oculos</span> 
     </span>
     <span class='ocr_line' id='line_1_34' title="bbox 676 3275 1722 3338; baseline -0.005 -11"><span class='ocrx_word' id='word_1_179' title='bbox 676 3280 921 3338; x_wconf 74' lang='lat' dir='ltr'>telumque</span> <span class='ocrx_word' id='word_1_180' title='bbox 968 3277 1184 3326; x_wconf 75' lang='lat' dir='ltr'>tetendit.</span> <span class='ocrx_word' id='word_1_181' title='bbox 1271 3276 1405 3324; x_wconf 81' lang='lat' dir='ltr'>Item</span> <span class='ocrx_word' id='word_1_182' title='bbox 1455 3275 1722 3324; x_wconf 83' lang='lat' dir='ltr'>Himerius</span> 
     </span>
     <span class='ocr_line' id='line_1_35' title="bbox 677 3347 1723 3414; baseline -0.007 -10"><span class='ocrx_word' id='word_1_183' title='bbox 677 3356 762 3405; x_wconf 89' lang='lat' dir='ltr'>Or.</span> <span class='ocrx_word' id='word_1_184' title='bbox 802 3350 892 3410; x_wconf 73' lang='lat'>⁴4,</span> <span class='ocrx_word' id='word_1_185' title='bbox 930 3350 977 3401; x_wconf 74' lang='lat'>4.</span> <span class='ocrx_word' id='word_1_186' title='bbox 1036 3347 1396 3400; x_wconf 78' lang='grc' dir='ltr'><em>κυκλοῦσθαι</em></span> <span class='ocrx_word' id='word_1_187' title='bbox 1438 3347 1580 3414; x_wconf 80' lang='grc' dir='ltr'><strong><em>βέλη</em></strong></span> <span class='ocrx_word' id='word_1_188' title='bbox 1624 3359 1723 3413; x_wconf 82' lang='lat' dir='ltr'>pro</span> 
     </span>
     <span class='ocr_line' id='line_1_36' title="bbox 678 3424 889 3493; baseline -0.024 -13"><span class='ocrx_word' id='word_1_189' title='bbox 678 3424 889 3493; x_wconf 73' lang='grc' dir='ltr'><em>τόξοις.</em></span> 
     </span>
    </p>
   </div>
   <div class='ocr_carea' id='block_1_10' title="bbox 680 3574 1728 4313">
    <p class='ocr_par' dir='ltr' id='par_1_11' title="bbox 680 3574 1728 4313">
     <span class='ocr_line' id='line_1_37' title="bbox 749 3574 1727 3640; baseline -0.006 -11"><span class='ocrx_word' id='word_1_190' title='bbox 749 3580 827 3629; x_wconf 90' lang='grc'>44.</span> <span class='ocrx_word' id='word_1_191' title='bbox 866 3576 1066 3640; x_wconf 80' lang='lat' dir='ltr'>Pronos]</span> <span class='ocrx_word' id='word_1_192' title='bbox 1113 3589 1215 3624; x_wconf 89' lang='lat' dir='ltr'>non</span> <span class='ocrx_word' id='word_1_193' title='bbox 1260 3574 1327 3623; x_wconf 88' lang='lat' dir='ltr'>de</span> <span class='ocrx_word' id='word_1_194' title='bbox 1370 3587 1529 3624; x_wconf 80' lang='lat' dir='ltr'>cursu</span> <span class='ocrx_word' id='word_1_195' title='bbox 1569 3575 1727 3624; x_wconf 81' lang='lat' dir='ltr'>natu-</span> 
     </span>
     <span class='ocr_line' id='line_1_38' title="bbox 680 3647 1726 3714; baseline -0.006 -10"><span class='ocrx_word' id='word_1_196' title='bbox 680 3653 799 3714; x_wconf 83' lang='lat' dir='ltr'>rali,</span> <span class='ocrx_word' id='word_1_197' title='bbox 854 3654 911 3701; x_wconf 81' lang='lat' dir='ltr'>ut</span> <span class='ocrx_word' id='word_1_198' title='bbox 944 3650 1128 3700; x_wconf 81' lang='lat' dir='ltr'>volunt</span> <span class='ocrx_word' id='word_1_199' title='bbox 1163 3647 1425 3710; x_wconf 86' lang='lat' dir='ltr'>nonnulli,</span> <span class='ocrx_word' id='word_1_200' title='bbox 1476 3648 1600 3698; x_wconf 82' lang='lat' dir='ltr'>sed:</span> <span class='ocrx_word' id='word_1_201' title='bbox 1657 3662 1726 3698; x_wconf 76' lang='lat' dir='ltr'>«a</span> 
     </span>
     <span class='ocr_line' id='line_1_39' title="bbox 683 3724 1726 3788; baseline -0.006 -10"><span class='ocrx_word' id='word_1_202' title='bbox 683 3741 841 3778; x_wconf 86' lang='lat' dir='ltr'>cursu</span> <span class='ocrx_word' id='word_1_203' title='bbox 877 3725 1099 3776; x_wconf 75' lang='lat' dir='ltr'>naturali</span> <span class='ocrx_word' id='word_1_204' title='bbox 1139 3724 1336 3788; x_wconf 89' lang='lat' dir='ltr'>repulsi</span> <span class='ocrx_word' id='word_1_205' title='bbox 1370 3725 1726 3788; x_wconf 82' lang='lat' dir='ltr'>praecipitan-</span> 
     </span>
     <span class='ocr_line' id='line_1_40' title="bbox 684 3797 1722 3860; baseline -0.006 -7"><span class='ocrx_word' id='word_1_206' title='bbox 684 3809 766 3854; x_wconf 83' lang='lat' dir='ltr'>ter</span> <span class='ocrx_word' id='word_1_207' title='bbox 797 3803 863 3851; x_wconf 79' lang='lat' dir='ltr'>ad</span> <span class='ocrx_word' id='word_1_208' title='bbox 910 3804 1146 3860; x_wconf 81' lang='lat' dir='ltr'>monteS‚</span> <span class='ocrx_word' id='word_1_209' title='bbox 1202 3798 1343 3849; x_wconf 87' lang='lat' dir='ltr'>unde</span> <span class='ocrx_word' id='word_1_210' title='bbox 1379 3797 1722 3857; x_wconf 80' lang='lat' dir='ltr'>delabuntur,</span> 
     </span>
     <span class='ocr_line' id='line_1_41' title="bbox 682 3873 1726 3937; baseline -0.006 -9"><span class='ocrx_word' id='word_1_211' title='bbox 682 3876 872 3937; x_wconf 81' lang='lat' dir='ltr'>relabi,</span> <span class='ocrx_word' id='word_1_212' title='bbox 928 3880 981 3925; x_wconf 70' lang='lat' dir='ltr'>ct</span> <span class='ocrx_word' id='word_1_213' title='bbox 1023 3877 1091 3927; x_wconf 80' lang='lat' dir='ltr'>ed</span> <span class='ocrx_word' id='word_1_214' title='bbox 1139 3875 1337 3926; x_wconf 80' lang='lat' dir='ltr'>sontem</span> <span class='ocrx_word' id='word_1_215' title='bbox 1371 3873 1602 3924; x_wconf 84' lang='lat' dir='ltr'>Tiberim</span> <span class='ocrx_word' id='word_1_216' title='bbox 1637 3887 1726 3922; x_wconf 88' lang='lat' dir='ltr'>re-</span> 
     </span>
     <span class='ocr_line' id='line_1_42' title="bbox 680 3947 1722 4015; baseline -0.001 -16"><span class='ocrx_word' id='word_1_217' title='bbox 680 3951 874 4001; x_wconf 70' lang='lat' dir='ltr'>vertit»</span> <span class='ocrx_word' id='word_1_218' title='bbox 911 3952 1097 4014; x_wconf 86' lang='lat' dir='ltr'>sicque</span> <span class='ocrx_word' id='word_1_219' title='bbox 1133 3951 1460 4015; x_wconf 77' lang='lat' dir='ltr'>acceperunt</span> <span class='ocrx_word' id='word_1_220' title='bbox 1492 3948 1645 3998; x_wconf 88' lang='lat' dir='ltr'>Silius</span> <span class='ocrx_word' id='word_1_221' title='bbox 1673 3947 1722 4008; x_wconf 80' lang='lat'>5,</span> 
     </span>
     <span class='ocr_line' id='line_1_43' title="bbox 680 4024 1727 4076; baseline -0.003 0"><span class='ocrx_word' id='word_1_222' title='bbox 680 4027 802 4076; x_wconf 75' lang='lat'><strong><em>¹253:</em></strong></span> <span class='ocrx_word' id='word_1_223' title='bbox 862 4026 1173 4076; x_wconf 71' lang='lat' dir='ltr'>Trasimenus</span> <span class='ocrx_word' id='word_1_224' title='bbox 1212 4027 1266 4075; x_wconf 79' lang='lat' dir='ltr'>in</span> <span class='ocrx_word' id='word_1_225' title='bbox 1303 4026 1433 4075; x_wconf 72' lang='lat' dir='ltr'>altos</span> <span class='ocrx_word' id='word_1_226' title='bbox 1462 4024 1727 4075; x_wconf 72' lang='lat' dir='ltr'>Adscendet</span> 
     </span>
     <span class='ocr_line' id='line_1_44' title="bbox 681 4098 1721 4164; baseline 0 -16"><span class='ocrx_word' id='word_1_227' title='bbox 681 4101 826 4149; x_wconf 70' lang='lat' dir='ltr'>eitius</span> <span class='ocrx_word' id='word_1_228' title='bbox 846 4100 1018 4160; x_wconf 72' lang='lat' dir='ltr'>colles,</span> <span class='ocrx_word' id='word_1_229' title='bbox 1056 4102 1183 4150; x_wconf 76' lang='lat' dir='ltr'>item</span> <span class='ocrx_word' id='word_1_230' title='bbox 1207 4098 1478 4152; x_wconf 74' lang='lat' dir='ltr'>claudian.</span> <span class='ocrx_word' id='word_1_231' title='bbox 1508 4101 1721 4164; x_wconf 77' lang='lat' dir='ltr'>Eutrop.</span> 
     </span>
     <span class='ocr_line' id='line_1_45' title="bbox 685 4175 1728 4239; baseline 0 -15"><span class='ocrx_word' id='word_1_232' title='bbox 685 4176 732 4232; x_wconf 90' lang='grc'>4,</span> <span class='ocrx_word' id='word_1_233' title='bbox 760 4175 881 4225; x_wconf 77' lang='lat'>353:</span> <span class='ocrx_word' id='word_1_234' title='bbox 906 4177 1075 4226; x_wconf 74' lang='lat' dir='ltr'>Prona</span> <span class='ocrx_word' id='word_1_235' title='bbox 1088 4181 1263 4238; x_wconf 73' lang='lat' dir='ltr'>petum</span> <span class='ocrx_word' id='word_1_236' title='bbox 1282 4181 1418 4225; x_wconf 82' lang='lat' dir='ltr'>retro</span> <span class='ocrx_word' id='word_1_237' title='bbox 1437 4176 1580 4239; x_wconf 77' lang='lat' dir='ltr'>fluvii</span> <span class='ocrx_word' id='word_1_238' title='bbox 1605 4176 1728 4239; x_wconf 68' lang='lat' dir='ltr'>iupa</span> 
     </span>
     <span class='ocr_line' id='line_1_46' title="bbox 683 4250 1728 4313; baseline 0 -13"><span class='ocrx_word' id='word_1_239' title='bbox 683 4252 738 4300; x_wconf 82' lang='lat' dir='ltr'>et</span> <span class='ocrx_word' id='word_1_240' title='bbox 771 4250 821 4300; x_wconf 88' lang='lat' dir='ltr'>in</span> <span class='ocrx_word' id='word_1_241' title='bbox 858 4250 1024 4301; x_wconf 84' lang='lat' dir='ltr'>Rufin.</span> <span class='ocrx_word' id='word_1_242' title='bbox 1066 4251 1119 4308; x_wconf 94' lang='grc'>4,</span> <span class='ocrx_word' id='word_1_243' title='bbox 1165 4250 1284 4300; x_wconf 78' lang='lat'>⁴59:</span> <span class='ocrx_word' id='word_1_244' title='bbox 1343 4251 1590 4313; x_wconf 69' lang='lat' dir='ltr'>Ver-saque</span> <span class='ocrx_word' id='word_1_245' title='bbox 1627 4264 1728 4300; x_wconf 69' lang='lat' dir='ltr'>non</span> 
     </span>
    </p>
   </div>
   <div class='ocr_carea' id='block_1_11' title="bbox 1787 1555 2839 2367">
    <p class='ocr_par' dir='ltr' id='par_1_12' title="bbox 1787 1555 2839 2367">
     <span class='ocr_line' id='line_1_47' title="bbox 1787 1555 2834 1623; baseline 0.003 -16"><span class='ocrx_word' id='word_1_246' title='bbox 1787 1559 2017 1608; x_wconf 74' lang='lat' dir='ltr'>reditura</span> <span class='ocrx_word' id='word_1_247' title='bbox 2035 1573 2163 1609; x_wconf 79' lang='lat' dir='ltr'>suos.</span> <span class='ocrx_word' id='word_1_248' title='bbox 2187 1560 2363 1623; x_wconf 83' lang='lat' dir='ltr'>Eurip.</span> <span class='ocrx_word' id='word_1_249' title='bbox 2390 1560 2527 1611; x_wconf 83' lang='lat' dir='ltr'>Med.</span> <span class='ocrx_word' id='word_1_250' title='bbox 2555 1559 2678 1611; x_wconf 72' lang='lat'>440:</span> <span class='ocrx_word' id='word_1_251' title='bbox 2692 1555 2834 1610; x_wconf 80' lang='grc' dir='ltr'><em>’Ἀνω</em></span> 
     </span>
     <span class='ocr_line' id='line_1_48' title="bbox 1790 1626 2830 1719; baseline 0.003 -38"><span class='ocrx_word' id='word_1_252' title='bbox 1790 1630 2065 1698; x_wconf 77' lang='grc' dir='ltr'><em>ποταμῶν</em></span> <span class='ocrx_word' id='word_1_253' title='bbox 2115 1626 2280 1704; x_wconf 74' lang='grc' dir='ltr'><em>ἱερῶν</em></span> <span class='ocrx_word' id='word_1_254' title='bbox 2305 1631 2590 1719; x_wconf 78' lang='grc' dir='ltr'><em>χωροῦσι</em></span> <span class='ocrx_word' id='word_1_255' title='bbox 2632 1636 2830 1700; x_wconf 78' lang='grc' dir='ltr'><em>παγαί,</em></span> 
     </span>
     <span class='ocr_line' id='line_1_49' title="bbox 1789 1702 2836 1779; baseline 0.001 -22"><span class='ocrx_word' id='word_1_256' title='bbox 1789 1706 1903 1757; x_wconf 75' lang='grc' dir='ltr'><em>Καὶ</em></span> <span class='ocrx_word' id='word_1_257' title='bbox 1935 1705 2067 1758; x_wconf 67' lang='grc' dir='ltr'><em>δέκα</em></span> <span class='ocrx_word' id='word_1_258' title='bbox 2099 1709 2197 1758; x_wconf 69' lang='grc' dir='ltr'>καὶ</span> <span class='ocrx_word' id='word_1_259' title='bbox 2241 1702 2428 1757; x_wconf 74' lang='grc' dir='ltr'><em>πάντα</em></span> <span class='ocrx_word' id='word_1_260' title='bbox 2462 1705 2634 1758; x_wconf 80' lang='grc' dir='ltr'><em>πάλιν</em></span> <span class='ocrx_word' id='word_1_261' title='bbox 2668 1711 2836 1779; x_wconf 77' lang='grc' dir='ltr'><em>στρέ-</em></span> 
     </span>
     <span class='ocr_line' id='line_1_50' title="bbox 1790 1782 2835 1847; baseline 0.002 -15"><span class='ocrx_word' id='word_1_262' title='bbox 1790 1796 1986 1844; x_wconf 79' lang='grc' dir='ltr'><em>φεται·</em></span> <span class='ocrx_word' id='word_1_263' title='bbox 2033 1783 2174 1832; x_wconf 89' lang='lat' dir='ltr'>unde</span> <span class='ocrx_word' id='word_1_264' title='bbox 2216 1782 2564 1847; x_wconf 85' lang='lat' dir='ltr'>proverbium</span> <span class='ocrx_word' id='word_1_265' title='bbox 2607 1786 2715 1834; x_wconf 89' lang='lat' dir='ltr'>Cic.</span> <span class='ocrx_word' id='word_1_266' title='bbox 2765 1785 2835 1834; x_wconf 83' lang='lat' dir='ltr'>ed</span> 
     </span>
     <span class='ocr_line' id='line_1_51' title="bbox 1790 1851 2833 1922; baseline 0.001 -14"><span class='ocrx_word' id='word_1_267' title='bbox 1790 1860 1894 1908; x_wconf 76' lang='lat' dir='ltr'>Ait.</span> <span class='ocrx_word' id='word_1_268' title='bbox 1922 1859 2009 1917; x_wconf 85' lang='grc'>45,</span> <span class='ocrx_word' id='word_1_269' title='bbox 2048 1857 2107 1919; x_wconf 74' lang='lat'>4,</span> <span class='ocrx_word' id='word_1_270' title='bbox 2145 1859 2202 1907; x_wconf 81' lang='grc'>4;</span> <span class='ocrx_word' id='word_1_271' title='bbox 2243 1851 2367 1907; x_wconf 78' lang='grc' dir='ltr'>ἅνω</span> <span class='ocrx_word' id='word_1_272' title='bbox 2401 1856 2705 1922; x_wconf 74' lang='grc' dir='ltr'><em>ποταμῶν,</em></span> <span class='ocrx_word' id='word_1_273' title='bbox 2741 1859 2833 1909; x_wconf 84' lang='lat' dir='ltr'>ubi</span> 
     </span>
     <span class='ocr_line' id='line_1_52' title="bbox 1791 1932 2829 1996; baseline 0.002 -15"><span class='ocrx_word' id='word_1_274' title='bbox 1791 1933 1967 1982; x_wconf 83' lang='lat' dir='ltr'>omnia</span> <span class='ocrx_word' id='word_1_275' title='bbox 2015 1946 2270 1996; x_wconf 82' lang='lat' dir='ltr'>perverse</span> <span class='ocrx_word' id='word_1_276' title='bbox 2317 1934 2466 1983; x_wconf 84' lang='lat' dir='ltr'>flunt.</span> <span class='ocrx_word' id='word_1_277' title='bbox 2513 1932 2661 1983; x_wconf 83' lang='lat' dir='ltr'>Ovid.</span> <span class='ocrx_word' id='word_1_278' title='bbox 2706 1935 2829 1983; x_wconf 85' lang='lat' dir='ltr'>Her.</span> 
     </span>
     <span class='ocr_line' id='line_1_53' title="bbox 1791 2008 2839 2070; baseline 0.001 -15"><span class='ocrx_word' id='word_1_279' title='bbox 1791 2008 1847 2065; x_wconf 83' lang='grc'><strong>5,</strong></span> <span class='ocrx_word' id='word_1_280' title='bbox 1900 2008 2000 2057; x_wconf 73' lang='lat'>27:</span> <span class='ocrx_word' id='word_1_281' title='bbox 2053 2008 2178 2057; x_wconf 64' lang='lat' dir='ltr'>Ciam</span> <span class='ocrx_word' id='word_1_282' title='bbox 2225 2009 2370 2057; x_wconf 80' lang='lat' dir='ltr'>Paris</span> <span class='ocrx_word' id='word_1_283' title='bbox 2417 2009 2613 2058; x_wconf 78' lang='lat' dir='ltr'>Oenone</span> <span class='ocrx_word' id='word_1_284' title='bbox 2652 2010 2839 2070; x_wconf 73' lang='lat' dir='ltr'>poterit</span> 
     </span>
     <span class='ocr_line' id='line_1_54' title="bbox 1787 2083 2839 2145; baseline 0.002 -14"><span class='ocrx_word' id='word_1_285' title='bbox 1787 2083 1985 2143; x_wconf 50' lang='lat' dir='ltr'>mirare</span> <span class='ocrx_word' id='word_1_286' title='bbox 2033 2083 2241 2143; x_wconf 80' lang='lat' dir='ltr'>relicta,</span> <span class='ocrx_word' id='word_1_287' title='bbox 2297 2083 2374 2132; x_wconf 72' lang='lat' dir='ltr'>Aa</span> <span class='ocrx_word' id='word_1_288' title='bbox 2421 2084 2607 2145; x_wconf 71' lang='lat' dir='ltr'>sontem</span> <span class='ocrx_word' id='word_1_289' title='bbox 2652 2084 2839 2133; x_wconf 67' lang='lat' dir='ltr'>Xanthi</span> 
     </span>
     <span class='ocr_line' id='line_1_55' title="bbox 1787 2157 2831 2218; baseline 0 -14"><span class='ocrx_word' id='word_1_290' title='bbox 1787 2169 1935 2205; x_wconf 78' lang='lat' dir='ltr'>versa</span> <span class='ocrx_word' id='word_1_291' title='bbox 1954 2161 2178 2205; x_wconf 74' lang='lat' dir='ltr'>recurret</span> <span class='ocrx_word' id='word_1_292' title='bbox 2201 2170 2354 2218; x_wconf 80' lang='lat' dir='ltr'>aqua.</span> <span class='ocrx_word' id='word_1_293' title='bbox 2394 2157 2546 2206; x_wconf 90' lang='lat' dir='ltr'>Trist.</span> <span class='ocrx_word' id='word_1_294' title='bbox 2587 2158 2644 2217; x_wconf 91' lang='grc'>4,</span> <span class='ocrx_word' id='word_1_295' title='bbox 2681 2158 2737 2216; x_wconf 89' lang='lat'>8,</span> <span class='ocrx_word' id='word_1_296' title='bbox 2777 2157 2831 2206; x_wconf 74' lang='lat'>4:</span> 
     </span>
     <span class='ocr_line' id='line_1_56' title="bbox 1789 2231 2836 2292; baseline 0.001 -12"><span class='ocrx_word' id='word_1_297' title='bbox 1789 2232 1847 2280; x_wconf 80' lang='lat' dir='ltr'>In</span> <span class='ocrx_word' id='word_1_298' title='bbox 1879 2235 2031 2292; x_wconf 78' lang='lat' dir='ltr'>caput</span> <span class='ocrx_word' id='word_1_299' title='bbox 2063 2231 2171 2279; x_wconf 77' lang='lat' dir='ltr'>alta</span> <span class='ocrx_word' id='word_1_300' title='bbox 2202 2245 2348 2281; x_wconf 79' lang='lat' dir='ltr'>suum</span> <span class='ocrx_word' id='word_1_301' title='bbox 2386 2231 2614 2281; x_wconf 65' lang='lat' dir='ltr'>labentur</span> <span class='ocrx_word' id='word_1_302' title='bbox 2646 2231 2711 2280; x_wconf 86' lang='lat' dir='ltr'>ab</span> <span class='ocrx_word' id='word_1_303' title='bbox 2748 2245 2836 2281; x_wconf 87' lang='lat' dir='ltr'>ae-</span> 
     </span>
     <span class='ocr_line' id='line_1_57' title="bbox 1790 2307 2393 2367; baseline 0.002 -12"><span class='ocrx_word' id='word_1_304' title='bbox 1790 2319 1944 2367; x_wconf 82' lang='lat' dir='ltr'>quore</span> <span class='ocrx_word' id='word_1_305' title='bbox 1974 2311 2111 2355; x_wconf 81' lang='lat' dir='ltr'>retro</span> <span class='ocrx_word' id='word_1_306' title='bbox 2145 2307 2393 2356; x_wconf 80' lang='lat' dir='ltr'>Flwnina.</span> 
     </span>
    </p>
   </div>
   <div class='ocr_carea' id='block_1_12' title="bbox 1790 2416 2841 2926">
    <p class='ocr_par' dir='ltr' id='par_1_13' title="bbox 1790 2416 2841 2926">
     <span class='ocr_line' id='line_1_58' title="bbox 1858 2416 2835 2480; baseline -0.001 -14"><span class='ocrx_word' id='word_1_307' title='bbox 1858 2416 1936 2466; x_wconf 87' lang='grc'>43.</span> <span class='ocrx_word' id='word_1_308' title='bbox 1993 2417 2170 2466; x_wconf 76' lang='lat' dir='ltr'>nobilis</span> <span class='ocrx_word' id='word_1_309' title='bbox 2216 2417 2372 2480; x_wconf 82' lang='lat' dir='ltr'>iunge</span> <span class='ocrx_word' id='word_1_310' title='bbox 2425 2430 2549 2468; x_wconf 88' lang='lat' dir='ltr'>cum</span> <span class='ocrx_word' id='word_1_311' title='bbox 2596 2418 2835 2477; x_wconf 78' lang='lat' dir='ltr'>Panaeti,</span> 
     </span>
     <span class='ocr_line' id='line_1_59' title="bbox 1794 2493 2839 2543; baseline 0 -2"><span class='ocrx_word' id='word_1_312' title='bbox 1794 2506 1900 2541; x_wconf 89' lang='lat' dir='ltr'>non</span> <span class='ocrx_word' id='word_1_313' title='bbox 1947 2493 2128 2541; x_wconf 72' lang='lat' dir='ltr'>nobilis</span> <span class='ocrx_word' id='word_1_314' title='bbox 2176 2507 2218 2543; x_wconf 85' lang='lat' dir='ltr'>s.</span> <span class='ocrx_word' id='word_1_315' title='bbox 2273 2493 2457 2542; x_wconf 77' lang='lat' dir='ltr'>nobiles</span> <span class='ocrx_word' id='word_1_316' title='bbox 2502 2493 2669 2542; x_wconf 74' lang='lat' dir='ltr'>libros.</span> <span class='ocrx_word' id='word_1_317' title='bbox 2756 2494 2839 2542; x_wconf 89' lang='lat' dir='ltr'>Sic</span> 
     </span>
     <span class='ocr_line' id='line_1_60' title="bbox 1793 2567 2841 2630; baseline 0.001 -15"><span class='ocrx_word' id='word_1_318' title='bbox 1793 2568 1924 2630; x_wconf 88' lang='lat' dir='ltr'>Epp.</span> <span class='ocrx_word' id='word_1_319' title='bbox 1952 2569 2000 2626; x_wconf 93' lang='grc'>4,</span> <span class='ocrx_word' id='word_1_320' title='bbox 2040 2568 2120 2628; x_wconf 81' lang='grc'>49,</span> <span class='ocrx_word' id='word_1_321' title='bbox 2158 2567 2249 2617; x_wconf 84' lang='lat'>39:</span> <span class='ocrx_word' id='word_1_322' title='bbox 2283 2568 2522 2617; x_wconf 77' lang='lat' dir='ltr'>nobilium</span> <span class='ocrx_word' id='word_1_323' title='bbox 2540 2568 2841 2629; x_wconf 81' lang='lat' dir='ltr'>scriptorum</span> 
     </span>
     <span class='ocr_line' id='line_1_61' title="bbox 1793 2640 2836 2702; baseline -0.001 -12"><span class='ocrx_word' id='word_1_324' title='bbox 1793 2643 1996 2691; x_wconf 81' lang='lat' dir='ltr'>auditor</span> <span class='ocrx_word' id='word_1_325' title='bbox 2042 2646 2090 2691; x_wconf 78' lang='lat' dir='ltr'>et</span> <span class='ocrx_word' id='word_1_326' title='bbox 2131 2643 2280 2691; x_wconf 73' lang='lat' dir='ltr'>ultor.</span> <span class='ocrx_word' id='word_1_327' title='bbox 2369 2643 2477 2691; x_wconf 92' lang='lat' dir='ltr'>Cic.</span> <span class='ocrx_word' id='word_1_328' title='bbox 2517 2640 2645 2691; x_wconf 86' lang='lat' dir='ltr'>Phil.</span> <span class='ocrx_word' id='word_1_329' title='bbox 2684 2644 2741 2702; x_wconf 84' lang='lat'>5,</span> <span class='ocrx_word' id='word_1_330' title='bbox 2779 2644 2836 2690; x_wconf 84' lang='lat'>5:</span> 
     </span>
     <span class='ocr_line' id='line_1_62' title="bbox 1790 2716 2840 2778; baseline -0.001 -12"><span class='ocrx_word' id='word_1_331' title='bbox 1790 2716 2026 2777; x_wconf 78' lang='lat' dir='ltr'>Phaedri,</span> <span class='ocrx_word' id='word_1_332' title='bbox 2065 2716 2341 2778; x_wconf 77' lang='lat' dir='ltr'>philosophi</span> <span class='ocrx_word' id='word_1_333' title='bbox 2382 2716 2558 2765; x_wconf 76' lang='lat' dir='ltr'>nobilis</span> <span class='ocrx_word' id='word_1_334' title='bbox 2591 2718 2693 2765; x_wconf 84' lang='lat' dir='ltr'>cet.</span> <span class='ocrx_word' id='word_1_335' title='bbox 2739 2719 2840 2765; x_wconf 83' lang='lat' dir='ltr'>Pro</span> 
     </span>
     <span class='ocr_line' id='line_1_63' title="bbox 1793 2789 2835 2854; baseline -0.001 -15"><span class='ocrx_word' id='word_1_336' title='bbox 1793 2790 1960 2840; x_wconf 79' lang='lat' dir='ltr'>altera</span> <span class='ocrx_word' id='word_1_337' title='bbox 1994 2793 2191 2840; x_wconf 82' lang='lat' dir='ltr'>constr.</span> <span class='ocrx_word' id='word_1_338' title='bbox 2218 2791 2394 2840; x_wconf 79' lang='lat' dir='ltr'>afferri</span> <span class='ocrx_word' id='word_1_339' title='bbox 2421 2794 2598 2854; x_wconf 77' lang='lat' dir='ltr'>potest</span> <span class='ocrx_word' id='word_1_340' title='bbox 2619 2789 2835 2841; x_wconf 73' lang='lat' dir='ltr'>Martini.</span> 
     </span>
     <span class='ocr_line' id='line_1_64' title="bbox 1794 2865 2835 2926; baseline 0.001 -13"><span class='ocrx_word' id='word_1_341' title='bbox 1794 2865 1850 2924; x_wconf 87' lang='lat'>7,</span> <span class='ocrx_word' id='word_1_342' title='bbox 1888 2865 1976 2926; x_wconf 84' lang='lat'>97,</span> <span class='ocrx_word' id='word_1_343' title='bbox 2014 2866 2071 2914; x_wconf 87' lang='lat'>8:</span> <span class='ocrx_word' id='word_1_344' title='bbox 2129 2865 2280 2914; x_wconf 72' lang='lat' dir='ltr'>Twni</span> <span class='ocrx_word' id='word_1_345' title='bbox 2312 2891 2342 2901; x_wconf 92' lang='lat'>-</span> <span class='ocrx_word' id='word_1_346' title='bbox 2373 2865 2616 2913; x_wconf 69' lang='lat' dir='ltr'>nobilibus</span> <span class='ocrx_word' id='word_1_347' title='bbox 2646 2865 2835 2914; x_wconf 72' lang='lat' dir='ltr'>libellis.</span> 
     </span>
    </p>
   </div>
   <div class='ocr_carea' id='block_1_13' title="bbox 1795 2977 2846 4318">
    <p class='ocr_par' dir='ltr' id='par_1_14' title="bbox 1795 2977 2846 4318">
     <span class='ocr_line' id='line_1_65' title="bbox 1861 2977 2840 3036; baseline -0.004 -8"><span class='ocrx_word' id='word_1_348' title='bbox 1861 2977 1941 3028; x_wconf 69' lang='lat'>⁴4.</span> <span class='ocrx_word' id='word_1_349' title='bbox 2007 2977 2274 3028; x_wconf 72' lang='lat' dir='ltr'>Panaetius</span> <span class='ocrx_word' id='word_1_350' title='bbox 2322 2977 2581 3036; x_wconf 78' lang='lat' dir='ltr'>RhodiuS,</span> <span class='ocrx_word' id='word_1_351' title='bbox 2634 2978 2840 3026; x_wconf 77' lang='lat' dir='ltr'>Stoico-</span> 
     </span>
     <span class='ocr_line' id='line_1_66' title="bbox 1795 3050 2838 3115; baseline -0.001 -14"><span class='ocrx_word' id='word_1_352' title='bbox 1795 3066 1917 3101; x_wconf 90' lang='lat' dir='ltr'>rum</span> <span class='ocrx_word' id='word_1_353' title='bbox 1970 3053 2245 3115; x_wconf 79' lang='lat' dir='ltr'>princep8‚</span> <span class='ocrx_word' id='word_1_354' title='bbox 2312 3050 2577 3101; x_wconf 86' lang='lat' dir='ltr'>Posidonii</span> <span class='ocrx_word' id='word_1_355' title='bbox 2633 3051 2838 3112; x_wconf 85' lang='lat' dir='ltr'>doctor,</span> 
     </span>
     <span class='ocr_line' id='line_1_67' title="bbox 1796 3125 2841 3190; baseline 0.001 -16"><span class='ocrx_word' id='word_1_356' title='bbox 1796 3127 2025 3190; x_wconf 84' lang='lat' dir='ltr'>Scipioni</span> <span class='ocrx_word' id='word_1_357' title='bbox 2057 3126 2300 3176; x_wconf 79' lang='lat' dir='ltr'>Africano</span> <span class='ocrx_word' id='word_1_358' title='bbox 2343 3127 2534 3176; x_wconf 90' lang='lat' dir='ltr'>minori</span> <span class='ocrx_word' id='word_1_359' title='bbox 2577 3129 2632 3175; x_wconf 82' lang='lat' dir='ltr'>et</span> <span class='ocrx_word' id='word_1_360' title='bbox 2665 3125 2841 3175; x_wconf 77' lang='lat' dir='ltr'>Laelio</span> 
     </span>
     <span class='ocr_line' id='line_1_68' title="bbox 1796 3200 2836 3252; baseline -0.002 -1"><span class='ocrx_word' id='word_1_361' title='bbox 1796 3201 2247 3252; x_wconf 70' lang='lat' dir='ltr'>familiarissimus</span> <span class='ocrx_word' id='word_1_362' title='bbox 2309 3200 2502 3250; x_wconf 81' lang='lat' dir='ltr'>Floruit</span> <span class='ocrx_word' id='word_1_363' title='bbox 2541 3201 2751 3250; x_wconf 77' lang='lat' dir='ltr'>circiter</span> <span class='ocrx_word' id='word_1_364' title='bbox 2787 3214 2836 3249; x_wconf 81' lang='lat' dir='ltr'>a.</span> 
     </span>
     <span class='ocr_line' id='line_1_69' title="bbox 1795 3272 2839 3343; baseline -0.001 -18"><span class='ocrx_word' id='word_1_365' title='bbox 1795 3291 1849 3325; x_wconf 92' lang='lat' dir='ltr'>u.</span> <span class='ocrx_word' id='word_1_366' title='bbox 1888 3289 1934 3324; x_wconf 90' lang='lat' dir='ltr'>c.</span> <span class='ocrx_word' id='word_1_367' title='bbox 1972 3275 2085 3325; x_wconf 88' lang='grc'><strong>640.</strong></span> <span class='ocrx_word' id='word_1_368' title='bbox 2171 3275 2295 3325; x_wconf 89' lang='lat' dir='ltr'>Eius</span> <span class='ocrx_word' id='word_1_369' title='bbox 2347 3274 2510 3324; x_wconf 87' lang='lat' dir='ltr'>libros</span> <span class='ocrx_word' id='word_1_370' title='bbox 2560 3275 2686 3343; x_wconf 75' lang='grc' dir='ltr'>περὶ</span> <span class='ocrx_word' id='word_1_371' title='bbox 2735 3272 2839 3324; x_wconf 86' lang='grc' dir='ltr'>τοῦ</span> 
     </span>
     <span class='ocr_line' id='line_1_70' title="bbox 1796 3345 2843 3414; baseline -0.003 -15"><span class='ocrx_word' id='word_1_372' title='bbox 1796 3345 2157 3414; x_wconf 78' lang='grc' dir='ltr'><em>καθήκοντος</em></span> <span class='ocrx_word' id='word_1_373' title='bbox 2191 3350 2475 3413; x_wconf 81' lang='lat' dir='ltr'>praecipue</span> <span class='ocrx_word' id='word_1_374' title='bbox 2512 3351 2727 3398; x_wconf 81' lang='lat' dir='ltr'>secutus</span> <span class='ocrx_word' id='word_1_375' title='bbox 2759 3352 2843 3397; x_wconf 80' lang='lat' dir='ltr'>est</span> 
     </span>
     <span class='ocr_line' id='line_1_71' title="bbox 1799 3422 2840 3486; baseline -0.003 -12"><span class='ocrx_word' id='word_1_376' title='bbox 1799 3426 2002 3475; x_wconf 89' lang='lat' dir='ltr'>Cicero.</span> <span class='ocrx_word' id='word_1_377' title='bbox 2043 3423 2163 3486; x_wconf 76' lang='lat' dir='ltr'>(Cir.</span> <span class='ocrx_word' id='word_1_378' title='bbox 2203 3424 2269 3473; x_wconf 90' lang='lat' dir='ltr'>de</span> <span class='ocrx_word' id='word_1_379' title='bbox 2304 3423 2400 3473; x_wconf 82' lang='lat' dir='ltr'>off.</span> <span class='ocrx_word' id='word_1_380' title='bbox 2432 3424 2484 3483; x_wconf 90' lang='grc'>4,</span> <span class='ocrx_word' id='word_1_381' title='bbox 2524 3424 2570 3472; x_wconf 70' lang='grc'>2.</span> <span class='ocrx_word' id='word_1_382' title='bbox 2601 3423 2733 3482; x_wconf 64' lang='grc'><strong>643,</strong></span> <span class='ocrx_word' id='word_1_383' title='bbox 2771 3422 2840 3484; x_wconf 71' lang='lat'>2.)</span> 
     </span>
     <span class='ocr_line' id='line_1_72' title="bbox 1803 3497 2838 3561; baseline -0.001 -14"><span class='ocrx_word' id='word_1_384' title='bbox 1803 3528 1855 3535; x_wconf 97' lang='lat'><strong>—</strong></span> <span class='ocrx_word' id='word_1_385' title='bbox 1894 3499 2199 3558; x_wconf 80' lang='lat' dir='ltr'>Socraticos,</span> <span class='ocrx_word' id='word_1_386' title='bbox 2252 3499 2512 3561; x_wconf 88' lang='lat' dir='ltr'>imprimis</span> <span class='ocrx_word' id='word_1_387' title='bbox 2548 3497 2838 3558; x_wconf 79' lang='lat' dir='ltr'>Platonem,</span> 
     </span>
     <span class='ocr_line' id='line_1_73' title="bbox 1797 3573 2843 3637; baseline -0.004 -13"><span class='ocrx_word' id='word_1_388' title='bbox 1797 3575 2205 3637; x_wconf 80' lang='lat' dir='ltr'>Xenophontem</span> <span class='ocrx_word' id='word_1_389' title='bbox 2228 3611 2239 3632; x_wconf 85' lang='lat'>‚</span> <span class='ocrx_word' id='word_1_390' title='bbox 2298 3573 2635 3622; x_wconf 83' lang='lat' dir='ltr'>Aeschinem.</span> <span class='ocrx_word' id='word_1_391' title='bbox 2713 3574 2843 3621; x_wconf 86' lang='lat' dir='ltr'>Pro-</span> 
     </span>
     <span class='ocr_line' id='line_1_74' title="bbox 1799 3647 2846 3713; baseline -0.003 -15"><span class='ocrx_word' id='word_1_392' title='bbox 1799 3652 1933 3713; x_wconf 85' lang='lat' dir='ltr'>pert.</span> <span class='ocrx_word' id='word_1_393' title='bbox 1960 3649 2017 3708; x_wconf 76' lang='lat'>2,</span> <span class='ocrx_word' id='word_1_394' title='bbox 2054 3647 2143 3708; x_wconf 70' lang='lat'>34,</span> <span class='ocrx_word' id='word_1_395' title='bbox 2180 3648 2268 3696; x_wconf 74' lang='lat'>27:</span> <span class='ocrx_word' id='word_1_396' title='bbox 2309 3648 2440 3712; x_wconf 79' lang='lat' dir='ltr'>Quid</span> <span class='ocrx_word' id='word_1_397' title='bbox 2467 3652 2558 3695; x_wconf 78' lang='lat' dir='ltr'>lua</span> <span class='ocrx_word' id='word_1_398' title='bbox 2578 3647 2846 3696; x_wconf 63' lang='lat' dir='ltr'>Socratici-3</span> 
     </span>
     <span class='ocr_line' id='line_1_75' title="bbox 1798 3720 2838 3784; baseline -0.005 -10"><span class='ocrx_word' id='word_1_399' title='bbox 1798 3725 1886 3774; x_wconf 74' lang='lat' dir='ltr'>tibi</span> <span class='ocrx_word' id='word_1_400' title='bbox 1906 3735 2039 3772; x_wconf 76' lang='lat' dir='ltr'>nunc</span> <span class='ocrx_word' id='word_1_401' title='bbox 2061 3723 2306 3784; x_wconf 77' lang='lat' dir='ltr'>sapiencia</span> <span class='ocrx_word' id='word_1_402' title='bbox 2328 3721 2468 3770; x_wconf 75' lang='lat' dir='ltr'>libris</span> <span class='ocrx_word' id='word_1_403' title='bbox 2499 3720 2760 3771; x_wconf 76' lang='lat' dir='ltr'>Proderit?</span> <span class='ocrx_word' id='word_1_404' title='bbox 2787 3749 2838 3756; x_wconf 90' lang='lat'><em>-</em></span> 
     </span>
     <span class='ocr_line' id='line_1_76' title="bbox 1799 3796 2846 3861; baseline -0.004 -13"><span class='ocrx_word' id='word_1_405' title='bbox 1799 3797 2016 3861; x_wconf 79' lang='lat' dir='ltr'>domum]</span> <span class='ocrx_word' id='word_1_406' title='bbox 2062 3799 2263 3846; x_wconf 78' lang='lat' dir='ltr'>Seneca</span> <span class='ocrx_word' id='word_1_407' title='bbox 2310 3796 2404 3858; x_wconf 85' lang='lat' dir='ltr'>Ep.</span> <span class='ocrx_word' id='word_1_408' title='bbox 2443 3797 2532 3845; x_wconf 74' lang='lat'>29:</span> <span class='ocrx_word' id='word_1_409' title='bbox 2584 3798 2718 3845; x_wconf 83' lang='lat' dir='ltr'>Idem</span> <span class='ocrx_word' id='word_1_410' title='bbox 2757 3796 2846 3845; x_wconf 79' lang='lat' dir='ltr'>hoc</span> 
     </span>
     <span class='ocr_line' id='line_1_77' title="bbox 1799 3871 2845 3924; baseline -0.005 0"><span class='ocrx_word' id='word_1_411' title='bbox 1799 3887 1966 3924; x_wconf 69' lang='lat' dir='ltr'>orme</span> <span class='ocrx_word' id='word_1_412' title='bbox 1997 3871 2084 3921; x_wconf 79' lang='lat' dir='ltr'>tibi</span> <span class='ocrx_word' id='word_1_413' title='bbox 2116 3885 2183 3920; x_wconf 68' lang='lat' dir='ltr'>ea:</span> <span class='ocrx_word' id='word_1_414' title='bbox 2215 3872 2351 3920; x_wconf 79' lang='lat' dir='ltr'>omni</span> <span class='ocrx_word' id='word_1_415' title='bbox 2383 3872 2556 3920; x_wconf 82' lang='lat' dir='ltr'>domo</span> <span class='ocrx_word' id='word_1_416' title='bbox 2589 3871 2845 3920; x_wconf 82' lang='lat' dir='ltr'>acclama-</span> 
     </span>
     <span class='ocr_line' id='line_1_78' title="bbox 1799 3946 2842 4009; baseline -0.002 -10"><span class='ocrx_word' id='word_1_417' title='bbox 1799 3950 1920 3999; x_wconf 76' lang='lat' dir='ltr'>bunt</span> <span class='ocrx_word' id='word_1_418' title='bbox 1951 3947 2260 4009; x_wconf 73' lang='lat' dir='ltr'>Peripatetici</span> <span class='ocrx_word' id='word_1_419' title='bbox 2277 3984 2289 4006; x_wconf 87' lang='lat'><strong><em>‚</em></strong></span> <span class='ocrx_word' id='word_1_420' title='bbox 2327 3946 2633 4006; x_wconf 79' lang='lat' dir='ltr'>Academici,</span> <span class='ocrx_word' id='word_1_421' title='bbox 2672 3947 2842 3998; x_wconf 77' lang='lat' dir='ltr'>Stoici.</span> 
     </span>
     <span class='ocr_line' id='line_1_79' title="bbox 1800 4022 2846 4087; baseline -0.004 -14"><span class='ocrx_word' id='word_1_422' title='bbox 1800 4025 1986 4087; x_wconf 74' lang='lat' dir='ltr'>Cynici.</span> <span class='ocrx_word' id='word_1_423' title='bbox 2041 4023 2125 4070; x_wconf 87' lang='lat' dir='ltr'>Sic</span> <span class='ocrx_word' id='word_1_424' title='bbox 2146 4022 2617 4086; x_wconf 76' lang='lat' dir='ltr'>Peripateticorum</span> <span class='ocrx_word' id='word_1_425' title='bbox 2649 4022 2846 4084; x_wconf 62' lang='lat' dir='ltr'>faenilia</span> 
     </span>
     <span class='ocr_line' id='line_1_80' title="bbox 1802 4097 2842 4160; baseline -0.007 -10"><span class='ocrx_word' id='word_1_426' title='bbox 1802 4102 1910 4150; x_wconf 90' lang='lat' dir='ltr'>Cic.</span> <span class='ocrx_word' id='word_1_427' title='bbox 1939 4099 2006 4148; x_wconf 89' lang='lat' dir='ltr'>de</span> <span class='ocrx_word' id='word_1_428' title='bbox 2029 4099 2224 4158; x_wconf 78' lang='lat' dir='ltr'>Div.2,</span> <span class='ocrx_word' id='word_1_429' title='bbox 2255 4099 2310 4156; x_wconf 91' lang='grc'>4,</span> <span class='ocrx_word' id='word_1_430' title='bbox 2337 4097 2385 4146; x_wconf 89' lang='grc'>3.</span> <span class='ocrx_word' id='word_1_431' title='bbox 2425 4098 2556 4160; x_wconf 83' lang='lat' dir='ltr'>Epp.</span> <span class='ocrx_word' id='word_1_432' title='bbox 2588 4097 2641 4150; x_wconf 91' lang='grc'>4,</span> <span class='ocrx_word' id='word_1_433' title='bbox 2669 4097 2725 4155; x_wconf 92' lang='grc'>4,</span> <span class='ocrx_word' id='word_1_434' title='bbox 2753 4097 2842 4144; x_wconf 86' lang='grc'>43;</span> 
     </span>
     <span class='ocr_line' id='line_1_81' title="bbox 1801 4173 2844 4237; baseline -0.005 -12"><span class='ocrx_word' id='word_1_435' title='bbox 1801 4189 1899 4237; x_wconf 76' lang='lat' dir='ltr'>quo</span> <span class='ocrx_word' id='word_1_436' title='bbox 1922 4187 2003 4224; x_wconf 86' lang='lat' dir='ltr'>me</span> <span class='ocrx_word' id='word_1_437' title='bbox 2024 4175 2173 4228; x_wconf 84' lang='lat' dir='ltr'>duce,</span> <span class='ocrx_word' id='word_1_438' title='bbox 2199 4186 2297 4234; x_wconf 75' lang='lat' dir='ltr'>quo</span> <span class='ocrx_word' id='word_1_439' title='bbox 2322 4173 2454 4221; x_wconf 84' lang='lat' dir='ltr'>Lare</span> <span class='ocrx_word' id='word_1_440' title='bbox 2473 4176 2628 4230; x_wconf 56' lang='lat' dir='ltr'>turer,</span> <span class='ocrx_word' id='word_1_441' title='bbox 2656 4183 2844 4233; x_wconf 71' lang='lat' dir='ltr'>«quam</span> 
     </span>
     <span class='ocr_line' id='line_1_82' title="bbox 1801 4246 2582 4318; baseline -0.006 -18"><span class='ocrx_word' id='word_1_442' title='bbox 1801 4252 2028 4302; x_wconf 77' lang='lat' dir='ltr'>sectam.</span> <span class='ocrx_word' id='word_1_443' title='bbox 2077 4246 2298 4318; x_wconf 65' lang='grc' dir='ltr'><em>αἵρεσιν</em></span> <span class='ocrx_word' id='word_1_444' title='bbox 2334 4260 2582 4310; x_wconf 72' lang='lat' dir='ltr'>sequar.»</span> 
     </span>
    </p>
   </div>
  </div>
 </body>
</html>
