3234 4975
1202 401 1405 451 LIBER.
1473 401 1669 452 CARM.
1706 402 1835 451 XVI.

608 557 757 621 Suis
804 566 868 622 et
913 557 1052 643 ipsa
1093 557 1294 623 Roma
1337 555 1582 621 viribus
1629 557 1785 622 ruit:

524 677 733 755 Quam
776 697 992 764 neque
1036 675 1283 742 finitimi
1327 677 1668 743 valuerunt
1711 676 1989 765 perdere
2034 678 2225 744 Marsi

609 798 872 863 Minacis
917 809 1028 864 aut
1071 799 1339 865 Etrusca
1385 800 1713 865 Porsenae
1758 819 2025 874 manus,

450 933 454 940 ’
525 918 791 984 Aemula
835 939 956 985 nec
999 919 1201 985 virtus
1250 920 1510 1006 Capuae
1557 940 1681 985 nec
1726 920 2074 1006 Spartacus
2120 941 2273 987 acer
2576 924 2617 984 5

613 1039 941 1127 Novisque
987 1039 1184 1106 rebus
1229 1039 1505 1107 infidelis
1547 1039 1882 1116 Allobrox,

527 1162 659 1227 Nec
704 1159 839 1227 fera
882 1160 1186 1228 caerulea
1231 1160 1479 1227 domuit
1524 1161 1868 1228 Germania
1910 1161 2085 1249 pube

602 1388 651 1436 2.
680 1388 817 1449 perit
836 1387 1068 1437 Pottierii
1089 1386 1146 1447 4,
1175 1386 1255 1437 43.
1288 1413 1340 1422 -—
1368 1385 1416 1437 4.
1437 1400 1720 1448 porsennae
1739 1388 1797 1436 B.
1827 1413 1880 1423 -
1921 1387 1969 1435 6.
1996 1387 2207 1438 Novisve
2226 1388 2394 1440 Bentl.
2423 1392 2559 1441 coni.

445 1580 659 1643 gnificat
692 1580 835 1630 enim
858 1579 928 1630 nil
961 1581 1179 1644 praeter
1203 1582 1373 1645 ipsam
1398 1581 1490 1630 Ro-

447 1667 591 1704 mam
630 1657 841 1714 stare;»
890 1667 1013 1705 cum
1053 1653 1364 1718 simpliciter
1403 1654 1491 1703 sit:

447 1730 637 1791 «atque
696 1729 861 1778 Roma
918 1730 1028 1783 suis
1073 1728 1237 1792 ipsius
1293 1727 1497 1777 viribus

446 1802 867 1866 intemperanter
927 1814 1023 1853 usa
1088 1801 1158 1851 ad
1225 1801 1498 1852 interitum

448 1876 671 1938 vergit.»

511 1949 654 1999 3-6.
715 1950 902 2014 Marsi]
938 1949 1142 2001 Bellum
1188 1949 1316 2000 dicit
1358 1951 1500 2000 Mar-

447 2023 620 2073 sicum
669 2036 714 2073 s.
757 2023 952 2075 sociale
1004 2027 1215 2087 gestum
1257 2037 1305 2074 a.
1350 2036 1403 2072 u.
1447 2037 1494 2072 c.

448 2096 690 2148 663-666.
722 2099 1064 2161 —'Porsenae]
1100 2099 1243 2162 regis
1279 2097 1496 2157 Clusini,

452 2171 541 2234 qui
577 2184 625 2220 a.
652 2185 704 2220 u.
733 2185 782 2221 c.
809 2172 923 2223 246.
975 2175 1199 2223 Romam
1221 2171 1498 2221 obsidione

448 2245 672 2307 pressit,
722 2244 793 2294 ad
838 2244 1164 2295 deditionem
1200 2244 1378 2307 adegit
1416 2246 1500 2294 at—

450 2331 558 2381 que
594 2330 844 2380 agrorum
877 2321 1029 2381 parte
1067 2319 1220 2368 tertia
1250 2318 1498 2381 adempta

453 2392 719 2443 infirmam
744 2405 919 2455 neque
946 2395 1125 2442 tamen
1143 2391 1359 2455 regibus
1377 2391 1503 2442 sub-

450 2469 646 2518 iectam
688 2467 957 2517 civitatem
999 2465 1229 2531 reliquit.
1293 2467 1386 2530 (De
1422 2466 1502 2517 fa-

449 2541 638 2592 buloso
688 2540 775 2591 illo
826 2541 969 2604 apud
1021 2540 1254 2591 Clusium
1307 2553 1502 2591 monu—

451 2617 633 2666 mento
669 2618 960 2677 Porsenae,
1006 2615 1075 2665 de
1110 2628 1217 2677 quo
1250 2614 1501 2666 Varronis

450 2690 811 2739 narrationem
835 2690 1103 2753 excerpsit
1130 2688 1325 2739 Plinius
1351 2690 1414 2739 H.
1434 2691 1497 2739 N.

450 2763 542 2824 36,
582 2762 670 2833 43,
709 2762 792 2823 4.,
843 2764 1041 2827 optime
1082 2762 1371 2826 disputavit
1408 2765 1504 2812 Le-

452 2840 640 2887 tronne
686 2838 739 2887 in
788 2837 970 2888 Annal.
1015 2839 1126 2888 dell'
1161 2839 1320 2888 Instit.
1359 2838 1498 2887 arch.

452 2912 597 2961 ⁴829.
636 2925 690 2975 p.
730 2912 863 2974 394.)
921 2941 975 2949 —-
1032 2913 1280 2977 (Porsena
1326 2926 1434 2963 una
1468 2927 1502 2962 n

451 2986 614 3049 etiam
648 2984 801 3037 Silius
835 2987 885 3049 8,
923 2988 1037 3039 389.
1076 2988 1190 3039 478.
1232 2988 1313 3050 40,
1352 2987 1498 3047 483.;

450 3059 647 3124 duplici
678 3062 819 3125 Virg.
857 3065 988 3113 Aen.
1026 3064 1084 3125 8,
1123 3062 1256 3125 646.)
1303 3090 1358 3099 -
1403 3062 1504 3112 Ca-

442 3148 579 3196 pua,
613 3136 776 3185 attera
796 3135 881 3186 illa
905 3139 1064 3188 Roma
1102 3138 1231 3202 (Cic.
1257 3135 1388 3187 Phil.
1419 3137 1500 3198 ⁴2,

451 3208 540 3271 3.),
578 3223 701 3260 cum
734 3214 858 3275 post
891 3215 1126 3275 stragem
1161 3213 1503 3262 Cannensem

453 3284 517 3346 (a.
545 3296 598 3333 u.
626 3298 673 3333 c.
701 3285 833 3348 538.)
887 3286 1159 3336 luxurians
1207 3286 1362 3350 longa
1388 3286 1503 3348 feli-

449 3358 599 3407 citata
620 3363 769 3419 atque
790 3360 1100 3424 indesinentia
1119 3362 1355 3423 fortunae
1375 3360 1499 3424 (Liv.

451 3431 542 3490 23,
579 3432 649 3494 2.)
686 3432 974 3496 imperium
1009 3435 1169 3485 totius
1204 3434 1382 3485 ltaliae
1423 3434 1504 3484 af—

454 3504 708 3555 fectasset
743 3506 868 3568 (Liv,
907 3507 1001 3568 23,
1052 3507 1142 3570 6.),
1178 3508 1249 3557 ad
1289 3508 1505 3572 praefe-

452 3580 638 3628 cturae
689 3580 957 3630 Romanae
1010 3580 1238 3632 sormam
1286 3582 1501 3632 redacta

452 3654 606 3702 esta.
636 3666 688 3703 u.
718 3666 765 3703 e.
786 3652 901 3704 543.
934 3680 989 3690 -
1017 3655 1126 3705 Cic.
1155 3654 1223 3704 de
1246 3654 1364 3718 lege
1390 3668 1500 3718 agr.

452 3727 512 3784 2,
551 3726 641 3775 32:
681 3728 910 3778 Maiores
950 3732 1051 3778 tres
1082 3729 1241 3778 solum
1272 3728 1418 3779 arbes
1449 3729 1503 3778 in

452 3800 604 3849 term’s
623 3799 873 3864 omnibus,
898 3803 1285 3867 Karthaginem,
1324 3804 1505 3854 Corin-

453 3873 619 3935 thum,
658 3874 886 3936 capuam
918 3880 1199 3927 statuerunt
1227 3890 1373 3940 posse
1405 3878 1503 3943 im-

446 3948 581 4010 perit'
611 3949 915 4011 arewitatem
946 3963 1009 3999 ae
1041 3964 1218 4001 nonum
1242 3951 1498 4002 sustinere.

456 4022 868 4085 (Campanorum
902 4024 1140 4087 ipsorum
1176 4039 1300 4076 cum
1330 4023 1501 4075 nullae

454 4097 635 4160 partes
686 4096 881 4147 fuerint
928 4098 982 4147 in
1016 4097 1157 4148 bello
1208 4099 1499 4163 SpartaciO,

455 4171 584 4221 satis
619 4170 863 4234 imperite
900 4185 1167 4222 nonnemo
1192 4174 1504 4238 Spartacum

454 4247 674 4309 propter
709 4246 972 4310 Capuam,
1012 4247 1251 4312 Capuam
1284 4249 1504 4312 propter

1572 1581 1889 1644 Spartacum
1924 1583 2213 1632 memorari
2249 1584 2302 1633 et
2335 1586 2623 1648 utrumque

1573 1667 1772 1704 nomen
1819 1656 2085 1706 artissime
2128 1656 2456 1719 iungendum
2502 1671 2624 1710 esse

1573 1727 1882 1790 contendit.)
1926 1757 1979 1764 —
2018 1731 2322 1793 Spartacus]
2369 1730 2629 1794 gladiator

1572 1802 1764 1862 Thrax,
1792 1801 2129 1865 fugitivorum
2147 1802 2272 1864 dux,
2301 1807 2626 1857 acerrimum

1574 1888 1701 1926 cum
1734 1877 1984 1927 Romanis
2006 1876 2208 1927 bellum
2232 1880 2395 1940 gessit
2416 1893 2465 1930 a.
2492 1893 2546 1929 u.
2576 1894 2624 1930 c.

1573 1949 1819 2000 684-683.
1860 1977 1913 1985 —
1954 1952 2100 2010 Quae
2136 1951 2204 2001 de
2248 1953 2620 2018 Allobrogibus,

1574 2022 1769 2073 Galliae
1803 2023 2002 2088 populo
2042 2025 2279 2076 Rhodani
2313 2040 2344 2076 a
2378 2027 2499 2078 lacu
2533 2031 2629 2080 Le-

1573 2110 1735 2147 mano
1753 2097 1822 2147 ad
1845 2099 2047 2148 Isaram
2064 2112 2236 2162 usque
2256 2100 2454 2162 accola,
2481 2103 2625 2164 dicit,

1574 2173 1888 2234 neutiquam
1921 2172 2107 2222 referri
2155 2173 2357 2226 debent
2390 2177 2459 2226 ad
2503 2175 2628 2228 illud

1576 2246 1816 2307 tempus,
1875 2258 1982 2308 quo
2033 2247 2218 2297 hostes
2270 2249 2628 2302 Romanorum

1576 2317 1796 2368 tandem
1836 2331 1888 2367 a.
1932 2332 1987 2368 u.
2035 2332 2083 2369 c.
2123 2320 2235 2370 633.
2275 2334 2323 2370 a.
2363 2324 2424 2382 Q.
2465 2324 2627 2375 Fabio

1577 2393 1803 2444 Maximo
1826 2391 2159 2455 Allobrogico
2187 2396 2242 2444 et
2274 2396 2370 2445 Cn.
2400 2396 2627 2448 Domitio

1574 2464 1895 2517 Aenobarbo
1941 2465 2126 2517 domiti
2174 2471 2323 2530 sunt;
2383 2470 2438 2521 id
2482 2473 2629 2535 quod

1576 2554 1684 2591 non
1729 2542 2000 2605 patiuntur
2030 2555 2116 2591 W.
2158 2543 2266 2606 (in)
2301 2547 2443 2595 novis
2485 2547 2632 2597 rebus

1577 2612 1788 2678 (ablat.,
1827 2628 1934 2664 non
1980 2615 2188 2678 datiV.);
2239 2618 2336 2667 sed
2382 2619 2451 2668 ad
2498 2633 2629 2670 con-

1575 2689 1891 2738 iurationem
1956 2688 2313 2742 Catilinariam
2364 2706 2411 2743 a.
2465 2707 2519 2743 u.
2575 2708 2624 2745 c.

1577 2762 1715 2824 694.,
1756 2763 1808 2812 in
1853 2775 1958 2825 qua
2009 2764 2195 2814 tentati
2235 2778 2268 2815 a
2310 2768 2366 2816 P.
2405 2766 2627 2819 Lentulo

1575 2836 1710 2885 Sura
1761 2849 1948 2886 eorum
2001 2834 2157 2900 legati
2208 2839 2296 2889 diu
2344 2842 2399 2891 in
2440 2842 2629 2893 incerto

1575 2909 1812 2971 habuere,
1868 2911 2110 2971 quidnam
2149 2914 2325 2963 consili
2372 2923 2623 2979 caperent,

1577 2985 1866 3047 antequam
1892 2985 2058 3035 totam
2079 2998 2198 3036 rem
2223 2989 2283 3047 Q.
2310 2988 2471 3039 Fabio
2494 2992 2628 3041 San-

1577 3072 1675 3122 gae
1695 3058 1983 3122 aperirent.
2007 3058 2124 3123 (Sal.
2141 3059 2290 3111 Catil.
2306 3061 2360 3112 44
2374 3063 2406 3126 .)
2424 3065 2629 3117 Deinde

1577 3135 1632 3185 C.
1650 3136 1957 3197 Pomptinius
1969 3161 1993 3172 -
2006 3161 2031 3172 -
2047 3141 2212 3186 ortum
2228 3144 2428 3200 repente
2448 3139 2629 3192 bouum

1574 3208 1895 3274 Allobrogum
1927 3215 2078 3272 atque
2106 3211 2201 3260 hae
2234 3212 2476 3263 scelerata
2508 3229 2633 3265 eon-

1575 3284 1826 3335 iuratione
1846 3283 2176 3349 (Catilinaria)
2193 3287 2468 3337 excitatum
2481 3301 2632 3349 proe-

1575 3359 1657 3408 liis
1686 3359 1839 3422 sreqit
1870 3372 2048 3420 eosque
2080 3360 2294 3420 donauit,
2351 3362 2438 3421 qm·
2471 3362 2632 3412 laces-

1576 3434 1782 3483 sierant.
1823 3434 1931 3483 Cic.
1970 3432 2037 3481 de
2072 3445 2223 3495 prov.
2264 3427 2414 3483 co'nS.
2454 3435 2534 3484 43.
2570 3463 2627 3472 -

1578 3508 1833 3557 Ceterum
1868 3508 1991 3556 nota
2013 3519 2098 3555 vv.
2127 3506 2238 3555 5-8.
2270 3505 2356 3556 bis
2384 3521 2634 3570 nee-que

1577 3593 1677 3644 pro
1710 3593 1799 3629 nec
1821 3608 1852 3617 -
1875 3592 2032 3642 neque
2064 3577 2151 3629 vel
2191 3593 2350 3642 neque
2369 3608 2398 3617 -
2421 3587 2513 3631 aut
2545 3582 2631 3633 vel

1576 3666 1858 3715 neque-vm
1880 3652 2125 3717 exempla
2143 3655 2268 3704 sunt
2286 3654 2428 3717 apud
2449 3655 2629 3706 lolius,

1578 3729 1735 3778 Arist.
1778 3728 1827 3776 2.
1870 3741 1924 3791 p.
1963 3728 2044 3776 62.
2114 3728 2350 3791 Wagner
2391 3730 2628 3789 Quaestt.

1577 3802 1720 3864 Virg.
1754 3802 1835 3851 36.
1870 3814 1989 3865 pag.
2011 3802 2126 3851 575.
2155 3802 2260 3852 Cfr.
2285 3804 2445 3853 etiam
2470 3805 2635 3856 Hein-

1579 3877 1697 3927 rich
1734 3876 1804 3926 ad
1842 3878 2022 3926 iuven.
2061 3889 2112 3939 p.
2139 3876 2255 3927 460.
2284 3878 2339 3927 et
2371 3878 2632 3942 imprimis

1582 3949 1876 4012 Hertzberg
1925 3951 2132 4000 Comm.
2173 3951 2226 4000 in
2261 3954 2416 4016 Prop.
2453 3964 2508 4015 p.
2546 3953 2629 4003 82.

1646 4024 1792 4073 7-40.
1832 4024 2123 4088 Gemnania]
2157 4023 2402 4076 Cimbros
2427 4027 2480 4075 et
2502 4027 2635 4076 Teu-

1585 4100 1739 4149 tonos
1787 4098 1915 4148 dicit
1964 4097 2201 4149 devictos
2254 4100 2469 4150 tandem
2504 4113 2533 4148 a
2572 4101 2630 4150 C.

1581 4171 1743 4222 Mario
1798 4175 1851 4221 et
1904 4173 1964 4231 Q.
2010 4172 2194 4223 Catulo
2245 4188 2292 4223 a.
2340 4187 2390 4222 u.
2430 4186 2475 4221 c.
2516 4172 2629 4225 653.

1581 4244 1687 4297 Csr.
1727 4245 1858 4296 Plut.
1896 4248 2022 4299 Mar.
2062 4249 2141 4299 Η.
2182 4248 2248 4298 de
2290 4246 2541 4298 Teutonis
2579 4248 2635 4297 et
