3234 4975
630 372 781 453 368'

1391 390 1652 440 HouATn
1688 389 2028 443 CARMINUM

883 544 1014 611 Sed
1056 543 1214 632 quid
1257 543 1603 633 Typhoeus
1650 554 1715 611 et
1756 544 2009 611 validus
2064 545 2327 622 MimaS‚

880 670 1002 733 Aut
1045 664 1204 753 quid
1248 665 1478 733 minaci
1526 665 1935 755 Porphyrion
1981 675 2183 742 statu,

963 785 1135 866 Quid
1180 785 1463 853 Rhoetus
1507 784 1878 873 evolsisque
1924 788 2167 852 truncis

2721 790 2802 851 55

1050 906 1412 974 Enceladus
1457 906 1769 973 iaculator
1812 906 2028 974 audax

885 1068 1120 1134 Contra
1162 1074 1498 1131 sonantem
1541 1063 1826 1130 Palladis
1871 1065 2101 1152 aegida

883 1188 1157 1252 Possent
1199 1186 1517 1252 ruentes?
1561 1185 1725 1253 Hinc
1767 1185 1998 1252 avidus
2043 1187 2214 1253 stetit

761 1395 844 1443 55.
878 1394 1057 1443 Raetus
1078 1392 1118 1442 B
1141 1429 1153 1453 ,
1189 1392 1370 1442 Rhama
1390 1391 1462 1441 bc
1477 1430 1488 1450 ,
1523 1392 1705 1442 Remus
1726 1394 1759 1441 S
1781 1431 1794 1453 ,
1831 1394 1981 1443 Rotas
2002 1392 2063 1454 d,
2101 1393 2318 1443 Rhoecus
2338 1394 2460 1443 LCt.

2509 1396 2588 1458 (Ut
2619 1408 2733 1455 noS,

699 1468 775 1531 T.)
806 1494 860 1503 —
888 1467 1234 1530 (Scripturam
1255 1466 1429 1515 avolsi-³
1451 1467 1505 1515 et
1527 1467 1610 1516 59.
1645 1467 1891 1517 Volcanus
1912 1468 2052 1519 inter
2071 1479 2228 1518 meos
2249 1467 2476 1531 praebet
2498 1481 2528 1517 c
2552 1468 2734 1531 solus.)

697 1645 779 1696 53.
821 1643 1096 1706 ruptionis]
1157 1639 1476 1707 (Τυφωεύς)
1529 1643 1676 1693 Pind.

632 1720 785 1783 Pyth.
826 1720 883 1779 4,
917 1719 1005 1768 ⁴5:
1042 1714 1196 1767 θεῶν
1229 1715 1534 1782 πολέμιος,
1573 1718 1685 1768 Τυ-

631 1790 761 1856 φώς
794 1757 1349 1862 ἑκατοντακάρανος·
1408 1788 1510 1841 τόν
1544 1805 1685 1841 ποτε

632 1867 888 1919 Κιλίκιον
919 1867 1144 1953 θρέψεν
1178 1862 1556 1932 πολυώνυμον
1588 1882 1688 1915 αν-

630 1956 786 2012 τρον·
821 1937 924 1992 νῦν
945 1956 1009 2006 γε
1028 1936 1194 2005 μὰν·
1211 1940 1428 1989 --κίων
1404 1935 1686 2011 -οὖρανία

633 2017 863 2076 συνέχει
894 2010 1177 2076 Νιφόεσσ’
1212 2011 1404 2064 Αἴτνα.
1470 2014 1680 2080 Olymp.

633 2090 692 2150 4,
730 2090 778 2139 7.
840 2091 1078 2151 (Antrum
1112 2087 1239 2138 illud
1275 2090 1359 2138 est
1396 2089 1685 2151 Corycium

635 2166 688 2215 in
740 2163 938 2213 Cilicia.
1008 2156 1265 2227 Pompon.
1320 2161 1455 2214 Mela
1493 2163 1554 2226 4,
1600 2164 1680 2213 43.

636 2238 925 2299 Curtiu83‚
951 2237 1050 2299 40.)
1087 2236 1235 2287 Pind.
1255 2238 1424 2300 Frgm.
1449 2237 1680 2287 Boeckh.

634 2310 729 2362 Ed.
768 2311 896 2361 min.
922 2325 976 2395 p
1002 2312 1134 2360 22⁴:
1174 2310 1354 2377 Κείνῳ
1375 2309 1485 2377 μὲν
1507 2307 1685 2361 Αἴτνα

634 2380 850 2451 δεσμὸς
908 2379 1261 2456 ὑπερφίαλος
1309 2378 1680 2449 Ἀμφίκειται·

634 2490 666 2501 -
699 2490 729 2500 -
756 2454 891 2511 Ἀλλ’
950 2455 1074 2522 οἶος
1122 2453 1380 2510 ἄπλατον
1429 2456 1685 2549 κεραὶζες

634 2534 789 2588 θεῶν
860 2533 1082 2596 Τυφῶν
1122 2533 1685 2621 ἑκατοντακαρανον

634 2605 877 2677 ἀνάγκᾳ,
914 2605 1021 2659 Ζεῦ
1057 2605 1261 2678 πάτερ,
1304 2607 1407 2658 Εἰν
1434 2603 1684 2679 Ἀρίμοις

635 2686 792 2737 ποτέ.
827 2684 974 2735 Iliad.
994 2681 1038 2744 β
1055 2720 1068 2744 ,
1090 2684 1202 2734 782.
1225 2683 1474 2747 Aeschyl.
1501 2686 1681 2735 Prom.

635 2762 750 2812 372.
836 2761 975 2823 Virg.
1024 2762 1156 2809 Aen.
1193 2759 1252 2818 9,
1289 2760 1411 2809 7⁴5:
1470 2762 1686 2809 dumam-

636 2848 732 2899 que
784 2833 969 2893 cubile,
1022 2833 1241 2882 Inarime
1289 2833 1420 2882 Ιουίε
1460 2834 1687 2895 imperiis

632 2912 849 2971 imposta
885 2908 1121 2969 Typhoeo.
1176 2906 1441 2957 Terribilis
1463 2908 1686 2971 Typho-

635 2986 717 3035 nis
742 2985 916 3045 imago
942 2983 1113 3032 exstat
1134 2982 1186 3031 in
1207 2981 1449 3042 Gerhard⁴
1474 2983 1682 3047 Vasanq.

635 3059 720 3108 111.
757 3057 814 3106 Τ.
853 3055 1179 3105 CCXXXVII.
1218 3054 1350 3105 Vide
1375 3056 1498 3106 Exc.
1535 3058 1599 3107 11.
1625 3084 1681 3094 —

636 3130 835 3194 minuas]
874 3128 1027 3193 Apud
1051 3129 1265 3180 Hesiod.
1304 3132 1446 3180 Scut.
1473 3131 1536 3180 H.
1568 3131 1681 3181 486.

637 3207 721 3255 est
754 3204 1084 3262 Centaurus;
1135 3205 1288 3267 Gigas
1324 3203 1468 3268 apud
1500 3204 1680 3268 Eurip.

636 3281 748 3330 lon,
800 3276 944 3338 2⁴4..
1006 3276 1099 3326 ubi
1149 3276 1316 3329 Pallas
1366 3273 1469 3328 τὸν
1517 3275 1685 3327 δάϊον

636 3353 906 3418 Μίμαντα
969 3352 1104 3422 πυρὶ
1167 3351 1529 3403 καταιθαλοῖ.
1627 3353 1684 3403 Ei

636 3413 906 3489 Prochyta
939 3426 1149 3476 iniecta.
1221 3424 1374 3478 Silius
1409 3428 1497 3487 42,
1536 3424 1650 3476 447.

702 3500 880 3552 54-56.
914 3500 1240 3564 Porphyrion]
1274 3500 1499 3551 Pindaro
1527 3500 1682 3562 Pyth.

637 3576 668 3627 8
687 3614 698 3636 ‚
750 3576 831 3625 47.
897 3577 979 3625 est
1035 3571 1312 3636 βασιλεὺς
1376 3570 1681 3641 Γιγάντων.

637 3649 877 3714 Apollod.
914 3649 961 3708 4,
1012 3650 1062 3710 6,
1109 3650 1169 3699 2:
1223 3644 1361 3710 Διὸς
1398 3663 1688 3736 κεραυνω-

637 3738 852 3786 σαντος
873 3717 1070 3783 αὐτόν,
1101 3718 1385 3809 Ἡρακλῆς
1404 3719 1686 3786 τοξεύσας

637 3794 982 3848 ἀπέκτεινεν.
1045 3798 1169 3848 Eius
1209 3798 1493 3860 imaginem
1531 3810 1688 3861 prae—

638 3871 735 3921 bet
753 3884 850 3922 vas
874 3873 1138 3922 navense.
1165 3869 1399 3921 Avellino
1418 3871 1594 3920 Bullot.
1621 3872 1683 3921 11.

638 3960 692 4010 p.
716 3945 826 3994 406.
858 3971 913 3981 -
939 3944 1089 4009 statu]
1115 3958 1220 3994 non
1243 3947 1463 4006 statura,
1488 3945 1587 3995 sed
1605 3946 1689 3995 est

641 4017 861 4069 «stabilis
878 4020 1097 4082 aradus»
1135 4021 1505 4090 pugnantium,
1542 4019 1686 4084 apud

639 4094 879 4144 Tacitum
914 4093 1045 4143 Hist.
1094 4093 1153 4154 2,
1191 4093 1273 4144 35.
1311 4095 1419 4144 Liv.
1455 4094 1545 4155 30,
1586 4096 1683 4145 ⁴8:

638 4171 775 4217 statu
821 4178 1017 4215 movero
1065 4167 1265 4218 hostem.
1329 4195 1383 4204 —
1457 4168 1686 4232 Rhoetus]
1763 4162 1982 4231 λε’μοιο.
2053 4165 2196 4216 Iliad.
2234 4181 2269 4216 υ

641 4241 731 4305 qui
765 4239 887 4290 alibi
922 4239 1060 4289 inter
1092 4240 1387 4291 Centauros
1421 4253 1688 4290 memora-

1756 1647 1859 1693 tur.
1899 1643 2005 1694 Cfr.
2031 1641 2199 1693 Bentl.
2227 1643 2296 1692 ad
2318 1643 2412 1693 Od.
2439 1645 2497 1705 Ξ,
2526 1646 2613 1706 49,
2639 1645 2719 1694 23.
2746 1672 2800 1680 —

1755 1718 2059 1783 Enceladus]
2111 1720 2407 1782 prostratus
2458 1732 2490 1769 a
2536 1720 2800 1775 Minerva3

1758 1795 1807 1845 ei
1856 1796 2022 1844 Aetna
2066 1794 2332 1857 imposita.
2405 1794 2546 1856 Virg.
2582 1796 2713 1844 Aen.
2751 1793 2801 1853 3,

1757 1868 1869 1917 578.
1912 1894 1968 1904 -
2003 1866 2273 1931 iaculator]
2310 1865 2554 1918 «evolsos
2587 1870 2804 1917 truncos

1759 1940 2014 1992 audacter
2046 1941 2357 1993 iaculatus.»

1823 2016 1905 2066 57.
1975 2016 2220 2080 Palladis]
2281 2028 2474 2065 «caeca
2509 2016 2588 2065 vis
2623 2018 2804 2065 contra

1758 2089 2123 2153 sapientiam.»
2154 2118 2208 2127 --
2246 2090 2444 2154 aeyida]
2483 2089 2589 2139 Cfr.
2614 2089 2684 2139 ad
2706 2088 2801 2139 Od.

1759 2165 1806 2223 4,
1830 2164 1910 2223 45,
1938 2163 2018 2212 44.
2046 2164 2295 2213 Heinrich
2332 2163 2401 2212 ad
2426 2162 2547 2213 Hes.
2575 2164 2717 2212 Scut.
2740 2163 2802 2212 H.

1756 2237 1872 2286 200.
1909 2234 2021 2286 Val.
2061 2234 2228 2286 Flacc.
2255 2236 2309 2298 3,
2338 2238 2429 2287 88:
2468 2238 2702 2301 aem‘sono
2722 2262 2753 2273 -
2775 2265 2806 2275 -

1754 2311 1871 2372 fera
1895 2316 2097 2373 pectore
2127 2312 2307 2374 υίνρος
2343 2311 2436 2361 ubi
2468 2311 2536 2361 de
2564 2311 2799 2370 thorace,

1757 2398 1866 2435 non
1911 2384 1977 2434 de
2026 2383 2197 2448 clipeo
2247 2384 2460 2434 videtur
2507 2385 2803 2447 cogitasse;

1758 2458 1825 2509 de
1861 2457 2032 2523 clipeo
2084 2457 2151 2508 ab
2200 2458 2315 2523 ipsa
2359 2458 2461 2509 dea
2494 2457 2646 2510 hasta
2682 2471 2808 2522 per-

1758 2546 1918 2584 cusso
1946 2533 2015 2583 ad
2038 2535 2302 2583 terrorem
2326 2532 2691 2583 incutiendum
2715 2533 2809 2581 ho-

1757 2605 1929 2657 stibus
1982 2620 2047 2656 ει
2095 2619 2224 2657 vase
2278 2608 2497 2670 antiquo
2545 2607 2804 2670 interpre-

1757 2683 1899 2730 tatur
1918 2681 2152 2744 Bottiger
2171 2681 2432 2732 Amalthea
2463 2683 2503 2731 1.
2529 2694 2582 2745 p.
2609 2680 2804 2740 xxxi,

1758 2757 1817 2806 ut
1861 2756 1984 2806 fecit
2026 2757 2186 2805 etiam
2228 2753 2584 2806 Mitscherlich
2607 2793 2620 2815 ,
2674 2753 2807 2803 affe-

1758 2842 1885 2879 rens
1936 2830 2151 2882 Homeri
2198 2828 2254 2878 11.
2304 2846 2367 2900 ρ,
2426 2829 2557 2879 595:
2607 2824 2713 2892 τὴν
2756 2824 2805 2876 δ’

1757 2899 1977 2967 ἐτίναξε
1998 2940 2012 2965 ,
2073 2903 2307 2966 clipeum
2362 2902 2466 2953 alte
2517 2901 2804 2962 sublatum;

1758 2992 1823 3029 ac
1857 2980 1934 3029 sic
1968 2990 2191 3042 prorsus
2227 2990 2480 3040 expressa
2515 2976 2600 3026 est
2631 2977 2683 3025 in
2718 2976 2807 3025 Gi—

1758 3052 2127 3117 gantomachia
2162 3050 2306 3116 apud
2330 3050 2569 3101 Get-hard
2599 3052 2803 3114 Vasenq.

1757 3129 1820 3177 11.
1857 3128 1914 3177 Τ.
1952 3127 2214 3177 LXXXIV.
2257 3151 2313 3161 —
2350 3124 2605 3176 Aristides
2641 3125 2693 3174 in
2717 3125 2810 3175 Mi-

1758 3214 1921 3251 nerva
1971 3214 2026 3265 p.
2067 3201 2144 3249 45.
2197 3198 2389 3250 Dindn
2448 3197 2687 3264 Λέγεται
2728 3214 2809 3261 ως

1759 3269 1951 3340 ἐπειδὴ
2003 3274 2066 3323 οἱ
2110 3273 2378 3339 Γίγαντες
2419 3269 2809 3342 παρετάξαντο

1759 3347 1822 3398 ἐν
1888 3346 1958 3418 τῇ
2017 3345 2258 3432 Φλέγρᾳ,
2310 3340 2649 3413 Ἐγκέλαδον
2701 3345 2810 3412 μὲν

1759 3423 1858 3472 καὶ
1891 3419 2026 3483 τοὺς
2061 3415 2444 3508 ἡγουμένους
2457 3415 2648 3470 αὐτῶν
2669 3422 2812 3471 κτεί-

1759 3511 1843 3548 νει
1877 3491 1914 3561 ἡ
1947 3493 2106 3559 θεός,
2141 3502 2267 3558 τοῖς
2310 3494 2355 3545 ὅ
2404 3488 2603 3558 αλλοις
2648 3496 2809 3558 θεοῖς

1760 3566 1955 3638 ὀλίγον
2016 3565 2084 3619 τὸ
2097 3564 2303 3656 ἔργον
2351 3571 2628 3636 γίγνεται,
2687 3568 2810 3619 ἐπεὶ

1759 3646 1857 3694 καὶ
1904 3640 2021 3694 τῶν
2085 3636 2276 3693 αλλων
2325 3639 2613 3710 Γιγάντων
2663 3636 2810 3692 ὅσον

1760 3709 1834 3784 ἢν
1865 3715 2174 3788 κράτιστον
2217 3718 2422 3768 κτείνει
2467 3714 2505 3783 ἡ
2539 3713 2678 3780 θεὸς
2710 3710 2813 3767 ἅτε

1760 3793 1860 3843 καὶ
1891 3789 2068 3855 φύσει
2101 3791 2413 3857 πολεμίους
2463 3786 2637 3855 ὄντας
2684 3789 2811 3843 δια-

1759 3864 2052 3938 φερόντως
2068 3861 2426 3934 αμυνομένη.
2446 3865 2669 3918 Palladis
2685 3881 2812 3918 cum

1759 3941 2025 3994 Encelado
2057 3943 2340 4007 pugnantis
2372 3942 2660 4005 imaginem
2688 3941 2811 3992 vide

1760 4018 1905 4082 apud
1940 4017 2178 4068 Gerhard
2217 4018 2424 4080 Vasenq.
2461 4018 2500 4068 1.
2538 4018 2594 4067 Τ.
2631 4017 2717 4065 VI.

1826 4095 1907 4144 58.
1944 4093 2026 4143 59.
2063 4091 2265 4155 avidus]
2302 4088 2667 4157 λιλαιόμενος
2703 4103 2811 4139 πο-

2290 4201 2306 4226 ,
2342 4167 2440 4217 36;
2485 4160 2805 4228 ’Ἡφαιστος

1760 4267 1784 4277 -
1804 4266 1828 4277 -
1848 4240 2047 4290 σθένεϊ
2072 4237 2447 4306 βλεμεαίνων.
2494 4243 2577 4292 Sic
2599 4239 2812 4291 Tacitus
