3234 4975
1259 380 1377 428 LIB.
1423 379 1484 427 ll.
1554 378 1612 428 C.
1652 379 1757 429 XV.

2484 377 2608 441 293

1149 848 1619 912 cm
1672 852 1856 912 XV·

777 1018 910 1084 lam
953 1039 1162 1105 pauca
1205 1029 1417 1084 aratro
1462 1019 1687 1106 iugera
1731 1020 1948 1107 regiae

776 1138 977 1206 Moles
1020 1138 1414 1228 relinquent,
1461 1140 1751 1229 undique
1795 1140 1984 1207 latius

867 1260 1134 1326 Extenta
1175 1259 1465 1325 visentur
1507 1261 1785 1327 Lucrino

948 1381 1187 1467 Stagna
1229 1377 1415 1457 lacu,
1462 1379 1890 1468 platanusque
1935 1380 2223 1457 caelebs,

570 1560 678 1611 XV.
731 1561 894 1610 Inscr.
931 1557 1068 1621 volg.
1137 1559 1196 1608 In
1239 1559 1318 1609 eui
1360 1560 1511 1609 seculi
1554 1559 1835 1609 murima.

1891 1588 1945 1597 —
1995 1562 2110 1611 Om.
2147 1562 2230 1612 ΒΤ
2266 1563 2371 1626 (qui
2404 1563 2543 1613 hanc

505 1635 644 1685 oden
678 1633 1022 1699 praecedenti
1055 1633 1362 1695 continuat).
1394 1661 1448 1670 —
1473 1634 1608 1684 Haec
1642 1636 1703 1684 de
1723 1637 2003 1696 praesentis
2029 1637 2164 1686 vitae
2193 1637 2404 1687 lumen-ia
2425 1639 2544 1686 dicit

507 1709 591 1759 bc.
649 1738 704 1746 —
756 1709 1027 1771 Antiquam
1074 1709 1384 1759 ”veritatem
1426 1709 1645 1759 laudans
1688 1710 1920 1769 querimo-
1950 1711 2010 1759 de
2046 1712 2302 1773 praesentet·
2331 1712 2545 1761 laeuo-w

503 1783 734 1833 mais,

503 1932 608 1982 XV.
646 1931 970 1981 Dehortatur
1002 1929 1255 1995 aequales
1290 1931 1360 1981 ab
1403 1933 1488 1983 in-

440 2018 570 2055 sano
605 2005 912 2068 magnificas
946 2008 1106 2068 atque
1130 2006 1486 2071 amplissimas

439 2078 602 2129 aedes
657 2078 963 2130 exstruendi
1029 2078 1219 2129 morbo
1282 2092 1483 2143 eosque

439 2154 507 2203 ad
529 2154 799 2218 antiquam
819 2151 1211 2217 simplicitatem
1227 2166 1483 2204 revocare

439 2229 676 2277 conatur.
754 2229 1020 2290 Perquam
1075 2226 1330 2277 credibile
1382 2230 1481 2288 est,

437 2303 539 2351 boc
583 2305 638 2352 et
678 2301 863 2353 similia
901 2303 1137 2353 carmina
1175 2301 1294 2363 (Od.
1333 2302 1394 2361 3,
1431 2304 1479 2352 2.

438 2377 485 2425 6.
523 2374 646 2438 at),
684 2376 878 2439 quibus
914 2377 966 2425 in
1000 2374 1166 2427 seculi
1196 2377 1278 2426 sui
1301 2376 1483 2426 luxum

437 2450 726 2510 invehitur,
753 2464 858 2501 non
883 2451 996 2502 sine
1014 2452 1233 2515 Augusti
1257 2463 1482 2503 assensu

436 2526 659 2588 ipsoque
695 2525 919 2576 sortasse
953 2526 1231 2589 instigante
1268 2539 1485 2590 compo-

438 2598 536 2649 sita
571 2612 719 2657 esse,
757 2612 881 2649 nam
918 2613 1056 2663 quae
1091 2602 1247 2650 buius
1271 2601 1482 2663 generis

435 2672 742 2736 proferebat
805 2675 1075 2735 Horatius,
1143 2688 1207 2724 ea
1265 2675 1481 2737 Augusti

435 2746 763 2798 voluntatem
816 2749 1116 2813 exprimere
1161 2761 1322 2798 nemo
1368 2750 1481 2798 tum

436 2833 542 2871 non
574 2822 807 2872 videbat.
864 2823 1145 2887 (Scriptum
1179 2834 1394 2872 carmen
1431 2835 1479 2871 a.

437 2908 488 2944 u.
527 2909 573 2944 c.
613 2895 768 2958 7269)

504 2970 551 3018 4.
577 2970 625 3018 2.
663 2971 834 3033 reqiae
853 2970 1022 3034 Moles]
1044 2971 1298 3034 «Regium,
1335 2968 1482 3033 quod

437 3044 602 3105 regis,
653 3044 854 3107 reyale,
909 3044 1054 3107 quod
1101 3057 1228 3107 rege
1262 3044 1480 3107 dignum

438 3119 567 3166 est.»
604 3120 903 3169 Anusuuus.
942 3120 1078 3168 Sane
1112 3119 1200 3169 bic
1236 3121 1318 3168 est
1362 3131 1483 3167 «re-

435 3189 588 3254 gibus
624 3191 865 3255 dignae.»
901 3194 1032 3242 Sunt
1065 3191 1240 3256 ampla
1278 3195 1333 3242 et
1363 3204 1482 3241 ma-

436 3266 624 3328 gnifica
668 3265 932 3325 aedificia,
986 3267 1062 3316 uti
1096 3269 1301 3316 turrem
1335 3268 1482 3317 Mae-

436 3340 769 3389 cenatianam
818 3339 912 3389 Od.
951 3340 1010 3399 3,
1058 3340 1151 3400 29,
1202 3341 1281 3388 40.
1325 3341 1483 3389 vocat

438 3413 620 3463 Molem
636 3413 976 3475 propinquam
989 3413 1215 3463 nubibus.
1246 3413 1351 3463 Cfr.
1373 3412 1477 3463 Sal.

435 3487 583 3537 Catil.
623 3488 702 3538 43.
742 3490 797 3537 et
828 3489 911 3537 20.
949 3486 1087 3537 Talia
1123 3490 1304 3537 autem
1335 3485 1485 3551 paul-

435 3560 580 3612 latim
625 3560 941 3612 coartabant
986 3574 1110 3610 arva
1152 3560 1337 3610 fertilia
1374 3574 1480 3610 non

435 3636 544 3685 tam
577 3649 676 3700 per
707 3649 768 3687 se
801 3636 917 3700 ipsa
952 3647 1117 3698 quam
1149 3636 1372 3697 propter
1399 3632 1485 3684 sil-

433 3722 556 3770 vas,
593 3711 854 3774 porticus,
899 3709 1248 3773 gestationes,
1285 3707 1483 3758 ambu-

433 3782 683 3844 lationes,
720 3784 1009 3849 leporaria,
1045 3783 1308 3848 piscinae,
1345 3784 1486 3833 euri-

432 3870 560 3921 pos,
614 3857 762 3908 lacus
809 3859 1064 3910 adiectos.
1133 3859 1209 3907 Ac
1249 3870 1310 3907 re
1352 3870 1482 3908 vera

431 3932 520 3981 hic
569 3930 811 3983 villarum
866 3932 1047 3994 luxus,
1107 3944 1230 3982 cum
1282 3930 1481 3982 domini

433 4019 532 4070 per
571 4007 831 4058 maiorem
865 4008 987 4058 anni
1028 4008 1240 4071 partem
1281 4006 1480 4055 Romae

434 4080 717 4143 degerent,
754 4082 806 4131 in
830 4094 992 4133 causa
1016 4081 1134 4142 suit,
1160 4093 1259 4130 cur
1279 4079 1481 4130 sensim

433 4154 777 4204 desereretur
809 4157 1022 4219 antiqua
1057 4154 1141 4205 illa
1176 4156 1232 4205 et
1262 4155 1480 4205 strenua

431 4228 541 4290 agri
594 4226 799 4278 cultura
849 4242 1172 4294 semperque
1219 4229 1482 4279 desertior

1561 1932 1717 1982 fleret
1765 1932 1926 1983 ltalia.
1994 1932 2235 1986 Tiberius
2285 1933 2428 1999 apud
2483 1935 2603 1985 Tac.

1559 2008 1696 2057 Ann.
1723 2007 1780 2066 3,
1818 2008 1908 2057 53:
1948 2009 2079 2069 Quid
2099 2009 2323 2071 primum
2348 2009 2613 2070 prohibere

1560 2086 1606 2130 et
1643 2082 1871 2142 priscum
1914 2084 1983 2133 ad
2025 2096 2217 2133 morem
2259 2084 2478 2133 recidere
2512 2085 2609 2132 ad-

1557 2155 1808 2218 grediar?
1838 2157 2140 2207 villar-«amo
2172 2159 2372 2221 &innita
2403 2155 2609 2219 spatia?

1560 2232 1664 2280 cet.
1703 2231 1907 2280 Seneca
1942 2231 2190 2281 Controv.
2228 2233 2288 2292 5,
2335 2233 2392 2280 δε
2446 2232 2609 2279 Arata

1558 2304 1812 2364 quondam
1859 2304 2060 2366 populis
2112 2318 2244 2353 rura
2296 2304 2607 2367 &natator-um

1555 2391 1691 2426 nunc
1724 2378 2096 2441 eraastulorum
2127 2383 2258 2428 mit.

1624 2451 1671 2501 3.
1729 2452 1974 2516 visenmr]
2035 2465 2197 2503 «cum
2257 2451 2603 2503 admiratione

1556 2528 1951 2590 conspicientur
1994 2541 2058 2577 ex
2093 2528 2238 2577 omni
2282 2528 2461 2591 parte,
2514 2526 2606 2576 ubi

1556 2603 1826 2664 spectator
1859 2601 2204 2652 constiterit.»
2272 2601 2400 2650 Mire
2436 2600 2605 2649 Scho-

1556 2673 1740 2724 liastae
1792 2675 2013 2737 iungunt
2055 2674 2208 2722 latius
2246 2675 2486 2723 visentur.
2546 2699 2599 2708 —

1554 2748 1789 2812 Lucrino]
1837 2761 2005 2813 prope
2047 2748 2199 2798 Baias
2242 2748 2384 2796 iuxta
2426 2745 2603 2797 lacum

1555 2826 1854 2877 Avernum,
1928 2821 2048 2871 lacu
2107 2821 2321 2885 piscoso
2385 2822 2606 2872 ostreis—

1557 2908 1663 2958 que
1710 2895 2037 2945 abundante.
2078 2922 2135 2932 —
2172 2896 2231 2944 ln
2264 2895 2369 2944 hoc
2402 2907 2600 2957 genere

1556 2968 1925 3020 incredibilem
1960 2970 2011 3019 in
2035 2968 2259 3020 modum
2282 2969 2606 3019 insanierant

1555 3047 1611 3095 L.
1640 3042 1915 3105 Lucullus,
1944 3045 2003 3104 Q.
2033 3044 2366 3102 HortensiuS,
2402 3043 2461 3092 C.
2490 3044 2605 3094 Hir.-

1555 3119 1676 3169 tius.
1724 3118 2009 3183 Aptissima
2033 3120 2215 3167 autem
2236 3117 2467 3182 piscinas
2490 3114 2603 3167 illas

1554 3190 1853 3243 luxuriosas
1887 3193 2164 3256 comparat
2195 3204 2321 3242 cum
2354 3190 2473 3241 lacu
2496 3192 2602 3241 Lu-

1555 3267 1720 3327 crino,
1757 3268 1940 3331 utpote
1976 3266 2028 3316 in
2063 3278 2171 3329 quo
2205 3265 2519 3316 Octavianus
2550 3278 2598 3314 a.

1553 3352 1606 3390 u.
1647 3354 1695 3391 c.
1732 3341 1845 3390 7⁴7.
1882 3341 1937 3390 in
1971 3351 2225 3403 magnum
2255 3340 2465 3403 imperii
2497 3340 2604 3387 Ro-

1555 3414 1699 3464 mani
1745 3412 2090 3464 commodum
2136 3416 2351 3476 portum
2382 3410 2601 3472 lulium,

1558 3490 1730 3551 «repis
1771 3500 1931 3550 opus»
1982 3487 2066 3549 (A.
2110 3487 2165 3535 P.
2210 3486 2321 3546 65.)
2357 3486 2603 3534 constru-

1555 3561 1752 3621 xisset;
1806 3560 2003 3611 vivaria
2055 3560 2236 3609 contra
2283 3557 2368 3608 illa
2416 3558 2604 3622 privati

1556 3635 1832 3686 dumtaxat
1863 3634 2017 3685 luxus
2049 3633 2222 3697 turpia
2246 3633 2398 3682 erant
2419 3643 2606 3680 monu-

1556 3712 1755 3760 menta.

1621 3784 1671 3836 4.
1708 3783 1920 3848 Stagna]
1947 3785 2149 3833 Seneca
2178 3782 2428 3831 Controv.
2455 3779 2503 3839 4,
2540 3781 2598 3830 δε

1554 3857 1869 3923 amabilia
1920 3857 2237 3920 piscinarum
2294 3855 2444 3918 [reta.
2521 3856 2599 3905 De

1556 3933 1774 3997 piscinis
1808 3928 2024 3981 consule
2058 3929 2208 3979 Varr.
2246 3929 2304 3980 R.
2330 3929 2388 3978 R.
2422 3928 2479 3988 3,
2518 3929 2596 3978 47.

1555 4007 1757 4056 Harum
1792 4006 2087 4065 amatores,
2126 4000 2394 4063 Lucullos,
2441 4003 2603 4052 Cras-

1555 4092 1704 4140 sum,
1750 4078 2088 4128 Hortensium
2113 4077 2415 4140 piscimrios
2445 4079 2604 4126 vocat

1557 4154 1667 4204 Cic.
1694 4152 1764 4203 ad
1785 4154 1887 4203 Att.
1917 4152 1937 4200 4
1961 4190 1972 4212 ,
2010 4153 2093 4214 49,
2122 4153 2170 4203 6.
2197 4180 2250 4188 -
2270 4153 2606 4216 platanusque

1553 4226 1759 4292 caelebs]
1808 4224 2024 4280 Martiali
2075 4227 2106 4277 3
2124 4266 2136 4287 ,
2190 4228 2279 4289 58,
2334 4226 2392 4276 3:
2446 4226 2602 4275 vidm
