3234 4975
649 419 774 482 696

1451 419 1709 467 HORA'ru
1746 417 2003 467 EPODON

986 572 1180 649 Galli,
1229 583 1534 639 canentes
1580 573 1965 647 Caesarem,

899 693 1368 781 Hostiliumque
1413 695 1673 761 navium
1717 703 1905 780 portu
1950 692 2146 759 latent

643 1071 728 1121 ille
764 1084 895 1122 casu
927 1072 1103 1121 sexto:
1144 1070 1276 1119 «hac
1309 1069 1377 1119 de
1412 1082 1501 1118 re»
1530 1067 1717 1132 (quod'

642 1158 862 1209 prosam
895 1145 1191 1194 orationem
1244 1143 1554 1204 redoleret),
1591 1142 1691 1192 sed

643 1223 862 1282 quarto,
900 1222 957 1267 ut
991 1220 1073 1269 est
1104 1219 1158 1268 in
1193 1218 1354 1268 Taciti
1387 1215 1505 1267 loco
1529 1230 1560 1265 a
1595 1217 1693 1265 Re-

642 1292 779 1357 gelio
815 1293 1043 1343 indicato
1076 1294 1210 1341 Anu.
1250 1291 1340 1351 ⁴3,
1380 1291 1467 1340 ⁴3:
1504 1290 1693 1352 Aqrn’p-

637 1369 766 1429 pina
817 1366 1046 1417 libertam
1099 1365 1351 1415 aemulam
1381 1390 1411 1400 -
1432 1389 1461 1399 -
1491 1364 1695 1423 aliaque

639 1442 849 1490 eundem
889 1441 942 1489 in
987 1440 1188 1488 modum
1230 1436 1536 1487 muliebriter
1582 1437 1693 1500 [νος

637 1530 789 1566 mere.
842 1518 936 1566 «At
968 1516 1072 1565 hoc
1105 1514 1368 1579 imprimis
1404 1514 1691 1577 spectacu-

640 1590 751 1641 lum
777 1590 1218 1652 indignissimum,
1242 1588 1528 1650 conopium
1553 1587 1692 1636 inter

642 1665 790 1727 signa
826 1662 1070 1713 militaria
1116 1663 1269 1724 (quae
1316 1654 1509 1730 ὥσπερ
1545 1656 1693 1730 ἱδρύ-

643 1752 805 1804 ματα
825 1735 977 1788 θεῶν
1000 1733 1124 1806 ἱερὰ
1146 1737 1498 1800 ἐνομίζοντο,
1535 1735 1686 1784 Dion.

641 1811 753 1864 Hal.
792 1814 849 1873 6,
887 1812 1010 1874 ts),
1049 1812 1408 1861 «detestantes
1442 1812 1580 1860 cet.»
1631 1836 1685 1844 -

643 1885 796 1946 Quod
829 1883 1073 1947 Regelius
1107 1897 1172 1933 ex
1208 1897 1315 1933 uno
1351 1883 1480 1933 Cod.
1518 1882 1687 1931 Vand.

641 1960 848 2022 recepit
893 1960 984 2008 «At
1032 1959 1162 2007 hunc
1206 1959 1317 2007 tam
1363 1957 1691 2019 degenerem

642 2035 941 2083 Romanum
964 2034 1365 2096 aspernantes»,
1401 2033 1489 2080 vix
1510 2030 1690 2081 locum

642 2106 807 2157 habet
849 2107 971 2169 post
1016 2106 1384 2169 interpositam
1430 2106 1690 2168 integram

642 2178 935 2231 clausulam
955 2180 1186 2241 Interque
1199 2206 1224 2216 -
1237 2205 1262 2216 ·
1276 2179 1556 2241 compium.
1592 2178 1694 2227 Aa·

640 2256 760 2315 huc,
808 2253 953 2317 quod
987 2255 1216 2317 optimas
1256 2252 1422 2303 habet
1455 2253 1691 2302 auctori-

644 2330 780 2379 tates
814 2328 1106 2378 exteriores
1141 2327 1375 2390 mihique
1410 2324 1536 2376 olim
1570 2327 1694 2390 post

641 2403 964 2454 Meinekium
1027 2401 1256 2465 placuit,
1327 2401 1483 2451 video
1549 2413 1691 2449 nunc

642 2476 783 2528 nullo
819 2477 979 2528 modo
1014 2475 1262 2541 explicari
1295 2490 1455 2541 posse
1493 2474 1687 2535 «illico,

641 2553 871 2611 statim»,
907 2565 1083 2614 neque
1120 2551 1247 2601 satis
1282 2551 1529 2600 convenit
1565 2549 1690 2599 huic

641 2625 758 2676 loco
793 2624 896 2675 tale
931 2618 1262 2674 ἀσύνδετον.
1323 2625 1622 2674 Proximam
1659 2638 1689 2673 a

642 2699 809 2751 Codd.
846 2698 1010 2748 habet
1044 2698 1416 2749 auctoritatem
1450 2697 1605 2747 lectio
1629 2698 1693 2748 Ac

638 2775 758 2836 huc,
816 2772 1188 2823 commendata
1231 2785 1260 2820 a
1299 2773 1465 2821 Comi.
1507 2773 1685 2828 Canos

644 2848 741 2898 «At
774 2847 962 2907 Gaui»,
999 2847 1192 2909 inquit,
1251 2850 1543 2894 «verterunt
1574 2846 1687 2907 huc,

638 2922 692 2972 id
744 2924 849 2983 est,
903 2919 971 2969 ad
1024 2932 1119 2969 nos
1179 2917 1561 2969 transtulerunt
1608 2919 1694 2970 bis

638 2994 781 3046 mille
816 3007 985 3057 equos
1020 2993 1363 3043 frementes»
1410 2993 1562 3052 Quod
1593 2994 1694 3043 etsi

639 3069 840 3119 dietum
873 3067 984 3116 fere
1019 3068 1122 3125 est,
1160 3068 1218 3116 ut
1249 3065 1430 3116 Velleii
1466 3065 1593 3116 illud
1632 3068 1689 3127 2,

642 3142 747 3203 84„
787 3140 932 3205 quod
967 3153 1090 3189 mox
1125 3141 1519 3200 exscribamus,
1566 3141 1695 3191 Hinc

640 3217 709 3266 ad
739 3214 1010 3265 Antonium
1034 3215 1160 3273 cet.,
1198 3213 1363 3264 habet
1397 3217 1576 3264 tamen
1600 3228 1695 3265 ne-

640 3290 752 3340 scio
798 3287 927 3351 quid
972 3282 1193 3357 ἀκύρου
1240 3291 1295 3337 et
1339 3287 1555 3338 obscuri
1591 3303 1693 3339 nec

641 3364 771 3416 satis
795 3363 1052 3413 cohaeret
1080 3375 1206 3411 cum
1228 3374 1381 3426 seqq.
1407 3363 1694 3412 Hostilium-

639 3452 750 3502 οπο.
777 3438 948 3489 Tertia
972 3436 1147 3499 lectio,
1169 3450 1332 3500 quam
1350 3436 1590 3501 plerique
1609 3451 1695 3487 se-

640 3515 901 3577 quuntur,
936 3511 1013 3562 Aa
1043 3512 1202 3573 hune,
1242 3512 1423 3561 nititur
1457 3512 1692 3561 auctori-

638 3589 745 3637 tate
789 3585 958 3637 Codd.
997 3586 1138 3635 haud
1183 3599 1506 3650 paucorum,
1560 3589 1691 3635 Por-

639 3660 916 3725 phyrionis
941 3662 997 3710 et
1030 3661 1278 3721 Acronis,
1305 3661 1396 3723 qui
1426 3663 1689 3723 sequente

641 3750 706 3787 ex
740 3736 892 3799 parte
926 3734 1106 3784 Iahnio
1144 3734 1454 3797 (madversus
1496 3736 1692 3785 Roma-

639 3821 770 3861 num
805 3809 883 3859 sic
926 3808 1324 3872 degenerem»)
1396 3807 1685 3872 explicant:

643 3884 853 3946 «Equos
909 3883 1168 3933 adversus
1225 3883 1508 3932 Antonium
1565 3896 1689 3933 cum

640 3959 799 4009 sistro
820 3958 1250 4007 converterunt.»
1276 3959 1545 4021 (Ceterum
1568 3956 1688 4007 vide

641 4046 710 4082 ne
743 4032 946 4080 sistrum
994 4030 1122 4081 illud
1171 4044 1279 4082 non
1322 4045 1388 4081 ex
1438 4032 1687 4093 historia,

639 4107 701 4155 ut
733 4103 841 4154 volt
873 4108 1166 4166 Gesnerus,
1202 4105 1302 4156 sed
1335 4105 1577 4170 precario
1600 4119 1692 4156 as-

639 4181 919 4244 sumptum
950 4178 1019 4230 sit
1040 4193 1106 4229 ex
1128 4181 1259 4229 Aen.
1286 4179 1317 4228 8
1336 4216 1348 4240 ,
1387 4179 1512 4229 696:
1550 4180 1693 4243 Rapi-

641 4255 1016 4317 na--patn'o
1052 4259 1199 4304 vocat
1247 4255 1458 4318 amnium
1503 4255 1687 4315 sistro,

1768 1067 1864 1117 nisi
1900 1068 2033 1118 forte
2069 1070 2377 1132 corruptum
2422 1072 2504 1119 est
2538 1082 2601 1119 ex
2635 1069 2819 1134 sibilo.)

1769 1142 1967 1191 Verum
2024 1144 2170 1191 recte
2228 1140 2525 1193 Bentleius:
2603 1146 2819 1208 «Neque

1766 1215 1896 1264 hunc
1938 1215 2006 1265 de
2052 1216 2277 1265 Antonio
2323 1218 2567 1280 accipere
2612 1219 2819 1280 possis,

1768 1292 1858 1352 qui
1894 1303 2159 1353 nusquam
2200 1291 2355 1339 antea
2394 1291 2472 1341 sic
2516 1291 2823 1341 nominatur

1768 1367 1859 1413 aut
1916 1363 2261 1423 describitur3
2328 1378 2504 1427 neque
2560 1366 2636 1415 Ad
2688 1366 2821 1415 'cunc

1764 1442 2021 1487 verterunt
2063 1452 2213 1499 equos
2260 1439 2482 1501 perinde
2537 1441 2620 1489 est
2657 1441 2820 1503 atque

1767 1513 2008 1562 adversus
2027 1512 2209 1561 hunc.»
2244 1511 2461 1563 Bentleii
2483 1516 2661 1563 autem
2678 1514 2817 1563 coni.

1766 1587 1949 1637 Adhuc
1981 1599 2080 1650 pro
2110 1599 2302 1651 prosae
2328 1588 2459 1636 orat.
2500 1587 2558 1635 ob
2579 1588 2669 1637 hoc
2698 1601 2823 1652 pro-

1765 1663 1888 1724 pter
1909 1659 2312 1722 ambiguitatem
2346 1661 2523 1711 minus
2548 1673 2823 1711 commen-

1769 1732 1959 1784 dabilis
1982 1735 2089 1794 est,
2133 1747 2260 1784 cum
2282 1735 2351 1783 ad
2378 1734 2469 1783 hoc
2500 1733 2819 1798 plerumque

1768 1807 2026 1870 significet
2062 1810 2401 1871 «praeterea,
2450 1808 2719 1872 insuper.»
2760 1835 2816 1845 —

1766 1882 1828 1930 V.
1852 1882 2114 1943 fremente-5
2130 1883 2338 1931 Comm.
2362 1883 2522 1945 Cruq.
2552 1885 2605 1931 et
2630 1883 2814 1933 Lamb.

1766 1955 2008 2004 referunt
2039 1955 2108 2004 ad
2145 1968 2320 2017 equos,
2357 1955 2424 2006 de
2460 1956 2654 2019 quibus
2687 1971 2818 2008 sane

1769 2028 1962 2078 crebro
2014 2032 2334 2093 usurpantur
2384 2043 2470 2080 w.
2519 2031 2731 2093 firmare
2764 2034 2821 2082 et

1765 2103 1993 2165 fremitus
2016 2102 2426 2166 (Schnaubon,
2446 2099 2819 2168 φυσιόωντας

1768 2176 1911 2227 Iliad.
1938 2175 1988 2238 δ,
2020 2179 2155 2240 227.)
2180 2177 2277 2227 sed
2303 2178 2356 2227 b.
2379 2177 2415 2228 l.
2443 2178 2709 2230 ἐπίθετον
2727 2194 2819 2232 es·

1768 2255 1852 2302 set
1873 2252 2128 2302 otiosum:
2174 2252 2479 2315 rectiusque
2504 2254 2734 2304 refertur
2748 2255 2820 2305 ad

1768 2338 2037 2375 summam
2072 2324 2339 2375 Gallorum
2371 2326 2506 2376 iram
2539 2329 2698 2390 atque
2734 2330 2818 2379 in-

1768 2399 2147 2462 dignationem.
2188 2425 2246 2434 —
2282 2401 2562 2462 verterunt]
2611 2400 2814 2464 penult.

1768 2474 1934 2525 brevi.
1979 2474 2056 2524 Cl'.
2086 2475 2193 2523 Sat.
2227 2474 2286 2534 4,
2317 2473 2407 2533 40,
2444 2472 2524 2525 45.
2557 2501 2612 2511 —
2654 2475 2814 2541 Gaui]

1764 2551 1887 2599 sunt
1911 2547 2234 2610 Gallograeci
2269 2560 2314 2597 s.
2344 2546 2554 2598 Galatae
2578 2550 2813 2600 Deiotari

1766 2623 2002 2672 minoris.
2024 2621 2155 2671 Plut.
2175 2624 2293 2671 Ant.
2316 2622 2397 2671 63.
2419 2626 2541 2672 ante
2559 2636 2811 2686 pugnam:

1766 2695 2031 2761 ἐγένοντο
2054 2692 2116 2745 δὲ
2139 2696 2237 2744 καὶ
2260 2694 2549 2755 βασιλέων
2565 2690 2819 2748 ἀποστά-

1767 2785 1888 2832 σεις
1905 2766 2179 2834 Ἀμύντου
2198 2770 2299 2819 καὶ
2321 2767 2645 2839 Δηϊοτάρου
2670 2767 2817 2842 πρὸς

1766 2844 2052 2913 Καίσαρα.
2091 2843 2220 2894 Veli.
2246 2846 2306 2904 2,
2343 2846 2433 2896 84:
2470 2847 2598 2896 Hinc
2629 2848 2819 2896 adAn-

1766 2920 1957 2969 tonitam
2010 2931 2179 2979 ηοηιο,
2236 2919 2374 2968 illinc
2430 2921 2498 2969 ad
2553 2920 2817 2971 Caesarem

1766 2993 1944 3043 cotidie
1976 2993 2135 3054 aliqui
2183 2992 2597 3055 tramsuqiobant.
2663 2992 2816 3043 «Gal-

1765 3065 1848 3117 los
1889 3067 2008 3117 ideo
2043 3068 2455 3135 commemorat,
2509 3069 2569 3117 ut
2609 3068 2815 3131 pudore

1765 3140 1942 3205 pulset
1996 3142 2203 3191 animos
2270 3142 2652 3201 Romanorum,
2723 3142 2813 3205 qui

1766 3216 1910 3279 passi
1943 3217 2068 3265 sunt
2099 3216 2355 3265 servitute
2390 3228 2450 3265 se
2473 3214 2662 3265 subiici
2695 3228 2817 3279 spa-

1766 3288 2022 3349 donibus,
2071 3288 2126 3338 id
2161 3289 2306 3352 quod
2340 3288 2468 3339 Galli
2502 3292 2627 3340 sunt
2659 3289 2814 3339 dedi-

1765 3363 1958 3426 gnati.»
2015 3363 2184 3413 Coun.
2239 3365 2395 3419 Cano.
2460 3389 2515 3399 -
2566 3364 2811 3429 canentes]

1766 3437 1933 3487 «laeta
1958 3450 2084 3487 cum
2104 3437 2485 3487 acclamatione
2520 3438 2814 3489 identidem

1766 3513 2052 3562 Caesarem
2076 3511 2390 3570 salutantes.
2428 3513 2576 3563 Salvo
2598 3512 2813 3562 Caesar!

1765 3583 2082 3645 clamantes,
2121 3588 2179 3634 ut
2213 3586 2303 3648 qui
2327 3587 2377 3635 in
2401 3587 2516 3636 eius
2538 3585 2705 3636 verba
2727 3587 2813 3635 iu-

1764 3660 1929 3709 raturi
1973 3661 2169 3710 essent.
2234 3661 2375 3722 Virg.
2412 3664 2543 3711 Aen.
2582 3662 2638 3720 7,
2677 3661 2808 3711 698:

1762 3734 1907 3783 Ibant
1939 3734 2144 3795 aequati
2180 3747 2388 3785 nmero
2429 3748 2691 3798 reqemquo
2721 3748 2815 3784 ca—

1764 3809 1960 3859 nebant.

1830 3884 1912 3933 49.
1948 3884 2030 3933 20.
2083 3884 2457 3949 Hostiliumquo]
2508 3886 2644 3935 Cum
2678 3885 2814 3935 baec

1764 3956 2021 4022 particula
2070 3971 2166 4020 que
2219 3959 2482 4009 artissime
2533 3960 2816 4022 iungantur

1765 4045 1888 4082 cum
1925 4030 2191 4083 Gallorum
2227 4032 2524 4083 desectione
2558 4046 2660 4083 nec
2687 4047 2815 4083 ver-

1763 4105 1837 4156 bo
1859 4106 2079 4169 quidem
2112 4108 2335 4170 panicus
2364 4104 2448 4157 ille
2472 4108 2686 4169 reginae
2709 4108 2818 4156 tet*

1765 4193 1857 4230 ror
1897 4180 2249 4244 significetur,
2300 4179 2428 4231 illud
2470 4182 2594 4230 ante
2636 4181 2814 4230 omnia

1766 4255 2059 4306 tenendum
2102 4256 2215 4317 est,
2269 4268 2375 4305 non
2417 4254 2485 4306 de
2536 4253 2813 4318 praecipiti
