3234 4975
1233 321 1349 370 LIB.
1390 321 1449 370 11.
1501 322 1558 371 C.
1597 321 1657 370 X.

2489 315 2613 381 265

786 475 1059 561 Saepius
1104 476 1312 542 ventis
1356 477 1631 563 agitatur
1676 477 1903 562 ingens

781 595 979 661 Pinus
1023 607 1087 662 et
1129 596 1343 663 celsae
1387 598 1683 684 graviore
1727 617 1884 662 casu

2533 595 2613 659 lo

780 716 1098 782 Decidunt
1141 727 1352 783 turres
1397 719 1762 805 feriuntque
1810 739 2095 783 summos

1037 837 1315 925 Fulgura
1359 848 1629 904 montes,

779 996 1010 1083 Sperat
1052 996 1325 1074 infestiS,
1373 997 1599 1063 metuit
1644 997 1950 1064 secundis

569 1148 617 1197 9.
656 1148 865 1197 Suettius
897 1147 933 1197 F
957 1161 987 1197 e
1011 1145 1206 1197 Valarti
1241 1148 1373 1198 Cod.
1407 1148 1632 1198 sorbon.
1660 1149 2079 1212 suspectissimo.
2123 1177 2177 1186 —-
2218 1150 2297 1200 40.
2325 1153 2550 1203 eoecolsae

507 1236 630 1271 cum
664 1222 823 1272 Brod.
862 1222 1121 1285 Cuningh.
1150 1224 1270 1272 San.
1296 1224 1408 1272 Iani
1442 1225 1497 1273 et
1519 1224 1571 1273 F.
1602 1223 1682 1285 (Ut
1704 1236 1832 1284 nos,
1870 1223 2097 1275 BbSTcd
2132 1228 2188 1275 et
2219 1238 2407 1277 omnes
2430 1230 2549 1278 Pot-

507 1296 679 1358 tierii.)
721 1323 776 1332 —
816 1296 895 1346 ⁴2.
933 1297 1167 1346 Fulmina
1202 1299 1299 1347 LtF
1335 1310 1365 1346 e
1402 1298 1570 1349 Codd.
1611 1298 1692 1359 (Ut
1724 1310 1849 1358 nos,
1889 1311 2077 1349 omnes
2102 1300 2290 1359 nostri,
2330 1301 2545 1365 Cruquii

506 1371 561 1419 et
593 1370 863 1432 Pottierii.)
905 1397 960 1407 —
995 1376 1186 1421 montes
1217 1369 1313 1421 litt.
1352 1385 1380 1420 ο
1413 1384 1685 1435 superscr.
1723 1372 1743 1421 i
1775 1373 1832 1423 B.

438 1490 624 1551 sulutem
657 1490 723 1539 ab
756 1504 874 1540 arco
906 1492 1054 1541 vonit.
1115 1493 1362 1542 Attamen
1397 1505 1488 1542 re-
1564 1492 1688 1554 que)
1714 1493 1870 1543 celsae
1890 1520 1966 1530 --
1985 1495 2269 1557 feriuntque
2289 1508 2451 1559 quam
2475 1497 2612 1546 Feae

442 1565 682 1627 cipienda
718 1578 822 1615 non
857 1569 996 1627 erat,
1046 1568 1298 1630 quoniam
1333 1569 1386 1617 in
1421 1580 1487 1616 eo
1562 1560 1878 1616 ἀσύνδετον
1923 1569 2162 1619 melseo.
2218 1596 2273 1606 -
2310 1570 2487 1634 tunes]
2526 1572 2611 1620 Sic

439 1639 587 1702 ipso,
626 1638 770 1701 quod
804 1641 1002 1702 saepius
1034 1655 1062 1690 a
1093 1639 1340 1704 procellis
1364 1655 1490 1691 con·
1562 1643 1741 1691 omnia
1785 1641 2027 1692 aedificia
2074 1642 2175 1693 alta
2212 1646 2267 1693 et
2304 1642 2480 1709 ampla
2512 1658 2613 1695 vo-

441 1714 635 1761 cutitur
684 1726 910 1777 procera
964 1716 1121 1779 pinus
1171 1729 1335 1778 quam
1385 1716 1488 1765 hu-

440 1785 564 1837 mile
614 1786 924 1848 arbustum,
983 1791 1109 1840 satis
1166 1791 1490 1853 significatur

438 1859 580 1911 illam
621 1860 787 1912 multo
829 1865 998 1926 magis
1034 1867 1330 1928 expositam
1364 1878 1485 1915 esse

439 1935 824 1999 pericu10,ne
860 1938 1131 2001 frangatur
1164 1942 1324 2003 atque
1364 1953 1487 2025 era-.-

444 2009 666 2059 dicetur.
706 2011 957 2062 Herodot.
997 2014 1050 2073 7,
1091 2014 1177 2063 ⁴0:
1216 2008 1381 2083 Ὁρᾷς
1415 2008 1486 2063 τὰ

442 2076 794 2152 ὗπερέχοντα
843 2083 962 2148 ζῶα
1010 2081 1090 2149 ὥς
1135 2093 1411 2177 κεραυνοῖ
1451 2083 1486 2137 6

439 2153 577 2220 θεὸς
610 2153 744 2209 οὐδὲ
778 2158 847 2227 ἐᾷ
868 2157 1292 2226 φαντάζεσθαι,
1329 2158 1401 2213 τὰ
1425 2161 1486 2212 δὲ

439 2228 656 2319 σμικρὰ
689 2229 858 2285 οὐδέν
889 2253 991 2300 μιν
1021 2240 1218 2301 κνίζει·
1254 2233 1398 2308 ὁρᾷς
1425 2236 1486 2288 δὲ

438 2301 520 2370 ὦς
553 2324 611 2370 ες
645 2305 939 2375 οἰκήματα
979 2307 1053 2361 τὰ
1092 2314 1336 2379 μέγιστα
1373 2314 1488 2363 αἰεὶ

439 2382 540 2431 καὶ
582 2379 815 2453 δένδρεα
858 2381 930 2434 τὰ
973 2384 1190 2436 τοιαῦτ
1222 2381 1489 2451 ἀποσκή-

439 2471 565 2507 πτει
597 2454 669 2507 τὰ
699 2457 891 2519 βέλεα·
927 2459 1112 2521 φιλέει
1139 2457 1250 2531 γὰρ
1281 2455 1316 2511 6
1351 2459 1489 2524 θεὸς

435 2527 508 2581 τὰ
561 2527 917 2602 ὑπερέχοντα
965 2532 1153 2584 πάντα
1200 2533 1484 2586 κολούειν.

438 2607 665 2657 Lucilius
709 2609 760 2656 in
795 2608 1003 2658 Anthol.
1040 2608 1149 2659 Pal.
1187 2612 1247 2659 11.
1280 2623 1333 2674 p.
1361 2599 1488 2660 3⁴5:

436 2674 518 2731 Οὐ
562 2677 773 2769 θρύον,
840 2675 910 2732 οὗ
955 2678 1230 2748 μαλάχην
1273 2678 1490 2748 ἁνεμός

437 2769 605 2814 ποτε,
641 2751 748 2818 τὰς
768 2753 830 2806 δὲ
850 2758 1125 2823 μεγίστας
1144 2752 1224 2808 Ἢ
1248 2753 1490 2847 ὀρύας*
1450 2776 1487 2824 η

438 2826 764 2893 πλατάνους
811 2827 930 2881 οἶδε
969 2834 1157 2897 χαμαὶ
1195 2829 1483 2900 κατάγειν.

439 2906 587 2956 Conf.
642 2904 820 2956 Babrii
884 2905 989 2957 t'ah.
1050 2907 1134 2958 36.
1209 2909 1490 2960 Maecenas

438 2978 581 3043 apud
603 2981 864 3030 Senecam
887 2982 1020 3045 Epp.
1044 2982 1132 3031 ⁴9:
1156 2983 1383 3033 Fortuna
1406 2989 1490 3034 at-

437 3049 578 3103 tona't
607 3067 819 3104 summa.
880 3058 1163 3106 Praeterea
1205 3070 1256 3107 v.
1293 3059 1491 3109 saevius

438 3128 580 3177 haud
609 3126 834 3179 multum
871 3128 1109 3180 differret
1132 3144 1180 3180 a.
1201 3145 1287 3181 vv.
1307 3134 1489 3196 aravi-

437 3215 524 3251 oro
557 3215 706 3261 casu3
744 3203 823 3253 sic
856 3217 985 3253 vero
1009 3203 1142 3255 duas
1164 3207 1488 3270 percipimus

439 3276 683 3326 notiones
729 3276 1027 3328 distinctas:
1091 3280 1193 3328 «Et
1236 3280 1491 3344 frequen-

429 3350 541 3399 tius
586 3352 640 3399 et
678 3350 1027 3414 periculosius
1069 3355 1385 3417 praecipitat
1437 3356 1489 3405 in

438 3422 722 3474 adversam
739 3424 1003 3475 fortunam
1018 3426 1182 3476 homo
1196 3427 1487 3479 excelsiore

439 3497 556 3547 loco
626 3501 943 3551 constitutus
1001 3513 1163 3563 quam
1221 3501 1488 3553 humilis.»

441 3574 556 3636 (Qui
588 3574 786 3623 saevius
829 3575 1164 3638 praeferunt,
1219 3575 1490 3639 appellare

437 3651 660 3711 possunt
680 3650 842 3698 etiam
860 3650 1034 3698 Front.
1052 3649 1223 3698 Princ.
1247 3650 1376 3700 Hist.
1394 3651 1487 3700 Ed.

438 3722 540 3771 Mai
559 3721 702 3772 4846.
721 3736 775 3786 p.
803 3722 927 3772 230:
952 3723 1176 3785 Profecto
1198 3723 1325 3772 sicut
1347 3724 1495 3773 arbo-

435 3808 555 3843 rum
586 3796 853 3845 altissivnas
883 3797 1297 3846 vehementius
1337 3801 1495 3848 ventis

439 3869 583 3930 quati
613 3870 860 3930 videmus,
897 3872 974 3920 ita
1005 3872 1213 3920 virtutes
1238 3872 1495 3921 maximus

313 3997 330 4005 ⁷
438 3944 632 3992 invidia
662 3946 979 3995 criminosius
1011 3944 1250 4007 incessit.)

505 4018 671 4067 40-42.
697 4018 865 4083 Pinus]
890 4019 977 4069 hic
1002 4032 1217 4084 quoque
1242 4018 1493 4083 pulcher-

440 4094 573 4142 rima
608 4090 696 4142 illa
721 4090 898 4142 italica
921 4085 1299 4157 ἀμφιλαφής,
1335 4094 1488 4143 Pinio.

443 4193 498 4202 -
524 4165 708 4216 Melior
730 4166 925 4231 duplex
963 4168 1204 4219 iunctura
1242 4173 1288 4217 et
1324 4168 1493 4229 (item-

1563 1719 1779 1775 cantur‚
1854 1713 2151 1782 οἰκήματα
2226 1714 2299 1768 τὰ
2365 1721 2614 1786 μέγιστα

1562 1791 1816 1840 Herodot.
1884 1788 1916 1840 l.
1954 1790 1988 1841 l.
2036 1792 2300 1843 Iuvenalis
2343 1794 2432 1852 40,
2488 1794 2610 1844 ⁴05:

1559 1879 1829 1915 amorosa
1874 1866 2100 1927 parabat
2158 1867 2403 1917 Eaecelsae
2456 1869 2616 1917 uenis

1560 1939 1815 2001 tabulata,
1867 1941 2000 1990 unde
2044 1940 2197 1991 αὶιὶον
2228 1946 2349 1991 osset
2381 1942 2537 1992 Casus
2568 1946 2615 1992 ot

1560 2013 1805 2075 impulsae
1852 2028 2097 2077 praeceps
2143 2015 2363 2065 immane
2410 2017 2609 2066 ruinae.

1565 2114 1620 2123 —
1691 2101 1907 2138 summos
1951 2115 1981 2126 -
2026 2090 2242 2153 montes]
2314 2089 2613 2140 «montium

1564 2162 1895 2211 cacumina.»
1954 2165 2162 2213 Lucret.
2202 2164 2260 2223 6,
2298 2163 2420 2214 420:
2467 2164 2613 2214 Alta-

1561 2250 1657 2297 que
1698 2250 1792 2285 cur
1829 2237 2124 2300 plerumque
2162 2239 2285 2299 petit
2335 2239 2447 2288 loca
2492 2239 2614 2301 plu-

1558 2311 1791 2372 rimaquo
1834 2310 1981 2360 huius
2024 2312 2274 2361 Montibus
2315 2313 2369 2361 in
2409 2313 2615 2362 numnis

1561 2385 1770 2447 vestigia
1826 2386 2074 2435 cemimus
2124 2385 2292 2449 tynis?
2349 2413 2404 2423 -
2460 2387 2617 2436 «Ful-

1560 2472 1662 2522 9⁹ur
1693 2459 1907 2523 proprie
1948 2462 2033 2511 est
2073 2457 2328 2524 splendor
2361 2458 2609 2511 fulminis.

1563 2533 1669 2582 Sed
1705 2546 1770 2582 ex
1803 2535 2113 2583 auctoritate
2151 2534 2317 2584 Codd.
2358 2537 2413 2584 et
2437 2536 2616 2584 Hiero-

1563 2607 1715 2669 nymi
1762 2610 1953 2669 quater
2000 2609 2077 2658 sic
2121 2608 2391 2658 afferentis
2434 2622 2486 2658 v.
2511 2609 2616 2670 titl-

1561 2695 1699 2745 qum
1719 2682 2085 2742 retinendum;
2125 2694 2249 2731 nam
2275 2682 2451 2744 fiamu-
2472 2681 2615 2731 idem

1565 2769 1729 2819 saepe
1772 2759 1957 2805 notare
2002 2770 2066 2805 ac
2096 2756 2285 2818 piamen
2319 2754 2463 2819 apud
2498 2756 2617 2804 Vir-

1564 2831 1772 2894 gilium,
1811 2830 2058 2890 Plinium,
2085 2830 2323 2881 Tacitum
2346 2831 2450 2879 cet.
2477 2830 2616 2881 adeo

1565 2907 1751 2956 notum
1787 2908 1894 2965 est,
1933 2907 1992 2955 ut
2013 2903 2268 2969 exemplis
2304 2903 2357 2954 id
2378 2903 2614 2968 probare

1565 2980 1783 3031 minime
1833 2981 1921 3030 hic
1964 2992 2190 3031 necesse
2239 2979 2356 3029 sit.»
2426 2980 2613 3029 Remi..

1562 3055 1797 3106 Fulmina
1846 3054 2082 3105 defendit
2127 3055 2228 3104 Fea
2275 3054 2330 3102 in
2363 3051 2614 3102 auxilium

1563 3132 1751 3180 vocata
1798 3131 2034 3179 Senecae
2079 3131 2265 3191 Agam.
2312 3128 2393 3178 93.
2432 3125 2616 3178 decla-

1565 3206 1789 3255 matoria
1823 3202 2257 3268 amplificatione:
2297 3203 2478 3253 Sidunt
2508 3204 2616 3264 ipso

1555 3280 1779 3341 pondero
1793 3292 1986 3342 magna
1995 3277 2226 3338 caditque
2238 3277 2379 3326 oneri
2388 3278 2616 3326 Fortuna

1562 3367 1653 3403 suo
1664 3366 1682 3412 ,·
1722 3353 1840 3402 Vela
1871 3352 2096 3402 secundis
2125 3352 2307 3415 inflata
2326 3352 2470 3401 Notis
2494 3351 2617 3399 Ven-

1563 3434 1639 3477 tos
1678 3428 1891 3477 nimium
1939 3428 2148 3475 ιόηκισνο
2187 3438 2318 3474 suos.
2388 3424 2614 3474 Nubibus

1561 3503 1684 3563 ipsis
1714 3502 1907 3551 inserta
1938 3505 2091 3562 caput
2126 3500 2298 3548 Turris
2322 3498 2498 3560 pluvio
2517 3511 2614 3547 vu-

1557 3577 1708 3638 pulat
1727 3577 1935 3635 Auum,-
1968 3577 2259 3634 Densa-equo
2279 3585 2453 3622 narnus
2471 3585 2617 3633 spar-

1566 3663 1688 3714 gens
1739 3648 1946 3699 umbras
1992 3648 2196 3697 Annosa
2246 3646 2379 3695 videt
2428 3645 2617 3695 robora

1571 3724 1764 3787 frangi.
1801 3722 2007 3772 Fer-ium
2039 3721 2189 3771 celsos
2217 3719 2431 3781 munina
2452 3719 2613 3780 colles,

1569 3798 1673 3846 cet.

1636 3870 1715 3919 43.
1756 3869 1834 3920 44.
1874 3868 2074 3932 infestis]
2112 3867 2278 3917 Codd.
2316 3867 2516 3930 aliquot
2542 3869 2618 3917 in-

1569 3944 1768 4005 quinati
1805 3946 1928 3993 sunt
1961 3941 2119 4006 gloss.
2158 3942 2394 3991 adversis.
2436 3969 2490 3978 -
2518 3943 2617 3992 Ce-

1568 4018 1746 4066 terum
1801 4030 1888 4066 vv.
1930 4016 2116 4080 infestis
2164 4043 2193 4053 -
2236 4017 2460 4067 secundis
2513 4017 2615 4065 Pe-

1568 4094 1718 4141 trenz
1768 4089 1938 4154 (Ohss.
1990 4091 2042 4140 in
2088 4092 2213 4141 Hor.
2262 4093 2438 4142 Carni.
2487 4089 2610 4152 aliq.

1568 4165 1671 4216 loc.
1710 4159 1900 4216 Gumb.
1941 4164 2106 4229 ⁴846.)
2152 4180 2252 4230 pro
2295 4166 2485 4217 dativis
2515 4165 2616 4214 ha-
