3234 4975
1420 404 1678 455 nomm
1713 404 2048 459 CARmNUM

911 557 1109 624 Nullis
1154 558 1458 645 polluitur
1500 570 1676 626 casta
1720 560 1951 626 domus
1996 563 2274 647 stupris,

914 680 1050 745 Mos
1093 689 1158 745 et
1200 679 1302 746 lex
1349 680 1749 747 maculosum
1792 681 2080 748 edomuit
2121 683 2331 759 nesaS,

912 799 1281 866 Laudantur
1323 800 1512 866 simili
1556 801 1740 888 prole
1785 823 2180 890 puerperae,

1085 920 1353 1007 Culpam
1397 942 1608 1008 poena
1655 924 1886 1008 premit
1928 944 2166 990 comes

915 1080 1075 1159 Quis
1123 1078 1421 1145 Parthum
1472 1091 1734 1167 paveat,

1782 1082 1929 1168 quis
1972 1081 2256 1169 gelidum
2300 1081 2616 1170 Scythen,
2747 1082 2828 1145 25

913 1201 1073 1281 Quis
1117 1201 1460 1268 Germania
1504 1222 1672 1289 quos
1715 1202 1978 1269 horrida
2021 1204 2293 1290 parturit

912 1323 1133 1398 Fetus,
1181 1322 1480 1390 incolumi
1528 1323 1857 1389 Caesare?
1899 1324 2046 1411 quis
2091 1324 2265 1390 ferae

1078 1442 1326 1509 Bellum
1369 1453 1552 1510 curet
1595 1443 1948 1511 Hiberiae?

911 1601 1143 1669 Condit
1188 1602 1468 1689 quisque
1512 1601 1689 1669 diem
1733 1601 2006 1669 collibus
2051 1603 2116 1668 in
2159 1604 2327 1681 suis,

790 1754 871 1803 25.
902 1753 1095 1816 parvm
1125 1754 1180 1803 T.
1224 1781 1277 1789 —
1315 1754 1397 1803 27.
1435 1754 1667 1805 εηεοιοηιι·
1698 1756 1754 1805 Τ.
1797 1780 1853 1790 -
1889 1755 1971 1805 28.
2008 1754 2262 1805 nehemiae
2293 1756 2349 1805 Τ.

724 1883 902 1934 24-24.
938 1886 1116 1935 Moset
1143 1885 1242 1950 lex]
1268 1883 1362 1934 Od.
1389 1885 1446 1947 3,
1482 1885 1571 1946 24,
1609 1886 1700 1937 315:

661 1959 792 2020 Quid
823 1958 951 2021 leges
981 1960 1088 2009 sine
1116 1960 1339 2009 mor-ibas
1376 1960 1546 2010 Vanae
1575 1974 1706 2022 pro—

655 2031 867 2097 ficiunt?
914 2060 969 2069 --
1005 2033 1192 2095 stupris
1234 2033 1303 2083 ad
1348 2032 1604 2084 adulteria
1652 2036 1706 2084 et

659 2106 890 2169 virgines
924 2108 1155 2167 vitiatas,
1191 2108 1501 2158 maculosam
1523 2111 1704 2159 autem

658 2182 802 2246 nefas
835 2181 903 2231 ad
937 2180 1068 2245 legis
1090 2183 1386 2232 Scantiniae
1413 2184 1478 2247 (v.
1511 2184 1704 2233 Baiteri

660 2255 774 2307 lnd.
821 2257 977 2319 Legg.
1026 2257 1136 2307 Cic.
1184 2269 1239 2321 p.
1285 2257 1420 2320 259.)
1472 2258 1704 2309 indicem

658 2329 871 2380 videtur
919 2330 1208 2394 pertinere.
1277 2332 1437 2381 Tacit.
1478 2332 1608 2382 Hist.
1644 2333 1701 2392 4,

659 2405 716 2454 7:
755 2405 979 2454 avaritia
1009 2409 1057 2454 et
1086 2404 1286 2455 libidine
1313 2405 1570 2469 foedasae
1596 2418 1708 2455 ma-

659 2479 870 2529 culosus.
912 2507 968 2515 -
1004 2478 1245 2543 edomuit]
1287 2481 1437 2530 «suis
1476 2477 1701 2543 legibus,

661 2554 935 2615 institutis),
974 2552 1221 2617 exemplo
1255 2566 1476 2618 prorsus
1500 2553 1707 2605 domuit

624 2631 818 2692 ·atque
865 2629 1124 2678 emow't.»
1192 2627 1275 2678 Ad
1314 2641 1364 2678 v.
1401 2641 1561 2679 usum
1606 2628 1700 2678 cfr.

659 2702 810 2753 Ovid.
860 2705 919 2751 A.
969 2704 1028 2752 Α.
1078 2702 1136 2763 3,
1191 2701 1311 2751 443;
1362 2715 1497 2752 nunc
1544 2716 1706 2753 aurea

659 2779 818 2827 Roma
850 2777 1065 2826 Edomiti
1084 2789 1300 2839 mamas
1324 2777 1543 2838 possidet
1574 2777 1707 2826 orbis

658 2865 788 2914 opes.
830 2879 885 2887 —
921 2851 1071 2900 simili
1096 2851 1258 2915 prole]
1296 2853 1406 2902 Iam
1440 2851 1705 2902 Hesiodus

658 2927 718 2975 Ο.
756 2927 812 2975 et
844 2925 906 2974 D.
943 2925 1058 2975 235.
1095 2925 1147 2973 in
1189 2926 1383 2975 ceteris
1427 2926 1705 2977 bominum

659 3001 922 3051 iustorum
942 2999 1193 3062 praemiis
1216 2999 1319 3049 hoc
1336 3012 1552 3064 quoque
1575 3015 1706 3051 enu-

659 3075 859 3124 merat:
897 3072 1202 3124 Τὶκτουσιν
1221 3071 1284 3123 δὲ
1310 3080 1576 3140 γυναῖκες
1597 3074 1707 3125 ἐοι-

658 3145 807 3198 κότα
820 3149 992 3198 τέκνα
1013 3145 1294 3214 γονεῦσιν.
1325 3148 1510 3200 Catull.
1528 3151 1700 3214 Epith.

660 3224 744 3283 64,
769 3222 868 3272 209
890 3235 1042 3286 seqq.
1061 3236 1072 3270 ε
1112 3222 1408 3286 Torquatus,
1430 3224 1562 3286 volo,
1583 3238 1709 3287 par-

658 3298 805 3347 vulas
823 3323 853 3333 —
874 3323 904 3333 -
926 3297 1003 3346 Sit
1032 3310 1122 3347 suo
1149 3298 1325 3348 similis
1351 3300 1492 3361 patri
1512 3300 1705 3350 Manlio

659 3377 708 3423 et
744 3371 895 3436 facile
933 3371 1102 3421 insciis
1130 3373 1412 3423 Noscieetar
1444 3373 1509 3423 ab
1540 3374 1707 3424 omni-

660 3447 775 3508 bus,
827 3447 895 3496 Et
916 3447 1217 3509 pudicitiam
1247 3461 1368 3499 suae
1398 3449 1582 3498 Matris
1623 3449 1706 3497 in-

659 3523 788 3571 dicet
817 3534 919 3571 ore.
961 3548 1016 3558 -
1054 3521 1290 3587 Culpam]
1328 3521 1595 3586 «Culpam
1634 3524 1702 3572 ita

661 3594 909 3646 celeriter
927 3596 1226 3659 insequitur
1245 3610 1445 3661 poena,
1483 3599 1544 3646 ut
1562 3596 1703 3661 pede

660 3669 854 3733 pedem
891 3673 1149 3734 premat.»

723 3744 933 3794 25-28.
985 3744 1212 3808 Scythen]
1260 3744 1354 3794 Od.
1393 3743 1452 3806 3,
1501 3745 1558 3806 8,
1606 3745 1700 3795 23:

658 3820 770 3869 Iam
812 3819 1025 3882 Scythae
1067 3820 1191 3869 lamo
1233 3820 1539 3869 meditantur
1577 3833 1706 3870 arcu

661 3894 840 3944 Cedere
870 3895 1076 3957 campis.
1124 3894 1302 3944 Carm.
1329 3906 1437 3944 sec.
1465 3895 1557 3944 55:
1593 3894 1705 3944 Iam

660 3968 872 4029 Scythae
908 3981 1149 4031 responsa
1187 3972 1380 4032 petant.
1433 3996 1486 4004 —
1532 3968 1705 4017 horri-

660 4043 751 4106 da]
803 4045 860 4093 et
906 4044 1126 4107 propter
1167 4040 1399 4102 caelum,
1452 4043 1701 4093 Romanis

660 4128 791 4166 sane
840 4114 1108 4167 insolitum
1158 4130 1221 4167 ac
1270 4116 1586 4178 molestum,
1645 4119 1705 4167 ut

659 4191 870 4240 Tacitus
904 4192 1080 4241 Germ.
1117 4191 1166 4242 2.
1220 4192 1483 4255 infor-mem
1527 4192 1701 4253 terris,

659 4277 894 4326 asperam
925 4264 1087 4326 caelo,
1133 4267 1322 4315 tristem
1354 4267 1493 4317 malta
1523 4268 1704 4329 adspe-

1778 1889 1985 1945 ctuque,
2033 1888 2196 1948 atque
2231 1886 2357 1949 Cap.
2396 1887 2444 1935 5.
2482 1885 2620 1935 silvis
2661 1889 2827 1939 horri-

1779 1960 1915 2021 dam,
1933 1958 2204 2022 paladibus
2216 1959 2416 2023 foedam
2434 1973 2554 2011 eam
2570 1965 2752 2023 vocat;
2773 1966 2828 2012 et

1779 2034 2000 2097 propter
2042 2046 2300 2097 proceros
2347 2033 2826 2100 formidolososque

1779 2108 1895 2157 eius
1928 2106 2156 2168 incolas,
2191 2110 2251 2157 ut
2283 2108 2450 2171 Epod.
2480 2110 2568 2169 46,
2605 2111 2662 2160 7.
2713 2110 2828 2174 fera

1777 2182 2011 2232 caendea
2052 2183 2330 2232 Germania
2360 2182 2507 2244 pube.
2549 2212 2605 2220 -
2634 2189 2826 2246 parta-

1775 2258 1860 2321 rit]
1892 2258 2094 2307 rariore
2117 2269 2220 2307 usu
2243 2268 2367 2320 pro:
2397 2270 2636 2320 «parere,
2658 2259 2823 2309 edere

1777 2329 1962 2382 solet.»
2002 2330 2106 2380 Cir.
2134 2330 2231 2380 od.
2260 2332 2314 2391 4,
2347 2331 2403 2390 7,
2443 2332 2522 2381 46.
2554 2359 2609 2368 -
2658 2333 2824 2398 Fetus]

1777 2404 2031 2468 grandes,
2085 2408 2268 2455 truces
2312 2407 2473 2469 atque
2521 2406 2822 2468 deformeS,

1779 2479 2149 2544 contemptim,
2176 2477 2339 2530 veluti
2361 2482 2616 2532 monstra.
2649 2481 2821 2534 Manil.

1777 2554 1835 2614 4,
1873 2555 1994 2604 7⁴0:
2051 2556 2216 2604 Flava
2252 2567 2349 2618 per
2396 2556 2616 2619 ingentes
2663 2558 2828 2621 sumit

1778 2629 2057 2679 Germania
2084 2634 2280 2691 partus.
2330 2627 2465 2679 Flor.
2504 2629 2561 2690 3,
2600 2632 2690 2691 40,
2729 2633 2822 2681 ⁴2:

1779 2706 2163 2755 Germanorum
2197 2705 2443 2754 immania
2474 2717 2709 2767 corpora.
2764 2733 2819 2742 -

1774 2779 1931 2843 ferae]
1960 2779 2123 2829 Feros
2145 2780 2305 2827 vocat
2325 2778 2622 2829 Cantabros
2639 2818 2651 2840 ,
2678 2779 2823 2842 quod

1779 2853 1981 2903 tamdiu
2025 2855 2136 2903 tam
2169 2866 2332 2916 saepe
2366 2851 2688 2903 rebellarant
2725 2853 2823 2903 ad-

1780 2940 1967 2978 versus
2026 2928 2291 2977 Romanos
2352 2940 2416 2977 ac
2466 2929 2552 2978 vix
2606 2928 2826 2978 tandem

1779 3002 1984 3052 domari
2019 3003 2306 3064 potuerant
2336 3014 2385 3051 a.
2410 3014 2463 3051 u.
2491 3015 2538 3052 c.
2565 3001 2680 3052 734.
2716 3004 2826 3052 Du-

1775 3090 1893 3126 ram
1912 3078 2068 3126 vocat
2098 3074 2367 3126 Hiberiam
2392 3075 2487 3126 Od.
2514 3075 2570 3137 4,
2612 3075 2701 3138 44,
2738 3078 2821 3126 60.

1842 3150 2052 3201 29-32.
2096 3149 2288 3214 Condit]
2330 3163 2437 3200 non
2477 3152 2588 3200 tam
2632 3150 2824 3200 «condi

1779 3225 1985 3275 cernit»
2001 3262 2013 3284 ,
2041 3236 2230 3286 quam:
2259 3224 2434 3275 «diem
2459 3226 2629 3274 totum
2651 3237 2824 3287 usque

1777 3300 1846 3349 ad
1877 3311 2163 3362 vesperam
2197 3297 2477 3362 tranquillo
2510 3299 2688 3349 animo
2721 3301 2828 3349 tra·

1778 3373 1924 3424 ducit
1965 3373 2018 3422 in
2059 3372 2229 3422 vineis
2272 3372 2382 3422 suis
2425 3385 2603 3436 neque
2645 3372 2827 3422 incur-

1777 3449 1989 3499 sionum
2036 3444 2302 3496 hostilium
2348 3448 2496 3497 metu
2539 3445 2609 3496 ab
2660 3459 2826 3511 opere

1777 3522 1977 3572 rustico
2027 3519 2383 3570 deterretur.»
2440 3521 2579 3582 Virg.
2619 3519 2727 3570 Ecl.
2764 3521 2820 3580 9,

1778 3596 1833 3645 54
1860 3608 1870 3643 :
1907 3607 2055 3656 saepe
2086 3607 2177 3658 eqo
2210 3595 2383 3657 longos
2414 3593 2676 3643 Cantando
2703 3607 2827 3656 pue-

1775 3682 1893 3719 rum
1922 3668 2126 3718 meniini
2157 3681 2239 3718 me
2267 3668 2478 3718 condere
2504 3668 2648 3717 soles,
2691 3666 2820 3719 Plin.

1777 3744 1908 3808 Epp.
1947 3744 2003 3804 9,
2040 3742 2133 3792 36:
2186 3747 2234 3792 et
2266 3743 2825 3805 quamqumnlonqissi-

1775 3832 1888 3868 nm
1905 3818 2008 3868 dies
2027 3819 2124 3867 cito
2144 3817 2390 3866 conatam
2419 3815 2622 3867 Gallim.
2643 3817 2819 3880 Epigr.

1775 3894 1833 3943 2:
1884 3887 2131 3954 ὁσσάκις
2176 3885 2511 3962 ἀμφότερος
2531 3882 2728 3941 ’Ἠλιον
2760 3890 2825 3942 ἐν

1776 3966 1957 4039 λέσχῃ
1990 3962 2402 4031 κατεδύσαμεν.
2445 3994 2500 4002 -
2536 3965 2742 4016 collibus
2769 3966 2825 4015 in

1775 4042 1900 4107 siais]
1937 4040 2190 4093 Consulto
2224 4041 2371 4091 addit
2402 4042 2529 4101 sais,
2566 4043 2626 4089 ut
2658 4041 2823 4103 signi-

1775 4117 1900 4168 ficet
1949 4116 2229 4176 laetitiam,
2287 4129 2393 4180 qua
2443 4114 2673 4179 agricola
2722 4127 2820 4165 sua

1774 4193 2118 4257 possessione
2165 4191 2378 4252 fruitur,
2433 4193 2493 4240 ut
2533 4187 2715 4239 Vellei.
2758 4189 2818 4251 Ξ,

1775 4266 1855 4317 89.
1896 4266 1962 4316 de
1997 4266 2215 4329 Augusti
2250 4267 2448 4316 aetate:
2485 4269 2624 4314 cerea
2644 4264 2826 4325 cuique
