<?xml version="1.0" encoding="UTF-8"?>
<!DOCTYPE html PUBLIC "-//W3C//DTD XHTML 1.0 Transitional//EN"
    "http://www.w3.org/TR/xhtml1/DTD/xhtml1-transitional.dtd">
<html xmlns="http://www.w3.org/1999/xhtml" xml:lang="en" lang="en">
 <head>
  <title>
</title>
<meta http-equiv="Content-Type" content="text/html;charset=utf-8" />
  <meta name='ocr-system' content='tesseract 3.04.00' />
  <meta name='ocr-capabilities' content='ocr_page ocr_carea ocr_par ocr_line ocrx_word'/>
</head>
<body>
  <div class='ocr_page' id='page_1' title='image "./qhoratiusflaccu05baitgoog_0370.png"; bbox 0 0 3234 4975; ppageno 0'>
   <div class='ocr_carea' id='block_1_1' title="bbox 553 2072 1686 2128">
    <p class='ocr_par' dir='ltr' id='par_1_1' title="bbox 553 2072 1686 2128">
     <span class='ocr_line' id='line_1_1' title="bbox 553 2072 1686 2128; baseline 0.001 -1"><span class='ocrx_word' id='word_1_1' title='bbox 553 2072 566 2081; x_wconf 80' lang='lat'>‘</span> <span class='ocrx_word' id='word_1_2' title='bbox 637 2076 706 2127; x_wconf 89' lang='lat' dir='ltr'>ad</span> <span class='ocrx_word' id='word_1_3' title='bbox 742 2075 1024 2126; x_wconf 87' lang='lat' dir='ltr'>imitandas</span> <span class='ocrx_word' id='word_1_4' title='bbox 1058 2077 1322 2127; x_wconf 88' lang='lat' dir='ltr'>maiorum</span> <span class='ocrx_word' id='word_1_5' title='bbox 1350 2078 1571 2128; x_wconf 86' lang='lat' dir='ltr'>virtutes</span> <span class='ocrx_word' id='word_1_6' title='bbox 1595 2091 1686 2128; x_wconf 88' lang='lat' dir='ltr'>ex-</span> 
     </span>
    </p>
   </div>
   <div class='ocr_carea' id='block_1_2' title="bbox 636 381 2031 445">
    <p class='ocr_par' dir='ltr' id='par_1_2' title="bbox 636 381 2031 445">
     <span class='ocr_line' id='line_1_2' title="bbox 636 381 2031 445; baseline -0.009 0"><span class='ocrx_word' id='word_1_7' title='bbox 636 381 763 445; x_wconf 71' lang='lat'>342</span> <span class='ocrx_word' id='word_1_8' title='bbox 1403 384 1657 432; x_wconf 75' lang='lat' dir='ltr'>uoami</span> <span class='ocrx_word' id='word_1_9' title='bbox 1696 384 2031 434; x_wconf 61' lang='lat' dir='ltr'>cuminum</span> 
     </span>
    </p>
   </div>
   <div class='ocr_carea' id='block_1_3' title="bbox 1395 918 2034 983">
    <p class='ocr_par' dir='ltr' id='par_1_3' title="bbox 1395 918 2034 983">
     <span class='ocr_line' id='line_1_3' title="bbox 1395 918 2034 983; baseline -0.003 0"><span class='ocrx_word' id='word_1_10' title='bbox 1395 918 2034 983; x_wconf 64' lang='lat' dir='ltr'>omn:-</span> 
     </span>
    </p>
   </div>
   <div class='ocr_carea' id='block_1_4' title="bbox 967 1089 2170 1398">
    <p class='ocr_par' dir='ltr' id='par_1_4' title="bbox 967 1089 2170 1398">
     <span class='ocr_line' id='line_1_4' title="bbox 971 1089 2170 1177; baseline -0.003 -21"><span class='ocrx_word' id='word_1_11' title='bbox 971 1094 1321 1177; x_wconf 83' lang='lat' dir='ltr'>Angustam</span> <span class='ocrx_word' id='word_1_12' title='bbox 1366 1090 1572 1156; x_wconf 82' lang='lat' dir='ltr'>amice</span> <span class='ocrx_word' id='word_1_13' title='bbox 1617 1089 1998 1176; x_wconf 84' lang='lat' dir='ltr'>pauperiem</span> <span class='ocrx_word' id='word_1_14' title='bbox 2042 1090 2170 1177; x_wconf 90' lang='lat' dir='ltr'>pati</span> 
     </span>
     <span class='ocr_line' id='line_1_5' title="bbox 967 1209 1953 1297; baseline -0.003 -19"><span class='ocrx_word' id='word_1_15' title='bbox 967 1210 1295 1278; x_wconf 85' lang='lat' dir='ltr'>Robustus</span> <span class='ocrx_word' id='word_1_16' title='bbox 1338 1211 1471 1277; x_wconf 90' lang='lat' dir='ltr'>acri</span> <span class='ocrx_word' id='word_1_17' title='bbox 1518 1209 1741 1276; x_wconf 88' lang='lat' dir='ltr'>militia</span> <span class='ocrx_word' id='word_1_18' title='bbox 1786 1230 1953 1297; x_wconf 88' lang='lat' dir='ltr'>puer</span> 
     </span>
     <span class='ocr_line' id='line_1_6' title="bbox 1057 1329 2110 1398; baseline -0.001 -1"><span class='ocrx_word' id='word_1_19' title='bbox 1057 1330 1400 1398; x_wconf 85' lang='lat' dir='ltr'>Condiscat</span> <span class='ocrx_word' id='word_1_20' title='bbox 1442 1341 1507 1396; x_wconf 92' lang='lat' dir='ltr'>et</span> <span class='ocrx_word' id='word_1_21' title='bbox 1545 1329 1815 1397; x_wconf 88' lang='lat' dir='ltr'>Parthos</span> <span class='ocrx_word' id='word_1_22' title='bbox 1859 1331 2110 1398; x_wconf 81' lang='lat' dir='ltr'>feroces</span> 
     </span>
    </p>
   </div>
   <div class='ocr_carea' id='block_1_5' title="bbox 696 1526 2742 1823">
    <p class='ocr_par' dir='ltr' id='par_1_5' title="bbox 696 1526 2742 1823">
     <span class='ocr_line' id='line_1_7' title="bbox 768 1526 2742 1592; baseline 0.002 -13"><span class='ocrx_word' id='word_1_23' title='bbox 768 1531 829 1579; x_wconf 87' lang='lat'>11.</span> <span class='ocrx_word' id='word_1_24' title='bbox 868 1530 1032 1580; x_wconf 79' lang='lat' dir='ltr'>inser.</span> <span class='ocrx_word' id='word_1_25' title='bbox 1059 1526 1198 1592; x_wconf 80' lang='lat' dir='ltr'>volg.</span> <span class='ocrx_word' id='word_1_26' title='bbox 1234 1530 1311 1579; x_wconf 72' lang='lat' dir='ltr'>Aa</span> <span class='ocrx_word' id='word_1_27' title='bbox 1335 1529 1519 1591; x_wconf 72' lang='lat' dir='ltr'>pubem</span> <span class='ocrx_word' id='word_1_28' title='bbox 1549 1531 1846 1580; x_wconf 74' lang='lat' dir='ltr'>Romanam.</span> <span class='ocrx_word' id='word_1_29' title='bbox 1879 1557 1933 1567; x_wconf 89' lang='lat'><em>-</em></span> <span class='ocrx_word' id='word_1_30' title='bbox 1958 1531 2036 1581; x_wconf 73' lang='lat' dir='ltr'>Aa</span> <span class='ocrx_word' id='word_1_31' title='bbox 2066 1533 2255 1582; x_wconf 74' lang='lat' dir='ltr'>amicos</span> <span class='ocrx_word' id='word_1_32' title='bbox 2285 1533 2383 1583; x_wconf 87' lang='lat' dir='ltr'>BT.</span> <span class='ocrx_word' id='word_1_33' title='bbox 2422 1559 2478 1570; x_wconf 89' lang='lat'>—</span> <span class='ocrx_word' id='word_1_34' title='bbox 2517 1533 2595 1582; x_wconf 74' lang='lat' dir='ltr'>Aa</span> <span class='ocrx_word' id='word_1_35' title='bbox 2615 1534 2742 1583; x_wconf 70' lang='lat' dir='ltr'>mni-</span> 
     </span>
     <span class='ocr_line' id='line_1_8' title="bbox 696 1605 2732 1671; baseline 0.002 -18"><span class='ocrx_word' id='word_1_36' title='bbox 696 1617 778 1653; x_wconf 76' lang='lat' dir='ltr'>cos</span> <span class='ocrx_word' id='word_1_37' title='bbox 798 1605 1100 1667; x_wconf 71' lang='lat' dir='ltr'>qencraliter</span> <span class='ocrx_word' id='word_1_38' title='bbox 1116 1605 1166 1653; x_wconf 90' lang='lat' dir='ltr'>S.</span> <span class='ocrx_word' id='word_1_39' title='bbox 1193 1630 1249 1640; x_wconf 93' lang='lat'>—</span> <span class='ocrx_word' id='word_1_40' title='bbox 1276 1605 1354 1653; x_wconf 81' lang='lat' dir='ltr'>De</span> <span class='ocrx_word' id='word_1_41' title='bbox 1376 1605 1681 1654; x_wconf 67' lang='lat' dir='ltr'>instinctione</span> <span class='ocrx_word' id='word_1_42' title='bbox 1702 1605 1771 1653; x_wconf 87' lang='lat' dir='ltr'>ad</span> <span class='ocrx_word' id='word_1_43' title='bbox 1791 1605 1980 1654; x_wconf 63' lang='lat' dir='ltr'>amcos</span> <span class='ocrx_word' id='word_1_44' title='bbox 1997 1605 2221 1667; x_wconf 67' lang='lat' dir='ltr'>loquitur</span> <span class='ocrx_word' id='word_1_45' title='bbox 2242 1620 2273 1656; x_wconf 89' lang='lat' dir='ltr'>c</span> <span class='ocrx_word' id='word_1_46' title='bbox 2297 1606 2369 1669; x_wconf 84' lang='lat' dir='ltr'>(et</span> <span class='ocrx_word' id='word_1_47' title='bbox 2389 1605 2427 1656; x_wconf 99' lang='lat' dir='ltr'>b</span> <span class='ocrx_word' id='word_1_48' title='bbox 2450 1607 2504 1657; x_wconf 85' lang='lat' dir='ltr'>in</span> <span class='ocrx_word' id='word_1_49' title='bbox 2526 1609 2732 1671; x_wconf 82' lang='lat' dir='ltr'>marg.).</span> 
     </span>
     <span class='ocr_line' id='line_1_9' title="bbox 705 1677 2741 1745; baseline 0.002 -19"><span class='ocrx_word' id='word_1_50' title='bbox 705 1705 760 1714; x_wconf 88' lang='lat'>--</span> <span class='ocrx_word' id='word_1_51' title='bbox 801 1678 848 1727; x_wconf 92' lang='grc'>4.</span> <span class='ocrx_word' id='word_1_52' title='bbox 885 1679 1037 1728; x_wconf 77' lang='lat' dir='ltr'>amici</span> <span class='ocrx_word' id='word_1_53' title='bbox 1071 1678 1133 1728; x_wconf 89' lang='lat' dir='ltr'>Lt</span> <span class='ocrx_word' id='word_1_54' title='bbox 1167 1680 1221 1727; x_wconf 87' lang='lat' dir='ltr'>et</span> <span class='ocrx_word' id='word_1_55' title='bbox 1255 1691 1322 1728; x_wconf 83' lang='lat' dir='ltr'>ex</span> <span class='ocrx_word' id='word_1_56' title='bbox 1354 1677 1567 1729; x_wconf 87' lang='lat' dir='ltr'>duobus</span> <span class='ocrx_word' id='word_1_57' title='bbox 1601 1677 1877 1729; x_wconf 89' lang='lat' dir='ltr'>Pulmanni</span> <span class='ocrx_word' id='word_1_58' title='bbox 1911 1678 2080 1730; x_wconf 88' lang='lat' dir='ltr'>Bentl.</span> <span class='ocrx_word' id='word_1_59' title='bbox 2120 1681 2246 1742; x_wconf 77' lang='lat' dir='ltr'>Mei,</span> <span class='ocrx_word' id='word_1_60' title='bbox 2284 1681 2504 1745; x_wconf 89' lang='lat' dir='ltr'>Cruquii</span> <span class='ocrx_word' id='word_1_61' title='bbox 2538 1683 2593 1731; x_wconf 87' lang='lat' dir='ltr'>et</span> <span class='ocrx_word' id='word_1_62' title='bbox 2623 1684 2741 1732; x_wconf 84' lang='lat' dir='ltr'>Pot—</span> 
     </span>
     <span class='ocr_line' id='line_1_10' title="bbox 698 1752 1756 1823; baseline -0.001 -21"><span class='ocrx_word' id='word_1_63' title='bbox 698 1752 835 1803; x_wconf 84' lang='lat' dir='ltr'>tierii</span> <span class='ocrx_word' id='word_1_64' title='bbox 868 1765 1058 1805; x_wconf 85' lang='lat' dir='ltr'>omnes</span> <span class='ocrx_word' id='word_1_65' title='bbox 1092 1754 1267 1803; x_wconf 77' lang='lat' dir='ltr'>amice.</span> <span class='ocrx_word' id='word_1_66' title='bbox 1311 1780 1365 1823; x_wconf 73' lang='lat'>-,</span> <span class='ocrx_word' id='word_1_67' title='bbox 1404 1752 1451 1802; x_wconf 87' lang='lat'>3.</span> <span class='ocrx_word' id='word_1_68' title='bbox 1487 1753 1668 1816; x_wconf 73' lang='lat' dir='ltr'>ferocis</span> <span class='ocrx_word' id='word_1_69' title='bbox 1698 1754 1756 1803; x_wconf 90' lang='lat' dir='ltr'>B.</span> 
     </span>
    </p>
   </div>
   <div class='ocr_carea' id='block_1_6' title="bbox 633 1927 2807 2218">
    <p class='ocr_par' dir='ltr' id='par_1_6' title="bbox 633 1927 2807 2218">
     <span class='ocr_line' id='line_1_11' title="bbox 699 1927 2799 1996; baseline 0.002 -18"><span class='ocrx_word' id='word_1_70' title='bbox 699 1930 761 1978; x_wconf 92' lang='lat'>11.</span> <span class='ocrx_word' id='word_1_71' title='bbox 823 1929 935 1979; x_wconf 84' lang='lat' dir='ltr'>Hoc</span> <span class='ocrx_word' id='word_1_72' title='bbox 986 1941 1202 1992; x_wconf 87' lang='lat' dir='ltr'>quoque</span> <span class='ocrx_word' id='word_1_73' title='bbox 1252 1930 1489 1979; x_wconf 82' lang='lat' dir='ltr'>carmine</span> <span class='ocrx_word' id='word_1_74' title='bbox 1537 1945 1684 1995; x_wconf 75' lang='grc' dir='ltr'><em>γνω-</em></span> <span class='ocrx_word' id='word_1_75' title='bbox 1714 1927 1724 1987; x_wconf 90' lang='grc' dir='ltr'>Ι</span> <span class='ocrx_word' id='word_1_76' title='bbox 1757 1932 1857 1980; x_wconf 82' lang='lat' dir='ltr'>Att.</span> <span class='ocrx_word' id='word_1_77' title='bbox 1885 1931 1941 1992; x_wconf 86' lang='lat'>6,</span> <span class='ocrx_word' id='word_1_78' title='bbox 1970 1932 2025 1993; x_wconf 82' lang='grc'>4,</span> <span class='ocrx_word' id='word_1_79' title='bbox 2052 1931 2120 1995; x_wconf 87' lang='grc'>3.)</span> <span class='ocrx_word' id='word_1_80' title='bbox 2143 1932 2407 1983; x_wconf 77' lang='lat' dir='ltr'>clementor</span> <span class='ocrx_word' id='word_1_81' title='bbox 2435 1933 2570 1996; x_wconf 75' lang='lat' dir='ltr'>fem</span> <span class='ocrx_word' id='word_1_82' title='bbox 2590 1934 2799 1996; x_wconf 68' lang='lat' dir='ltr'>aliquid.</span> 
     </span>
     <span class='ocr_line' id='line_1_12' title="bbox 633 1998 2807 2071; baseline 0.002 -18"><span class='ocrx_word' id='word_1_83' title='bbox 633 1998 814 2069; x_wconf 79' lang='grc' dir='ltr'><em>μικῷ,</em></span> <span class='ocrx_word' id='word_1_84' title='bbox 863 2015 991 2052; x_wconf 87' lang='lat' dir='ltr'>vere</span> <span class='ocrx_word' id='word_1_85' title='bbox 1033 2003 1296 2064; x_wconf 84' lang='lat' dir='ltr'>Romano,</span> <span class='ocrx_word' id='word_1_86' title='bbox 1350 2004 1683 2065; x_wconf 77' lang='lat' dir='ltr'>iuventutem</span> <span class='ocrx_word' id='word_1_87' title='bbox 1754 2004 2024 2057; x_wconf 87' lang='lat' dir='ltr'>Weberus</span> <span class='ocrx_word' id='word_1_88' title='bbox 2080 2020 2236 2059; x_wconf 88' lang='lat' dir='ltr'>meus</span> <span class='ocrx_word' id='word_1_89' title='bbox 2288 2020 2524 2071; x_wconf 86' lang='lat' dir='ltr'>eumque</span> <span class='ocrx_word' id='word_1_90' title='bbox 2588 2011 2807 2058; x_wconf 84' lang='lat' dir='ltr'>secutus</span> 
     </span>
     <span class='ocr_line' id='line_1_13' title="bbox 1757 2078 2805 2145; baseline 0.003 -16"><span class='ocrx_word' id='word_1_91' title='bbox 1757 2078 1968 2129; x_wconf 80' lang='lat' dir='ltr'>Liibker</span> <span class='ocrx_word' id='word_1_92' title='bbox 1989 2081 2068 2131; x_wconf 89' lang='lat' dir='ltr'>sic</span> <span class='ocrx_word' id='word_1_93' title='bbox 2097 2078 2391 2145; x_wconf 85' lang='lat' dir='ltr'>explicant:</span> <span class='ocrx_word' id='word_1_94' title='bbox 2432 2079 2706 2145; x_wconf 72' lang='grc' dir='ltr'>«φιλικῶς</span> <span class='ocrx_word' id='word_1_95' title='bbox 2736 2082 2805 2132; x_wconf 89' lang='lat' dir='ltr'>ad</span> 
     </span>
     <span class='ocr_line' id='line_1_14' title="bbox 1756 2152 2807 2218; baseline 0.004 -16"><span class='ocrx_word' id='word_1_96' title='bbox 1756 2152 1981 2204; x_wconf 88' lang='lat' dir='ltr'>modum</span> <span class='ocrx_word' id='word_1_97' title='bbox 2042 2154 2271 2205; x_wconf 89' lang='lat' dir='ltr'>heroum</span> <span class='ocrx_word' id='word_1_98' title='bbox 2335 2153 2544 2206; x_wconf 89' lang='lat' dir='ltr'>illorum</span> <span class='ocrx_word' id='word_1_99' title='bbox 2592 2155 2807 2218; x_wconf 81' lang='lat' dir='ltr'>frugalis</span> 
     </span>
    </p>
   </div>
   <div class='ocr_carea' id='block_1_7' title="bbox 1756 2228 2819 2355">
    <p class='ocr_par' dir='ltr' id='par_1_7' title="bbox 1756 2228 2819 2355">
     <span class='ocr_line' id='line_1_15' title="bbox 1756 2228 2819 2296; baseline 0.006 -21"><span class='ocrx_word' id='word_1_100' title='bbox 1756 2228 1897 2287; x_wconf 88' lang='lat' dir='ltr'>aevi,</span> <span class='ocrx_word' id='word_1_101' title='bbox 1972 2229 2062 2291; x_wconf 86' lang='lat' dir='ltr'>qui</span> <span class='ocrx_word' id='word_1_102' title='bbox 2110 2231 2482 2293; x_wconf 75' lang='lat' dir='ltr'>paupertatem</span> <span class='ocrx_word' id='word_1_103' title='bbox 2530 2232 2819 2296; x_wconf 60' lang='lat' dir='ltr'>tamquam,</span> 
     </span>
     <span class='ocr_line' id='line_1_16' title="bbox 1756 2302 2805 2355; baseline 0.002 -4"><span class='ocrx_word' id='word_1_104' title='bbox 1756 2314 1938 2351; x_wconf 87' lang='lat' dir='ltr'>caram</span> <span class='ocrx_word' id='word_1_105' title='bbox 1952 2302 2144 2352; x_wconf 87' lang='lat' dir='ltr'>domus</span> <span class='ocrx_word' id='word_1_106' title='bbox 2163 2305 2465 2353; x_wconf 85' lang='lat' dir='ltr'>consortem</span> <span class='ocrx_word' id='word_1_107' title='bbox 2484 2303 2805 2355; x_wconf 74' lang='lat' dir='ltr'>habebant.»</span> 
     </span>
    </p>
   </div>
   <div class='ocr_carea' id='block_1_8' title="bbox 636 2150 1687 2364">
    <p class='ocr_par' dir='ltr' id='par_1_8' title="bbox 636 2150 1687 2364">
     <span class='ocr_line' id='line_1_17' title="bbox 638 2150 1684 2214; baseline 0.003 -14"><span class='ocrx_word' id='word_1_108' title='bbox 638 2151 896 2200; x_wconf 76' lang='lat' dir='ltr'><strong>hortatur.</strong></span> <span class='ocrx_word' id='word_1_109' title='bbox 968 2151 1144 2200; x_wconf 89' lang='lat' dir='ltr'>Primo</span> <span class='ocrx_word' id='word_1_110' title='bbox 1178 2151 1335 2214; x_wconf 83' lang='lat' dir='ltr'>igitur</span> <span class='ocrx_word' id='word_1_111' title='bbox 1374 2150 1492 2202; x_wconf 91' lang='lat' dir='ltr'>loco</span> <span class='ocrx_word' id='word_1_112' title='bbox 1531 2166 1684 2203; x_wconf 89' lang='lat' dir='ltr'>com-</span> 
     </span>
     <span class='ocr_line' id='line_1_18' title="bbox 636 2224 1687 2291; baseline 0.003 -15"><span class='ocrx_word' id='word_1_113' title='bbox 636 2225 857 2277; x_wconf 86' lang='lat' dir='ltr'>mendat</span> <span class='ocrx_word' id='word_1_114' title='bbox 886 2225 1138 2275; x_wconf 79' lang='lat' dir='ltr'>virtutem</span> <span class='ocrx_word' id='word_1_115' title='bbox 1161 2224 1424 2289; x_wconf 87' lang='lat' dir='ltr'>bellicam,</span> <span class='ocrx_word' id='word_1_116' title='bbox 1462 2240 1567 2291; x_wconf 88' lang='lat' dir='ltr'>qua</span> <span class='ocrx_word' id='word_1_117' title='bbox 1589 2229 1687 2279; x_wconf 88' lang='lat' dir='ltr'>ho·</span> 
     </span>
     <span class='ocr_line' id='line_1_19' title="bbox 637 2299 1686 2364; baseline 0.002 -13"><span class='ocrx_word' id='word_1_118' title='bbox 637 2302 748 2351; x_wconf 88' lang='lat' dir='ltr'>stes</span> <span class='ocrx_word' id='word_1_119' title='bbox 782 2299 1091 2360; x_wconf 88' lang='lat' dir='ltr'>devincant,</span> <span class='ocrx_word' id='word_1_120' title='bbox 1128 2301 1354 2364; x_wconf 88' lang='lat' dir='ltr'>patriam</span> <span class='ocrx_word' id='word_1_121' title='bbox 1383 2303 1686 2353; x_wconf 85' lang='lat' dir='ltr'>custodiant</span> 
     </span>
    </p>
   </div>
   <div class='ocr_carea' id='block_1_9' title="bbox 635 2373 1697 3777">
    <p class='ocr_par' dir='ltr' id='par_1_9' title="bbox 635 2373 1697 3777">
     <span class='ocr_line' id='line_1_20' title="bbox 636 2373 1684 2439; baseline 0.003 -13"><span class='ocrx_word' id='word_1_122' title='bbox 636 2377 922 2439; x_wconf 85' lang='lat' dir='ltr'>spretaque</span> <span class='ocrx_word' id='word_1_123' title='bbox 955 2373 1152 2438; x_wconf 83' lang='lat' dir='ltr'>volgari</span> <span class='ocrx_word' id='word_1_124' title='bbox 1186 2374 1475 2426; x_wconf 81' lang='lat' dir='ltr'>ambitione</span> <span class='ocrx_word' id='word_1_125' title='bbox 1497 2392 1684 2428; x_wconf 81' lang='lat' dir='ltr'>veram</span> 
     </span>
     <span class='ocr_line' id='line_1_21' title="bbox 638 2448 1687 2514; baseline 0.003 -14"><span class='ocrx_word' id='word_1_126' title='bbox 638 2448 860 2514; x_wconf 80' lang='lat' dir='ltr'>gloriam</span> <span class='ocrx_word' id='word_1_127' title='bbox 916 2449 1017 2501; x_wconf 87' lang='lat' dir='ltr'>sibi</span> <span class='ocrx_word' id='word_1_128' title='bbox 1071 2451 1289 2514; x_wconf 86' lang='lat' dir='ltr'>parent;</span> <span class='ocrx_word' id='word_1_129' title='bbox 1349 2450 1571 2513; x_wconf 89' lang='lat' dir='ltr'>deinde,</span> <span class='ocrx_word' id='word_1_130' title='bbox 1625 2456 1687 2504; x_wconf 91' lang='lat' dir='ltr'>ut</span> 
     </span>
     <span class='ocr_line' id='line_1_22' title="bbox 638 2524 1687 2587; baseline 0.005 -14"><span class='ocrx_word' id='word_1_131' title='bbox 638 2524 892 2587; x_wconf 84' lang='lat' dir='ltr'>pietatem</span> <span class='ocrx_word' id='word_1_132' title='bbox 916 2537 1038 2586; x_wconf 84' lang='lat' dir='ltr'>erga</span> <span class='ocrx_word' id='word_1_133' title='bbox 1065 2524 1199 2575; x_wconf 87' lang='lat' dir='ltr'>deos</span> <span class='ocrx_word' id='word_1_134' title='bbox 1220 2525 1548 2578; x_wconf 86' lang='lat' dir='ltr'>immortales</span> <span class='ocrx_word' id='word_1_135' title='bbox 1571 2528 1687 2579; x_wconf 90' lang='lat' dir='ltr'>iun-</span> 
     </span>
     <span class='ocr_line' id='line_1_23' title="bbox 639 2600 1685 2663; baseline 0.005 -15"><span class='ocrx_word' id='word_1_136' title='bbox 639 2601 781 2648; x_wconf 86' lang='lat' dir='ltr'>ctam</span> <span class='ocrx_word' id='word_1_137' title='bbox 833 2610 1050 2663; x_wconf 84' lang='lat' dir='ltr'>semper</span> <span class='ocrx_word' id='word_1_138' title='bbox 1100 2609 1222 2650; x_wconf 91' lang='lat' dir='ltr'>cum</span> <span class='ocrx_word' id='word_1_139' title='bbox 1274 2600 1380 2651; x_wconf 84' lang='lat' dir='ltr'>fide</span> <span class='ocrx_word' id='word_1_140' title='bbox 1423 2600 1685 2654; x_wconf 82' lang='lat' dir='ltr'>adversus</span> 
     </span>
     <span class='ocr_line' id='line_1_24' title="bbox 635 2671 1686 2737; baseline 0.006 -15"><span class='ocrx_word' id='word_1_141' title='bbox 635 2672 884 2728; x_wconf 88' lang='lat' dir='ltr'>homines</span> <span class='ocrx_word' id='word_1_142' title='bbox 934 2671 1141 2734; x_wconf 89' lang='lat' dir='ltr'>colant,</span> <span class='ocrx_word' id='word_1_143' title='bbox 1209 2675 1432 2737; x_wconf 86' lang='lat' dir='ltr'>suadet,</span> <span class='ocrx_word' id='word_1_144' title='bbox 1509 2679 1686 2728; x_wconf 87' lang='lat' dir='ltr'>certas</span> 
     </span>
     <span class='ocr_line' id='line_1_25' title="bbox 637 2745 1687 2812; baseline 0.007 -16"><span class='ocrx_word' id='word_1_145' title='bbox 637 2745 828 2797; x_wconf 87' lang='lat' dir='ltr'>sceleri</span> <span class='ocrx_word' id='word_1_146' title='bbox 860 2761 1062 2812; x_wconf 87' lang='lat' dir='ltr'>poenas</span> <span class='ocrx_word' id='word_1_147' title='bbox 1095 2749 1385 2801; x_wconf 86' lang='lat' dir='ltr'>destinatas</span> <span class='ocrx_word' id='word_1_148' title='bbox 1420 2765 1541 2803; x_wconf 88' lang='lat' dir='ltr'>esse</span> <span class='ocrx_word' id='word_1_149' title='bbox 1565 2766 1687 2802; x_wconf 88' lang='lat' dir='ltr'>mo-</span> 
     </span>
     <span class='ocr_line' id='line_1_26' title="bbox 637 2820 1686 2888; baseline 0.006 -18"><span class='ocrx_word' id='word_1_150' title='bbox 637 2833 790 2871; x_wconf 90' lang='lat' dir='ltr'>nens.</span> <span class='ocrx_word' id='word_1_151' title='bbox 861 2821 947 2871; x_wconf 87' lang='lat' dir='ltr'>Sic</span> <span class='ocrx_word' id='word_1_152' title='bbox 996 2820 1131 2872; x_wconf 88' lang='lat' dir='ltr'>duas</span> <span class='ocrx_word' id='word_1_153' title='bbox 1178 2825 1496 2888; x_wconf 86' lang='lat' dir='ltr'>praecipuas</span> <span class='ocrx_word' id='word_1_154' title='bbox 1545 2827 1686 2876; x_wconf 81' lang='lat' dir='ltr'>vitae</span> 
     </span>
     <span class='ocr_line' id='line_1_27' title="bbox 639 2893 1690 2961; baseline 0.005 -15"><span class='ocrx_word' id='word_1_155' title='bbox 639 2893 805 2946; x_wconf 84' lang='lat' dir='ltr'>civilis</span> <span class='ocrx_word' id='word_1_156' title='bbox 827 2897 1007 2958; x_wconf 86' lang='lat' dir='ltr'>partes</span> <span class='ocrx_word' id='word_1_157' title='bbox 1030 2894 1227 2946; x_wconf 84' lang='lat' dir='ltr'>extollit</span> <span class='ocrx_word' id='word_1_158' title='bbox 1249 2901 1409 2961; x_wconf 87' lang='lat' dir='ltr'>atque</span> <span class='ocrx_word' id='word_1_159' title='bbox 1435 2913 1690 2950; x_wconf 85' lang='lat' dir='ltr'>exercen-</span> 
     </span>
     <span class='ocr_line' id='line_1_28' title="bbox 650 2969 1691 3039; baseline 0.006 -20"><span class='ocrx_word' id='word_1_160' title='bbox 650 2969 747 3020; x_wconf 84' lang='lat' dir='ltr'>das</span> <span class='ocrx_word' id='word_1_161' title='bbox 781 2970 1147 3031; x_wconf 79' lang='lat' dir='ltr'>commendat,</span> <span class='ocrx_word' id='word_1_162' title='bbox 1198 2972 1449 3024; x_wconf 79' lang='lat' dir='ltr'>virtutem</span> <span class='ocrx_word' id='word_1_163' title='bbox 1489 2977 1544 3024; x_wconf 88' lang='lat' dir='ltr'>et</span> <span class='ocrx_word' id='word_1_164' title='bbox 1576 2976 1691 3039; x_wconf 91' lang='lat' dir='ltr'>pie-</span> 
     </span>
     <span class='ocr_line' id='line_1_29' title="bbox 643 3043 1689 3107; baseline 0.008 -15"><span class='ocrx_word' id='word_1_165' title='bbox 643 3044 825 3092; x_wconf 87' lang='lat' dir='ltr'>tatem.</span> <span class='ocrx_word' id='word_1_166' title='bbox 897 3043 991 3107; x_wconf 90' lang='lat' dir='ltr'>(De</span> <span class='ocrx_word' id='word_1_167' title='bbox 1048 3047 1196 3094; x_wconf 86' lang='lat' dir='ltr'>recte</span> <span class='ocrx_word' id='word_1_168' title='bbox 1259 3046 1689 3100; x_wconf 79' lang='lat' dir='ltr'>administrandis</span> 
     </span>
     <span class='ocr_line' id='line_1_30' title="bbox 641 3115 1693 3185; baseline 0.008 -20"><span class='ocrx_word' id='word_1_169' title='bbox 641 3115 956 3167; x_wconf 87' lang='lat' dir='ltr'>muneribus</span> <span class='ocrx_word' id='word_1_170' title='bbox 979 3117 1206 3182; x_wconf 90' lang='lat' dir='ltr'>publicis</span> <span class='ocrx_word' id='word_1_171' title='bbox 1228 3132 1334 3170; x_wconf 90' lang='lat' dir='ltr'>nou</span> <span class='ocrx_word' id='word_1_172' title='bbox 1356 3119 1605 3185; x_wconf 86' lang='lat' dir='ltr'>loquitur,</span> <span class='ocrx_word' id='word_1_173' title='bbox 1632 3126 1693 3173; x_wconf 91' lang='lat' dir='ltr'>ut</span> 
     </span>
     <span class='ocr_line' id='line_1_31' title="bbox 644 3189 1687 3252; baseline 0.006 -11"><span class='ocrx_word' id='word_1_174' title='bbox 644 3189 891 3241; x_wconf 82' lang='lat' dir='ltr'>Liibkero</span> <span class='ocrx_word' id='word_1_175' title='bbox 907 3192 1080 3244; x_wconf 86' lang='lat' dir='ltr'>visum</span> <span class='ocrx_word' id='word_1_176' title='bbox 1100 3195 1205 3252; x_wconf 79' lang='lat' dir='ltr'>est3</span> <span class='ocrx_word' id='word_1_177' title='bbox 1239 3207 1365 3244; x_wconf 91' lang='lat' dir='ltr'>nam</span> <span class='ocrx_word' id='word_1_178' title='bbox 1378 3196 1687 3247; x_wconf 73' lang='lat' dir='ltr'><strong>vv.⁴7-24.</strong></span> 
     </span>
     <span class='ocr_line' id='line_1_32' title="bbox 645 3266 1695 3332; baseline 0.005 -16"><span class='ocrx_word' id='word_1_179' title='bbox 645 3279 676 3316; x_wconf 91' lang='lat' dir='ltr'>a</span> <span class='ocrx_word' id='word_1_180' title='bbox 707 3278 875 3330; x_wconf 84' lang='lat' dir='ltr'>pravo</span> <span class='ocrx_word' id='word_1_181' title='bbox 908 3278 1071 3316; x_wconf 88' lang='lat' dir='ltr'>aurae</span> <span class='ocrx_word' id='word_1_182' title='bbox 1105 3266 1375 3332; x_wconf 86' lang='lat' dir='ltr'>popularis</span> <span class='ocrx_word' id='word_1_183' title='bbox 1399 3269 1573 3320; x_wconf 88' lang='lat' dir='ltr'>studio</span> <span class='ocrx_word' id='word_1_184' title='bbox 1599 3271 1695 3322; x_wconf 88' lang='lat' dir='ltr'>de-</span> 
     </span>
     <span class='ocr_line' id='line_1_33' title="bbox 641 3339 1692 3405; baseline 0.006 -15"><span class='ocrx_word' id='word_1_185' title='bbox 641 3339 983 3405; x_wconf 87' lang='lat' dir='ltr'>hortatur.)—</span> <span class='ocrx_word' id='word_1_186' title='bbox 1002 3341 1309 3405; x_wconf 80' lang='lat' dir='ltr'>Suspicatus</span> <span class='ocrx_word' id='word_1_187' title='bbox 1323 3345 1407 3393; x_wconf 87' lang='lat' dir='ltr'>est</span> <span class='ocrx_word' id='word_1_188' title='bbox 1423 3356 1692 3396; x_wconf 89' lang='lat' dir='ltr'>nonnemo</span> 
     </span>
     <span class='ocr_line' id='line_1_34' title="bbox 644 3414 1691 3481; baseline 0.006 -16"><span class='ocrx_word' id='word_1_189' title='bbox 644 3415 747 3465; x_wconf 87' lang='lat' dir='ltr'>hoc</span> <span class='ocrx_word' id='word_1_190' title='bbox 782 3427 998 3466; x_wconf 88' lang='lat' dir='ltr'>carmen</span> <span class='ocrx_word' id='word_1_191' title='bbox 1032 3417 1084 3465; x_wconf 90' lang='lat' dir='ltr'>in</span> <span class='ocrx_word' id='word_1_192' title='bbox 1120 3414 1405 3477; x_wconf 85' lang='lat' dir='ltr'>Liberalia,</span> <span class='ocrx_word' id='word_1_193' title='bbox 1464 3431 1570 3481; x_wconf 87' lang='lat' dir='ltr'>quo</span> <span class='ocrx_word' id='word_1_194' title='bbox 1605 3419 1691 3471; x_wconf 91' lang='lat' dir='ltr'>die</span> 
     </span>
     <span class='ocr_line' id='line_1_35' title="bbox 641 3488 1697 3554; baseline 0.005 -15"><span class='ocrx_word' id='word_1_195' title='bbox 641 3489 793 3554; x_wconf 89' lang='lat' dir='ltr'>pueri</span> <span class='ocrx_word' id='word_1_196' title='bbox 819 3491 996 3553; x_wconf 83' lang='lat' dir='ltr'>togam</span> <span class='ocrx_word' id='word_1_197' title='bbox 1014 3488 1222 3541; x_wconf 86' lang='lat' dir='ltr'>virilem</span> <span class='ocrx_word' id='word_1_198' title='bbox 1238 3489 1540 3552; x_wconf 83' lang='lat' dir='ltr'>sumebant,</span> <span class='ocrx_word' id='word_1_199' title='bbox 1567 3495 1697 3543; x_wconf 86' lang='lat' dir='ltr'>scri·</span> 
     </span>
     <span class='ocr_line' id='line_1_36' title="bbox 644 3565 1693 3628; baseline 0.005 -15"><span class='ocrx_word' id='word_1_200' title='bbox 644 3566 794 3628; x_wconf 91' lang='lat' dir='ltr'>ptum</span> <span class='ocrx_word' id='word_1_201' title='bbox 829 3578 950 3616; x_wconf 88' lang='lat' dir='ltr'>esse</span> <span class='ocrx_word' id='word_1_202' title='bbox 971 3603 983 3626; x_wconf 99' lang='lat'>,</span> <span class='ocrx_word' id='word_1_203' title='bbox 1038 3565 1136 3615; x_wconf 87' lang='lat' dir='ltr'>sed</span> <span class='ocrx_word' id='word_1_204' title='bbox 1177 3566 1336 3616; x_wconf 87' lang='lat' dir='ltr'>huius</span> <span class='ocrx_word' id='word_1_205' title='bbox 1376 3566 1456 3615; x_wconf 88' lang='lat' dir='ltr'>rei</span> <span class='ocrx_word' id='word_1_206' title='bbox 1489 3565 1693 3618; x_wconf 89' lang='lat' dir='ltr'>nullum</span> 
     </span>
     <span class='ocr_line' id='line_1_37' title="bbox 640 3640 1689 3704; baseline 0.003 -16"><span class='ocrx_word' id='word_1_207' title='bbox 640 3650 862 3702; x_wconf 84' lang='lat' dir='ltr'>prorsus</span> <span class='ocrx_word' id='word_1_208' title='bbox 929 3641 982 3690; x_wconf 89' lang='lat' dir='ltr'>in</span> <span class='ocrx_word' id='word_1_209' title='bbox 1048 3653 1114 3690; x_wconf 87' lang='lat' dir='ltr'>eo</span> <span class='ocrx_word' id='word_1_210' title='bbox 1187 3640 1327 3692; x_wconf 88' lang='lat' dir='ltr'>inest</span> <span class='ocrx_word' id='word_1_211' title='bbox 1390 3640 1689 3704; x_wconf 84' lang='lat' dir='ltr'>vestigium.</span> 
     </span>
     <span class='ocr_line' id='line_1_38' title="bbox 645 3712 1689 3777; baseline 0.003 -17"><span class='ocrx_word' id='word_1_212' title='bbox 645 3712 1014 3777; x_wconf 87' lang='lat' dir='ltr'>compositum</span> <span class='ocrx_word' id='word_1_213' title='bbox 1065 3714 1277 3765; x_wconf 87' lang='lat' dir='ltr'>videtur</span> <span class='ocrx_word' id='word_1_214' title='bbox 1310 3728 1357 3764; x_wconf 91' lang='lat' dir='ltr'>a.</span> <span class='ocrx_word' id='word_1_215' title='bbox 1397 3728 1450 3764; x_wconf 89' lang='lat' dir='ltr'>u.</span> <span class='ocrx_word' id='word_1_216' title='bbox 1489 3728 1535 3764; x_wconf 92' lang='lat' dir='ltr'>c.</span> <span class='ocrx_word' id='word_1_217' title='bbox 1573 3714 1689 3765; x_wconf 74' lang='lat'><strong>726.</strong></span> 
     </span>
    </p>
   </div>
   <div class='ocr_carea' id='block_1_10' title="bbox 638 3862 1693 4303">
    <p class='ocr_par' dir='ltr' id='par_1_10' title="bbox 638 3862 1693 4303">
     <span class='ocr_line' id='line_1_39' title="bbox 708 3862 1691 3927; baseline 0.002 -17"><span class='ocrx_word' id='word_1_218' title='bbox 708 3863 756 3910; x_wconf 93' lang='grc'>4.</span> <span class='ocrx_word' id='word_1_219' title='bbox 793 3862 967 3926; x_wconf 66' lang='lat' dir='ltr'>aonios]</span> <span class='ocrx_word' id='word_1_220' title='bbox 1000 3863 1216 3927; x_wconf 86' lang='lat' dir='ltr'>proprie</span> <span class='ocrx_word' id='word_1_221' title='bbox 1252 3863 1455 3912; x_wconf 72' lang='lat' dir='ltr'>«amico</span> <span class='ocrx_word' id='word_1_222' title='bbox 1479 3864 1529 3912; x_wconf 89' lang='lat' dir='ltr'>in</span> <span class='ocrx_word' id='word_1_223' title='bbox 1571 3875 1691 3913; x_wconf 89' lang='lat' dir='ltr'>eam</span> 
     </span>
     <span class='ocr_line' id='line_1_40' title="bbox 639 3936 1688 3999; baseline 0.002 -15"><span class='ocrx_word' id='word_1_224' title='bbox 639 3936 878 3998; x_wconf 70' lang='lat' dir='ltr'>animo»,</span> <span class='ocrx_word' id='word_1_225' title='bbox 949 3936 1002 3986; x_wconf 92' lang='lat' dir='ltr'>id</span> <span class='ocrx_word' id='word_1_226' title='bbox 1053 3938 1157 3998; x_wconf 88' lang='lat' dir='ltr'>est,</span> <span class='ocrx_word' id='word_1_227' title='bbox 1230 3937 1438 3986; x_wconf 73' lang='lat' dir='ltr'>«animo</span> <span class='ocrx_word' id='word_1_228' title='bbox 1488 3948 1688 3999; x_wconf 90' lang='lat' dir='ltr'>aequo,</span> 
     </span>
     <span class='ocr_line' id='line_1_41' title="bbox 640 4009 1688 4076; baseline 0.004 -19"><span class='ocrx_word' id='word_1_229' title='bbox 640 4009 926 4072; x_wconf 83' lang='lat' dir='ltr'>patienter,</span> <span class='ocrx_word' id='word_1_230' title='bbox 964 4011 1076 4061; x_wconf 89' lang='lat' dir='ltr'>sine</span> <span class='ocrx_word' id='word_1_231' title='bbox 1101 4024 1264 4075; x_wconf 81' lang='lat' dir='ltr'>prava</span> <span class='ocrx_word' id='word_1_232' title='bbox 1289 4012 1688 4076; x_wconf 76' lang='lat' dir='ltr'>repugnantia»,</span> 
     </span>
     <span class='ocr_line' id='line_1_42' title="bbox 642 4082 1693 4146; baseline 0.003 -14"><span class='ocrx_word' id='word_1_233' title='bbox 642 4094 743 4132; x_wconf 89' lang='lat' dir='ltr'>usu</span> <span class='ocrx_word' id='word_1_234' title='bbox 796 4082 1019 4134; x_wconf 80' lang='lat' dir='ltr'>sortasse</span> <span class='ocrx_word' id='word_1_235' title='bbox 1070 4086 1253 4146; x_wconf 87' lang='lat' dir='ltr'>unico,</span> <span class='ocrx_word' id='word_1_236' title='bbox 1317 4085 1415 4136; x_wconf 89' lang='lat' dir='ltr'>sed</span> <span class='ocrx_word' id='word_1_237' title='bbox 1471 4097 1693 4136; x_wconf 87' lang='lat' dir='ltr'>accom-</span> 
     </span>
     <span class='ocr_line' id='line_1_43' title="bbox 643 4152 1691 4226; baseline 0.001 -19"><span class='ocrx_word' id='word_1_238' title='bbox 643 4155 860 4207; x_wconf 86' lang='lat' dir='ltr'>modato</span> <span class='ocrx_word' id='word_1_239' title='bbox 911 4158 980 4207; x_wconf 89' lang='lat' dir='ltr'>ad</span> <span class='ocrx_word' id='word_1_240' title='bbox 1013 4161 1337 4210; x_wconf 89' lang='lat' dir='ltr'>Graecorum</span> <span class='ocrx_word' id='word_1_241' title='bbox 1381 4152 1691 4226; x_wconf 76' lang='grc' dir='ltr'>ἀγαπητῶς</span> 
     </span>
     <span class='ocr_line' id='line_1_44' title="bbox 638 4231 1688 4303; baseline 0.001 -20"><span class='ocrx_word' id='word_1_242' title='bbox 638 4231 869 4303; x_wconf 72' lang='grc' dir='ltr'><em>φέρειν,</em></span> <span class='ocrx_word' id='word_1_243' title='bbox 915 4235 969 4283; x_wconf 87' lang='lat' dir='ltr'>et</span> <span class='ocrx_word' id='word_1_244' title='bbox 1001 4232 1070 4282; x_wconf 90' lang='lat' dir='ltr'>ad</span> <span class='ocrx_word' id='word_1_245' title='bbox 1105 4233 1406 4284; x_wconf 83' lang='lat' dir='ltr'>Latinorum</span> <span class='ocrx_word' id='word_1_246' title='bbox 1455 4235 1579 4296; x_wconf 88' lang='lat' dir='ltr'>(Cic.</span> <span class='ocrx_word' id='word_1_247' title='bbox 1619 4234 1688 4284; x_wconf 88' lang='lat' dir='ltr'>ad</span> 
     </span>
    </p>
   </div>
   <div class='ocr_carea' id='block_1_11' title="bbox 1723 3611 1733 4018">
    <p class='ocr_par' dir='ltr' id='par_1_11' title="bbox 1723 3611 1733 4018">
     <span class='ocr_line' id='line_1_45' title="bbox 1723 3611 1733 4018; baseline 0 957"><span class='ocrx_word' id='word_1_248' title='bbox 1723 3611 1733 4018; x_wconf 95' lang='lat' dir='ltr'> </span> 
     </span>
    </p>
   </div>
   <div class='ocr_carea' id='block_1_12' title="bbox 1721 4020 1732 4287">
    <p class='ocr_par' dir='ltr' id='par_1_12' title="bbox 1721 4020 1732 4287">
     <span class='ocr_line' id='line_1_46' title="bbox 1721 4020 1732 4287; baseline 0 688"><span class='ocrx_word' id='word_1_249' title='bbox 1721 4020 1732 4287; x_wconf 95' lang='lat' dir='ltr'> </span> 
     </span>
    </p>
   </div>
   <div class='ocr_carea' id='block_1_13' title="bbox 1756 2375 2814 4006">
    <p class='ocr_par' dir='ltr' id='par_1_13' title="bbox 1756 2375 2813 3256">
     <span class='ocr_line' id='line_1_47' title="bbox 1758 2375 2808 2442; baseline 0.003 -18"><span class='ocrx_word' id='word_1_250' title='bbox 1758 2377 1869 2435; x_wconf 89' lang='lat' dir='ltr'>Qua</span> <span class='ocrx_word' id='word_1_251' title='bbox 1912 2376 2091 2426; x_wconf 85' lang='lat' dir='ltr'>tamen</span> <span class='ocrx_word' id='word_1_252' title='bbox 2131 2377 2336 2426; x_wconf 88' lang='lat' dir='ltr'>ratione</span> <span class='ocrx_word' id='word_1_253' title='bbox 2377 2375 2643 2441; x_wconf 85' lang='lat' dir='ltr'>aliquanto</span> <span class='ocrx_word' id='word_1_254' title='bbox 2688 2377 2808 2442; x_wconf 80' lang='lat' dir='ltr'>plus</span> 
     </span>
     <span class='ocr_line' id='line_1_48' title="bbox 1757 2449 2807 2502; baseline 0.003 -3"><span class='ocrx_word' id='word_1_255' title='bbox 1757 2449 1809 2499; x_wconf 89' lang='lat' dir='ltr'>in</span> <span class='ocrx_word' id='word_1_256' title='bbox 1844 2449 2117 2500; x_wconf 87' lang='lat' dir='ltr'>notionem</span> <span class='ocrx_word' id='word_1_257' title='bbox 2151 2464 2201 2500; x_wconf 77' lang='lat' dir='ltr'>v,</span> <span class='ocrx_word' id='word_1_258' title='bbox 2238 2451 2400 2502; x_wconf 67' lang='lat' dir='ltr'>antico</span> <span class='ocrx_word' id='word_1_259' title='bbox 2433 2451 2613 2502; x_wconf 79' lang='lat' dir='ltr'>inferri</span> <span class='ocrx_word' id='word_1_260' title='bbox 2654 2451 2807 2502; x_wconf 88' lang='lat' dir='ltr'>vide-</span> 
     </span>
     <span class='ocr_line' id='line_1_49' title="bbox 1758 2525 2809 2590; baseline 0.001 -16"><span class='ocrx_word' id='word_1_261' title='bbox 1758 2528 1871 2586; x_wconf 89' lang='lat' dir='ltr'>tur,</span> <span class='ocrx_word' id='word_1_262' title='bbox 1909 2537 2073 2587; x_wconf 84' lang='lat' dir='ltr'>quam</span> <span class='ocrx_word' id='word_1_263' title='bbox 2123 2538 2190 2575; x_wconf 91' lang='lat' dir='ltr'>eo</span> <span class='ocrx_word' id='word_1_264' title='bbox 2243 2526 2543 2590; x_wconf 86' lang='lat' dir='ltr'>exprimere</span> <span class='ocrx_word' id='word_1_265' title='bbox 2593 2525 2809 2578; x_wconf 83' lang='lat' dir='ltr'>volebat</span> 
     </span>
     <span class='ocr_line' id='line_1_50' title="bbox 1756 2597 2810 2663; baseline 0.003 -16"><span class='ocrx_word' id='word_1_266' title='bbox 1756 2600 1931 2663; x_wconf 73' lang='lat' dir='ltr'>poeta.</span> <span class='ocrx_word' id='word_1_267' title='bbox 2002 2597 2099 2648; x_wconf 80' lang='lat' dir='ltr'>Alii</span> <span class='ocrx_word' id='word_1_268' title='bbox 2132 2600 2318 2661; x_wconf 74' lang='lat' dir='ltr'>amici,</span> <span class='ocrx_word' id='word_1_269' title='bbox 2355 2612 2590 2662; x_wconf 86' lang='lat' dir='ltr'>quocum</span> <span class='ocrx_word' id='word_1_270' title='bbox 2624 2600 2810 2652; x_wconf 80' lang='lat' dir='ltr'>conie-</span> 
     </span>
     <span class='ocr_line' id='line_1_51' title="bbox 1757 2672 2804 2735; baseline 0.001 -14"><span class='ocrx_word' id='word_1_271' title='bbox 1757 2675 1881 2723; x_wconf 89' lang='lat' dir='ltr'>runt</span> <span class='ocrx_word' id='word_1_272' title='bbox 1914 2672 2009 2724; x_wconf 92' lang='lat' dir='ltr'>Od.</span> <span class='ocrx_word' id='word_1_273' title='bbox 2049 2673 2098 2735; x_wconf 90' lang='grc'>4,</span> <span class='ocrx_word' id='word_1_274' title='bbox 2134 2675 2217 2735; x_wconf 76' lang='lat'>27,</span> <span class='ocrx_word' id='word_1_275' title='bbox 2254 2675 2302 2723; x_wconf 83' lang='lat'>7.</span> <span class='ocrx_word' id='word_1_276' title='bbox 2341 2676 2394 2724; x_wconf 88' lang='lat' dir='ltr'>et</span> <span class='ocrx_word' id='word_1_277' title='bbox 2429 2674 2523 2725; x_wconf 92' lang='lat' dir='ltr'>Od.</span> <span class='ocrx_word' id='word_1_278' title='bbox 2563 2676 2610 2735; x_wconf 89' lang='grc'>4,</span> <span class='ocrx_word' id='word_1_279' title='bbox 2639 2674 2804 2734; x_wconf 71' lang='grc'><strong>37,4;</strong></span> 
     </span>
     <span class='ocr_line' id='line_1_52' title="bbox 1757 2747 2809 2813; baseline 0.001 -16"><span class='ocrx_word' id='word_1_280' title='bbox 1757 2747 1972 2807; x_wconf 70' lang='grc' dir='ltr'>εοάαἱοες</span> <span class='ocrx_word' id='word_1_281' title='bbox 2027 2748 2155 2798; x_wconf 87' lang='lat' dir='ltr'>item</span> <span class='ocrx_word' id='word_1_282' title='bbox 2180 2747 2347 2813; x_wconf 86' lang='lat' dir='ltr'>Epod.</span> <span class='ocrx_word' id='word_1_283' title='bbox 2390 2749 2477 2811; x_wconf 80' lang='lat'>⁴3,</span> <span class='ocrx_word' id='word_1_284' title='bbox 2505 2749 2568 2799; x_wconf 87' lang='lat'>3:</span> <span class='ocrx_word' id='word_1_285' title='bbox 2627 2749 2809 2812; x_wconf 74' lang='lat' dir='ltr'>rapia-</span> 
     </span>
     <span class='ocr_line' id='line_1_53' title="bbox 1758 2822 2805 2883; baseline 0.003 -13"><span class='ocrx_word' id='word_1_286' title='bbox 1758 2835 1898 2883; x_wconf 69' lang='lat' dir='ltr'>muS,</span> <span class='ocrx_word' id='word_1_287' title='bbox 1974 2822 2149 2883; x_wconf 67' lang='lat' dir='ltr'>conici,</span> <span class='ocrx_word' id='word_1_288' title='bbox 2221 2823 2541 2874; x_wconf 69' lang='lat' dir='ltr'>Occasionem</span> <span class='ocrx_word' id='word_1_289' title='bbox 2594 2825 2653 2874; x_wconf 73' lang='lat' dir='ltr'>dc</span> <span class='ocrx_word' id='word_1_290' title='bbox 2709 2824 2805 2874; x_wconf 78' lang='lat' dir='ltr'>dic.</span> 
     </span>
     <span class='ocr_line' id='line_1_54' title="bbox 1759 2895 2809 2959; baseline 0.002 -14"><span class='ocrx_word' id='word_1_291' title='bbox 1759 2896 1958 2945; x_wconf 82' lang='lat' dir='ltr'>Verum</span> <span class='ocrx_word' id='word_1_292' title='bbox 1993 2896 2097 2945; x_wconf 91' lang='lat' dir='ltr'>hoc</span> <span class='ocrx_word' id='word_1_293' title='bbox 2130 2897 2349 2959; x_wconf 87' lang='lat' dir='ltr'>quidem</span> <span class='ocrx_word' id='word_1_294' title='bbox 2371 2895 2491 2948; x_wconf 90' lang='lat' dir='ltr'>loco</span> <span class='ocrx_word' id='word_1_295' title='bbox 2515 2899 2809 2948; x_wconf 87' lang='lat' dir='ltr'>amicorum</span> 
     </span>
     <span class='ocr_line' id='line_1_55' title="bbox 1760 2968 2809 3035; baseline 0.003 -17"><span class='ocrx_word' id='word_1_296' title='bbox 1760 2968 2041 3035; x_wconf 86' lang='lat' dir='ltr'>appellatio</span> <span class='ocrx_word' id='word_1_297' title='bbox 2088 2983 2279 3034; x_wconf 87' lang='lat' dir='ltr'>parum</span> <span class='ocrx_word' id='word_1_298' title='bbox 2330 2974 2450 3035; x_wconf 88' lang='lat' dir='ltr'>apta</span> <span class='ocrx_word' id='word_1_299' title='bbox 2509 2974 2621 3032; x_wconf 87' lang='lat' dir='ltr'>est,</span> <span class='ocrx_word' id='word_1_300' title='bbox 2684 2984 2809 3021; x_wconf 90' lang='lat' dir='ltr'>cum</span> 
     </span>
     <span class='ocr_line' id='line_1_56' title="bbox 1762 3042 2810 3107; baseline 0.001 -14"><span class='ocrx_word' id='word_1_301' title='bbox 1762 3043 1915 3093; x_wconf 69' lang='lat' dir='ltr'>amici</span> <span class='ocrx_word' id='word_1_302' title='bbox 1955 3042 2171 3094; x_wconf 82' lang='lat' dir='ltr'>efficere</span> <span class='ocrx_word' id='word_1_303' title='bbox 2217 3048 2515 3107; x_wconf 88' lang='lat' dir='ltr'>nequeant,</span> <span class='ocrx_word' id='word_1_304' title='bbox 2567 3047 2627 3095; x_wconf 89' lang='lat' dir='ltr'>ut</span> <span class='ocrx_word' id='word_1_305' title='bbox 2659 3046 2810 3095; x_wconf 83' lang='lat' dir='ltr'>iuve-</span> 
     </span>
     <span class='ocr_line' id='line_1_57' title="bbox 1764 3118 2813 3183; baseline -0.001 -14"><span class='ocrx_word' id='word_1_306' title='bbox 1764 3130 1861 3169; x_wconf 86' lang='lat' dir='ltr'>nes</span> <span class='ocrx_word' id='word_1_307' title='bbox 1908 3118 2130 3168; x_wconf 83' lang='lat' dir='ltr'>Romani</span> <span class='ocrx_word' id='word_1_308' title='bbox 2181 3121 2552 3183; x_wconf 87' lang='lat' dir='ltr'>paupertatem</span> <span class='ocrx_word' id='word_1_309' title='bbox 2610 3119 2813 3170; x_wconf 73' lang='lat' dir='ltr'>fortiter</span> 
     </span>
     <span class='ocr_line' id='line_1_58' title="bbox 1763 3192 2129 3256; baseline -0.003 -14"><span class='ocrx_word' id='word_1_310' title='bbox 1763 3193 1870 3256; x_wconf 86' lang='lat' dir='ltr'>pati</span> <span class='ocrx_word' id='word_1_311' title='bbox 1906 3192 2129 3242; x_wconf 84' lang='lat' dir='ltr'>discant.</span> 
     </span>
    </p>

    <p class='ocr_par' dir='ltr' id='par_1_14' title="bbox 1764 3264 2814 4006">
     <span class='ocr_line' id='line_1_59' title="bbox 1829 3264 2810 3332; baseline -0.002 -15"><span class='ocrx_word' id='word_1_312' title='bbox 1829 3268 1879 3317; x_wconf 72' lang='lat'>2.</span> <span class='ocrx_word' id='word_1_313' title='bbox 1937 3267 2049 3317; x_wconf 79' lang='lat' dir='ltr'>acri</span> <span class='ocrx_word' id='word_1_314' title='bbox 2095 3267 2307 3332; x_wconf 79' lang='lat' dir='ltr'>militia]</span> <span class='ocrx_word' id='word_1_315' title='bbox 2363 3267 2543 3318; x_wconf 79' lang='lat' dir='ltr'>«Acris</span> <span class='ocrx_word' id='word_1_316' title='bbox 2596 3264 2810 3317; x_wconf 83' lang='lat' dir='ltr'>militiae</span> 
     </span>
     <span class='ocr_line' id='line_1_60' title="bbox 1766 3339 2813 3404; baseline -0.001 -13"><span class='ocrx_word' id='word_1_317' title='bbox 1766 3353 1866 3392; x_wconf 89' lang='lat' dir='ltr'>usu</span> <span class='ocrx_word' id='word_1_318' title='bbox 1917 3344 2078 3404; x_wconf 88' lang='lat' dir='ltr'>atque</span> <span class='ocrx_word' id='word_1_319' title='bbox 2130 3342 2505 3391; x_wconf 82' lang='lat' dir='ltr'>exercitatione</span> <span class='ocrx_word' id='word_1_320' title='bbox 2554 3341 2694 3391; x_wconf 84' lang='lat' dir='ltr'>hanc</span> <span class='ocrx_word' id='word_1_321' title='bbox 2734 3339 2813 3390; x_wconf 90' lang='lat' dir='ltr'>la-</span> 
     </span>
     <span class='ocr_line' id='line_1_61' title="bbox 1765 3414 2813 3480; baseline -0.001 -14"><span class='ocrx_word' id='word_1_322' title='bbox 1765 3415 1911 3466; x_wconf 85' lang='lat' dir='ltr'>boris</span> <span class='ocrx_word' id='word_1_323' title='bbox 1961 3414 2329 3477; x_wconf 85' lang='lat' dir='ltr'>tolerantiam,</span> <span class='ocrx_word' id='word_1_324' title='bbox 2383 3417 2435 3466; x_wconf 88' lang='lat' dir='ltr'>in</span> <span class='ocrx_word' id='word_1_325' title='bbox 2481 3429 2585 3479; x_wconf 87' lang='lat' dir='ltr'>qua</span> <span class='ocrx_word' id='word_1_326' title='bbox 2619 3428 2813 3480; x_wconf 82' lang='lat' dir='ltr'>saepe-</span> 
     </span>
     <span class='ocr_line' id='line_1_62' title="bbox 1765 3489 2811 3552; baseline -0.002 -12"><span class='ocrx_word' id='word_1_327' title='bbox 1765 3502 1992 3540; x_wconf 86' lang='lat' dir='ltr'>numero</span> <span class='ocrx_word' id='word_1_328' title='bbox 2025 3490 2164 3540; x_wconf 88' lang='lat' dir='ltr'>vitae</span> <span class='ocrx_word' id='word_1_329' title='bbox 2202 3489 2497 3552; x_wconf 84' lang='lat' dir='ltr'>commodis</span> <span class='ocrx_word' id='word_1_330' title='bbox 2520 3489 2811 3540; x_wconf 85' lang='lat' dir='ltr'>carendum</span> 
     </span>
     <span class='ocr_line' id='line_1_63' title="bbox 1767 3563 2811 3628; baseline 0 -15"><span class='ocrx_word' id='word_1_331' title='bbox 1767 3565 1867 3624; x_wconf 87' lang='lat' dir='ltr'>est,</span> <span class='ocrx_word' id='word_1_332' title='bbox 1903 3563 2178 3615; x_wconf 87' lang='lat' dir='ltr'>condiscat</span> <span class='ocrx_word' id='word_1_333' title='bbox 2198 3577 2334 3628; x_wconf 89' lang='lat' dir='ltr'>puer</span> <span class='ocrx_word' id='word_1_334' title='bbox 2356 3563 2662 3613; x_wconf 73' lang='lat' dir='ltr'>robustus.»</span> <span class='ocrx_word' id='word_1_335' title='bbox 2728 3563 2811 3612; x_wconf 87' lang='lat' dir='ltr'>Sic</span> 
     </span>
     <span class='ocr_line' id='line_1_64' title="bbox 1767 3635 2813 3701; baseline -0.001 -13"><span class='ocrx_word' id='word_1_336' title='bbox 1767 3637 1912 3688; x_wconf 89' lang='lat' dir='ltr'>enim</span> <span class='ocrx_word' id='word_1_337' title='bbox 1944 3638 2133 3701; x_wconf 80' lang='lat' dir='ltr'>iungo,</span> <span class='ocrx_word' id='word_1_338' title='bbox 2172 3651 2279 3688; x_wconf 91' lang='lat' dir='ltr'>non</span> <span class='ocrx_word' id='word_1_339' title='bbox 2318 3650 2472 3687; x_wconf 83' lang='lat' dir='ltr'>vero:</span> <span class='ocrx_word' id='word_1_340' title='bbox 2531 3635 2813 3687; x_wconf 71' lang='lat' dir='ltr'>«robustus</span> 
     </span>
     <span class='ocr_line' id='line_1_65' title="bbox 1767 3710 2810 3774; baseline -0.003 -12"><span class='ocrx_word' id='word_1_341' title='bbox 1767 3712 1936 3763; x_wconf 79' lang='lat' dir='ltr'>factus</span> <span class='ocrx_word' id='word_1_342' title='bbox 1961 3713 2070 3762; x_wconf 86' lang='lat' dir='ltr'>acri</span> <span class='ocrx_word' id='word_1_343' title='bbox 2096 3711 2324 3763; x_wconf 76' lang='lat' dir='ltr'>militia.»</span> <span class='ocrx_word' id='word_1_344' title='bbox 2384 3712 2560 3774; x_wconf 85' lang='lat' dir='ltr'>Eurip.</span> <span class='ocrx_word' id='word_1_345' title='bbox 2604 3710 2810 3774; x_wconf 81' lang='lat' dir='ltr'>Fragm.</span> 
     </span>
     <span class='ocr_line' id='line_1_66' title="bbox 1765 3781 2812 3851; baseline -0.002 -15"><span class='ocrx_word' id='word_1_346' title='bbox 1765 3784 1912 3837; x_wconf 80' lang='lat' dir='ltr'>Alex.</span> <span class='ocrx_word' id='word_1_347' title='bbox 1943 3787 2034 3836; x_wconf 74' lang='lat'>⁴5:</span> <span class='ocrx_word' id='word_1_348' title='bbox 2086 3786 2267 3836; x_wconf 71' lang='grc' dir='ltr'><strong><em>Πενία</em></strong></span> <span class='ocrx_word' id='word_1_349' title='bbox 2286 3784 2348 3836; x_wconf 77' lang='grc' dir='ltr'>δὲ</span> <span class='ocrx_word' id='word_1_350' title='bbox 2368 3781 2655 3851; x_wconf 77' lang='grc' dir='ltr'><em>δύστηνον</em></span> <span class='ocrx_word' id='word_1_351' title='bbox 2674 3784 2812 3848; x_wconf 75' lang='grc' dir='ltr'><em>μέν,</em></span> 
     </span>
     <span class='ocr_line' id='line_1_67' title="bbox 1765 3854 2813 3932; baseline -0.003 -21"><span class='ocrx_word' id='word_1_352' title='bbox 1765 3854 1889 3911; x_wconf 79' lang='grc' dir='ltr'><strong><em>ἀλλ’</em></strong></span> <span class='ocrx_word' id='word_1_353' title='bbox 1969 3854 2131 3926; x_wconf 84' lang='grc' dir='ltr'><strong><em>ὅμως</em></strong></span> <span class='ocrx_word' id='word_1_354' title='bbox 2210 3861 2405 3932; x_wconf 77' lang='grc' dir='ltr'><strong><em>τρέφει</em></strong></span> <span class='ocrx_word' id='word_1_355' title='bbox 2480 3854 2813 3919; x_wconf 77' lang='grc' dir='ltr'><strong><em>Μοχθοῦντ’</em></strong></span> 
     </span>
     <span class='ocr_line' id='line_1_68' title="bbox 1764 3928 2814 4006; baseline -0.004 -20"><span class='ocrx_word' id='word_1_356' title='bbox 1764 3928 1983 4001; x_wconf 74' lang='grc' dir='ltr'><em>ἀμείνω</em></span> <span class='ocrx_word' id='word_1_357' title='bbox 2028 3936 2198 3986; x_wconf 74' lang='grc' dir='ltr'><strong><em>τέκνα</em></strong></span> <span class='ocrx_word' id='word_1_358' title='bbox 2229 3936 2329 3986; x_wconf 77' lang='grc' dir='ltr'>καὶ</span> <span class='ocrx_word' id='word_1_359' title='bbox 2376 3930 2710 4006; x_wconf 75' lang='grc' dir='ltr'><strong><em>δραστήρια.</em></strong></span> <span class='ocrx_word' id='word_1_360' title='bbox 2758 3961 2814 3971; x_wconf 91' lang='grc'>-</span> 
     </span>
    </p>
   </div>
   <div class='ocr_carea' id='block_1_14' title="bbox 1758 4008 2813 4077">
    <p class='ocr_par' dir='ltr' id='par_1_15' title="bbox 1758 4008 2813 4077">
     <span class='ocr_line' id='line_1_69' title="bbox 1758 4008 2813 4077; baseline -0.005 -14"><span class='ocrx_word' id='word_1_361' title='bbox 1758 4012 1905 4077; x_wconf 77' lang='lat' dir='ltr'>puer]</span> <span class='ocrx_word' id='word_1_362' title='bbox 1941 4011 2096 4075; x_wconf 79' lang='lat' dir='ltr'>Apud</span> <span class='ocrx_word' id='word_1_363' title='bbox 2131 4012 2394 4061; x_wconf 83' lang='lat' dir='ltr'>Romanos</span> <span class='ocrx_word' id='word_1_364' title='bbox 2428 4012 2576 4060; x_wconf 82' lang='lat' dir='ltr'>aetas</span> <span class='ocrx_word' id='word_1_365' title='bbox 2618 4008 2813 4059; x_wconf 82' lang='lat' dir='ltr'>milita-</span> 
     </span>
    </p>
   </div>
   <div class='ocr_carea' id='block_1_15' title="bbox 1763 4081 2813 4294">
    <p class='ocr_par' dir='ltr' id='par_1_16' title="bbox 1763 4081 2813 4294">
     <span class='ocr_line' id='line_1_70' title="bbox 1763 4081 2812 4147; baseline -0.006 -12"><span class='ocrx_word' id='word_1_366' title='bbox 1763 4087 1838 4136; x_wconf 89' lang='lat' dir='ltr'>ris</span> <span class='ocrx_word' id='word_1_367' title='bbox 1886 4085 2040 4135; x_wconf 86' lang='lat' dir='ltr'>xvu.</span> <span class='ocrx_word' id='word_1_368' title='bbox 2090 4085 2275 4135; x_wconf 81' lang='lat' dir='ltr'>aetatis</span> <span class='ocrx_word' id='word_1_369' title='bbox 2326 4097 2466 4134; x_wconf 87' lang='lat' dir='ltr'>anno</span> <span class='ocrx_word' id='word_1_370' title='bbox 2512 4081 2812 4147; x_wconf 87' lang='lat' dir='ltr'>incipiebat.</span> 
     </span>
     <span class='ocr_line' id='line_1_71' title="bbox 1765 4156 2813 4294; baseline -0.003 -85"><span class='ocrx_word' id='word_1_371' title='bbox 1765 4158 2038 4294; x_wconf 50' lang='lat' dir='ltr'>ffif&#39;eg‘3u&#39;</span> <span class='ocrx_word' id='word_1_372' title='bbox 2077 4161 2137 4209; x_wconf 86' lang='lat' dir='ltr'>N.</span> <span class='ocrx_word' id='word_1_373' title='bbox 2187 4160 2246 4209; x_wconf 82' lang='grc' dir='ltr'>Α.</span> <span class='ocrx_word' id='word_1_374' title='bbox 2295 4159 2382 4219; x_wconf 84' lang='grc'>40,</span> <span class='ocrx_word' id='word_1_375' title='bbox 2432 4158 2513 4208; x_wconf 78' lang='lat'>28.</span> <span class='ocrx_word' id='word_1_376' title='bbox 2570 4159 2678 4208; x_wconf 84' lang='lat' dir='ltr'>Liv.</span> <span class='ocrx_word' id='word_1_377' title='bbox 2719 4156 2813 4218; x_wconf 77' lang='lat'>27,</span> 
     </span>
    </p>
   </div>
  </div>
 </body>
</html>
