3234 4975
1250 401 1368 450 Lm.
1409 403 1467 450 11.
1540 403 1597 449 C.
1639 402 1721 451 lx.

2467 399 2592 464 257

1175 751 1854 814 cmm

766 924 903 987 Non
948 941 1209 1008 semper
1252 920 1492 986 imbres
1536 919 1817 986 nubibus
1861 917 2154 1006 hispidos

770 1044 1021 1108 Manant
1064 1040 1124 1106 in
1171 1062 1362 1129 agros
1409 1051 1518 1105 aut
1564 1061 1741 1106 mare
1788 1040 2092 1127 Caspium

778 1216 783 1221 .
864 1164 1105 1229 Vexant
1149 1162 1522 1249 inaequales
1566 1161 1890 1249 procellae

559 1344 643 1394 IX.
678 1345 843 1394 Inscr.
879 1342 1016 1407 volg.
1052 1345 1129 1393 Aa
1161 1343 1214 1393 C.
1250 1343 1492 1406 Valqium.
1534 1368 1588 1377 —
1628 1341 1926 1392 Consolatur
1963 1341 2190 1405 Valgium
2222 1342 2534 1391 cumularem

493 1420 711 1467 anticum
745 1430 891 1466 sumn
923 1418 979 1467 B.
1022 1445 1077 1453 —
1116 1417 1395 1467 Consolatio
1428 1418 1497 1466 ad
1535 1417 1764 1480 Valyium
1808 1417 1991 1479 Rasum
2023 1430 2084 1465 ne
2116 1418 2205 1466 diu
2247 1418 2410 1465 doleat
2440 1417 2528 1467 bc.

497 1519 552 1529 -
588 1493 664 1542 Aa
701 1492 930 1555 Valgium
964 1493 1185 1541 amicum
1207 1493 1257 1540 S.
1290 1518 1345 1526 —
1389 1492 1621 1554 Valgium
1650 1491 1874 1540 amicum
1902 1491 2214 1540 consularem
2245 1492 2534 1540 consolatur

493 1566 550 1616 T.
600 1566 747 1629 (Vide
794 1568 965 1628 Unger
1016 1567 1067 1614 V.
1107 1567 1162 1615 R.
1201 1578 1254 1629 p.
1296 1565 1427 1628 444.)
1484 1592 1539 1601 --
1587 1566 1637 1615 3.
1687 1567 1893 1615 Ver-sant
1932 1567 1966 1614 F
2001 1578 2030 1614 e
2065 1566 2232 1615 vatic,
2271 1567 2528 1629 Reginae,

493 1643 584 1704 qui
617 1643 761 1692 omni
796 1642 1107 1691 auctoritate
1144 1644 1309 1691 caret.
1347 1640 1567 1705 (Vc-cant
1600 1642 1818 1689 tuentur
1840 1652 2027 1688 omnes
2051 1641 2157 1688 mei
2181 1641 2237 1688 et
2258 1641 2529 1702 Pottierii.)

495 1800 578 1849 IX.
620 1800 697 1849 De
733 1801 792 1849 C.
833 1800 956 1862 (non
989 1799 1067 1862 T.)
1102 1797 1285 1861 Valgio
1319 1797 1468 1859 Rufo,

430 1871 647 1923 consule
683 1872 908 1923 suffecto
942 1887 990 1922 a.
1019 1886 1070 1922 u.
1100 1887 1147 1922 c.
1176 1872 1313 1931 742„
1350 1872 1474 1921 rhe-

428 1950 573 2007 tore,
644 1948 1017 2009 grammatico,
1089 1947 1247 2010 poeta
1315 1946 1471 1995 docte

429 2020 767 2084 disputarunt
810 2021 1086 2070 Weichert
1132 2022 1297 2070 Poett.
1336 2022 1469 2069 Latt.

428 2109 482 2158 p.
508 2095 621 2145 208.
659 2106 812 2158 seqq.
858 2096 1048 2144 Dissen
1084 2094 1153 2144 ad
1177 2094 1288 2143 Tib.
1317 2092 1375 2153 4,
1414 2095 1470 2153 4,

428 2169 542 2219 480.
582 2171 751 2232 Unger
784 2168 852 2218 de
890 2169 947 2218 C.
980 2166 1145 2230 Valgii
1181 2168 1314 2218 Rufii
1350 2172 1477 2231 poe-

429 2243 583 2293 matis
602 2244 900 2292 comment.
929 2241 1070 2293 Halis
1091 2242 1237 2293 4848.
1264 2241 1478 2305 Aliquot

428 2318 544 2366 eius
574 2330 658 2366 vv.
685 2317 979 2367 afferuntur
1012 2320 1065 2367 in
1087 2317 1283 2380 Virgilii
1306 2318 1477 2366 Inter-

428 2393 586 2454 prett.
656 2393 774 2442 Maii
809 2391 878 2441 ad
924 2390 1031 2442 Ecl.
1076 2393 1133 2451 7,
1186 2393 1269 2441 22.
1344 2388 1471 2454 (Val.

429 2464 633 2516 Probus
676 2466 765 2516 ed.
801 2465 911 2516 Keil
947 2479 999 2530 p.
1039 2465 1140 2529 74.)
1188 2464 1287 2515 sed
1328 2464 1476 2516 locus

432 2541 630 2590 misere
664 2539 881 2591 mutilus
917 2545 1016 2590 est.
1078 2538 1351 2590 consolari
1383 2553 1478 2589 co-

431 2616 588 2663 natur
639 2616 876 2665 amicum
928 2614 996 2664 de
1053 2615 1207 2678 pueri
1264 2612 1476 2665 delicati

429 2689 714 2738 immatura
759 2691 960 2748 morte,
1014 2690 1074 2738 ut
1118 2690 1314 2738 Statius
1350 2686 1470 2737 Silv.

427 2764 485 2823 2,
513 2763 534 2811 4
567 2765 621 2811 et
642 2762 690 2811 6.
737 2761 929 2812 Similis
953 2763 1179 2813 affectus
1204 2762 1476 2812 Ciceronis

427 2835 495 2885 ad
529 2837 632 2885 Ait.
672 2837 732 2896 4,
771 2836 858 2885 42:
912 2836 1188 2886 Mehercule
1222 2850 1365 2885 eram
1396 2861 1478 2872 --

427 2909 794 2968 conmbatiom
820 2923 943 2959 nam
954 2924 1086 2971 puer
1102 2911 1326 2973 festivus,
1353 2923 1481 2959 ana-

426 2988 620 3046 gnostes
660 2989 852 3045 noster,
897 2985 1171 3046 Sositheus,
1208 2986 1481 3034 decesserat

427 3071 601 3120 meque
626 3059 762 3120 plus,
800 3072 955 3120 quam
985 3060 1117 3108 servi
1148 3073 1285 3108 mors
1307 3059 1480 3109 debere

424 3132 714 3194 videbatur,
751 3138 1111 3192 cormnoverat3
1157 3132 1304 3183 Plinii
1340 3134 1475 3197 Epp.

427 3205 485 3266 8,
534 3206 627 3254 ⁴6:
681 3207 1005 3269 Confecerunt
1044 3220 1124 3255 me
1164 3208 1479 3271 infirmitates

425 3291 678 3340 meorum,
727 3285 911 3329 mortes
954 3282 1135 3342 etiam,
1188 3286 1235 3330 et
1281 3282 1479 3343 quidem

426 3355 686 3410 iwerimm
756 3354 981 3404 Herodis
1048 3357 1232 3414 Attici,
1306 3355 1479 3406 laces-

426 3428 511 3478 siti
544 3442 579 3476 a
607 3430 825 3490 quodam
857 3429 1050 3490 Stoico,
1087 3435 1349 3492 tamquam
1378 3433 1479 3480 mi-

424 3516 520 3551 ms
557 3505 807 3565 sapienter
838 3508 886 3553 el
917 3516 1109 3565 parum
1138 3505 1354 3554 viriliter
1386 3507 1479 3554 do·

425 3577 581 3627 larem
619 3578 773 3640 ferret
810 3591 877 3626 ea:
910 3583 1071 3627 morte
1100 3581 1279 3640 pueri,
1332 3593 1479 3640 quem

426 3656 705 3700 annover-ac.
761 3649 889 3700 Gell.
928 3653 989 3701 N.
1028 3653 1089 3701 Α.
1131 3652 1219 3712 49,
1258 3654 1337 3702 42.
1398 3655 1475 3703 De

426 3726 696 3787 tempore,
736 3737 843 3786 quo
878 3738 1096 3775 carmen
1121 3727 1476 3789 compositum

428 3798 524 3856 sit,
571 3797 874 3861 ambigitur.
954 3798 1198 3862 Plerique
1242 3801 1477 3850 referunt

427 3869 499 3920 ad
532 3883 582 3920 a.
619 3884 672 3919 u.
712 3885 758 3921 c.
797 3872 940 3934 734„
980 3873 1265 3923 Grotefend
1299 3874 1384 3924 ad.
1423 3888 1471 3922 a.

425 3946 563 4007 735„
616 3947 817 3996 Franke
864 3947 935 3996 ad
982 3963 1030 3997 a.
1079 3948 1175 3997 729
1224 3947 1308 3998 vel
1358 3948 1470 3998 730.

426 4021 637 4070 Exitum
687 4022 870 4083 utique
920 4025 1194 4073 mutuatus
1237 4035 1358 4072 esse
1392 4024 1476 4072 vi-

426 4093 586 4143 detur
630 4107 662 4143 a
706 4093 919 4157 Virgilio
969 4109 1069 4146 suo
1121 4098 1212 4145 Ge.
1263 4096 1323 4155 3,
1377 4096 1470 4145 30:

424 4167 620 4218 Addam
650 4169 799 4218 urbes
830 4170 978 4220 Asiae
1011 4171 1223 4219 domitas
1248 4170 1475 4231 pulsnm-

427 4256 522 4303 que
542 4243 793 4305 Niphaten
812 4244 1161 4305 Fidentemque
1193 4245 1320 4307 fuya
1349 4246 1475 4294 Par-

599 4334 779 4379 nonu.
817 4346 927 4380 voi..
962 4335 991 4378 l.
1050 4347 1127 4381 ιο.
1162 4343 1316 4379 aaron
1350 4334 1417 4379 ΙΙΙ.

1547 1799 1686 1847 ihm
1704 1799 1955 1859 versisque
1976 1798 2196 1860 sagittis,
2232 1799 2299 1847 Ει
2326 1798 2424 1845 duo
2444 1803 2601 1871 rapta

1546 1886 1707 1922 maom
1738 1873 1932 1922 diverso
1975 1886 2041 1921 ex
2071 1873 2205 1921 hoste
2237 1877 2448 1933 tropaea
2487 1873 2601 1920 Bis-

1548 1959 1645 2007 que
1693 1947 2027 2008 mmmhatas
2075 1952 2290 2008 utroque
2343 1946 2407 1995 ab
2458 1946 2602 1995 litore

1547 2023 1735 2085 qentis,·
1798 2023 1951 2072 cuius
1997 2020 2098 2070 loci
2161 2024 2373 2084 tempus
2420 2020 2603 2069 itidem

1549 2095 1601 2144 in
1639 2097 2000 2145 controversia
2035 2097 2305 2155 versatur,
2352 2107 2476 2145 cum
2517 2092 2603 2143 alii

1550 2168 1620 2217 ad
1670 2183 1717 2217 a.
1764 2169 1900 2229 724„
1956 2167 2039 2218 alii
2094 2169 2162 2217 ad
2214 2183 2264 2218 a.
2311 2167 2424 2218 734.
2476 2181 2601 2217 eum

1550 2243 1776 2292 trahant.
1817 2243 1921 2293 Cir.
1961 2242 2033 2292 ibi
2070 2244 2255 2304 Heyne
2291 2246 2346 2292 et
2378 2242 2532 2291 Voss.

1621 2346 1666 2393 4.
1714 2345 1946 2407 hispidos]
1992 2345 2120 2394 Voc.
2159 2345 2405 2405 hispidus,
2455 2343 2599 2407 quod

1552 2420 1765 2483 proprie
1812 2419 1880 2469 de
1927 2416 2045 2482 pilis
2091 2419 2274 2468 densis
2328 2421 2600 2481 squamis-

1552 2508 1660 2556 que
1695 2492 2038 2544 horrentibus
2072 2495 2387 2557 usurpatur,
2426 2497 2602 2542 trans-

1552 2568 1658 2618 fert
1689 2568 1758 2617 ad
1792 2581 1948 2631 agros
1982 2567 2187 2631 stipulis
2223 2570 2278 2616 et
2310 2568 2484 2616 omnis
2506 2580 2602 2628 ge-

1553 2643 1697 2692 neris
1733 2640 1926 2705 plantis
1961 2641 2354 2702 arboribusque
2390 2639 2525 2690 soliis
2550 2642 2605 2688 et

1551 2715 1831 2766 frondibus
1867 2713 2105 2778 spoliatis
2149 2713 2397 2763 horridos
2440 2716 2602 2775 atque

1553 2803 1794 2853 asperos.
1878 2790 1971 2839 Est
2018 2791 2199 2838 aulem
2249 2788 2454 2837 dictum
2505 2800 2605 2851 per

1553 2862 1852 2927 prolepsin,
1905 2877 2030 2913 nam
2079 2864 2224 2925 ipsos
2266 2875 2364 2926 per
2399 2860 2602 2912 imbres

1551 2939 1731 3000 hispidi
1755 2939 1867 2988 sive
1888 2936 2114 3001 squalidi
2142 2937 2274 2986 fiunt
2294 2937 2422 2999 agri.
2453 2935 2596 2998 (Plin.

1552 3014 1646 3074 22,
1673 3013 1703 3061 6
1724 3027 1733 3059 :
1770 3013 1948 3061 herbas
1969 3017 2172 3075 aspectu
2192 3012 2440 3073 himmas,
2466 3015 2604 3059 tactu

1553 3092 1732 3137 truces.
1772 3087 1956 3149 Ham.)

1616 3182 1666 3230 2.
1737 3194 1881 3230 mare
1948 3180 2207 3245 Caspium]
2273 3180 2600 3243 Pomponius

1552 3252 1685 3304 Mela
1739 3255 1796 3313 3,
1855 3256 1911 3303 5:
1971 3256 2117 3304 Mare
2172 3255 2406 3316 Caspium
2462 3265 2605 3301 omne

1552 3333 1736 3388 acran,
1772 3342 2004 3390 saevum,
2040 3330 2144 3377 sine
2169 3328 2439 3389 portubus,
2471 3338 2600 3387 pro-

1552 3404 1686 3451 cellis
1717 3403 1937 3465 undique
1974 3404 2271 3465 mesilam.

1620 3504 1667 3553 3.
1733 3504 1952 3567 Veaeanl]
2014 3502 2299 3562 «turbant,
2359 3500 2602 3563 quietum

1553 3591 1674 3627 esse
1710 3591 1813 3628 non
1850 3579 2077 3628 sinunt.»
2119 3579 2308 3638 Longe·
2331 3573 2602 3624 efficacius

1551 3652 1686 3711 hoc,
1725 3665 1887 3715 quam
1918 3657 2145 3712 versant,
2186 3652 2298 3700 sive
2333 3646 2598 3709 glossema

1552 3729 1636 3775 est
1684 3727 1795 3775 sive
1847 3725 2033 3775 solitus
2077 3726 2128 3774 in
2179 3724 2262 3772 his
2311 3735 2399 3770 vv.
2436 3719 2601 3769 libra-

1550 3801 1756 3850 riorum
1790 3813 1958 3849 error.
2033 3817 2057 3843 «ι
2072 3799 2170 3858 Qui
2214 3797 2382 3846 fertur
2424 3797 2479 3844 et
2513 3808 2600 3842 ra-

1550 3875 1732 3936 ptatur
1765 3876 1925 3935 atque
1960 3873 2066 3922 huc
2103 3871 2226 3921 illue
2259 3869 2594 3928 distrahitur,

1549 3947 1593 3996 is
1614 3948 1798 3996 vexari
1821 3947 2033 4010 proprie
2052 3946 2296 3995 dicitur.»
2330 3945 2391 3994 H.
2414 3946 2601 3993 Psi-:nz-

1548 4033 1698 4070 κιαι».
1738 4019 1900 4069 Simili
1932 4021 2160 4082 imagine
2184 4023 2433 4070 cormeum
2452 4017 2596 4081 apud

1545 4093 1731 4154 ItaloS‚
1770 4098 2044 4143 toumnenle
2063 4094 2204 4158 apud
2231 4090 2597 4156 Francogallos

1547 4180 1766 4218 saevam
1803 4170 2179 4230 tempestatem
2217 4167 2495 4231 significat.
2538 4192 2591 4200 —

1545 4241 1863 4304 inaequales]
1913 4241 2111 4294 «modo
2160 4243 2386 4300 maiore,
2437 4238 2597 4289 modo

2209 4331 2256 4375 17
