3234 4975
1215 437 1332 486 ua.
1376 438 1455 485 iv.
1528 438 1586 487 c.
1627 438 1707 486 iv.
2476 438 2601 498 5553

431 598 693 654 torumque
726 594 963 642 victorem
997 592 1252 658 appellat,
1292 597 1345 644 et
1379 607 1509 643 vero
1543 608 1602 644 re
1638 597 1752 659 ipsa
1776 594 2051 653 refellitur,
2090 597 2132 646 si
2169 595 2386 659 quidem
2410 596 2603 645 Raetos

432 679 483 725 ct
518 675 817 726 Vindelicos
854 676 1069 727 foedere
1101 678 1364 728 artissimo
1401 678 1539 727 inter
1560 691 1619 728 se
1645 680 1851 728 iunctos
1875 678 2064 738 fuisse,
2103 691 2280 742 neque
2305 682 2599 743 separatos,

430 759 524 809 sed
562 761 788 809 sociatos
824 761 1249 824 commixtosque
1285 762 1549 812 exercitus
1584 761 1836 812 habuisse
1870 760 2026 825 plane
2061 765 2300 826 apparet.
2339 763 2402 812 Et
2437 763 2603 826 quid‘?

431 845 481 891 in
516 843 686 906 prima
724 844 1085 906 expeditione,
1124 844 1209 893 cui
1243 842 1387 893 solus
1422 845 1627 894 Drusus
1661 844 1913 909 praefuit,
1956 845 2022 894 ad
2058 844 2217 909 Alpes
2252 845 2599 905 Tridentinae,

353 957 370 969 .
430 927 481 975 in
529 927 812 976 Raetorum
860 926 1079 987 finibus,
1133 926 1389 977 Vindelici
1450 930 1656 978 tantum
1702 926 1771 978 illi
1813 927 2027 978 obviam
2074 928 2196 978 sacti
2241 930 2398 978 sunt?
2457 930 2601 978 Raeti

434 1010 679 1073 (quorum
715 1010 765 1059 in
802 1009 995 1061 finibus
1032 1024 1119 1061 res
1156 1010 1466 1073 gerebatur)
1505 1014 1906 1075 exspectarunt,
1945 1011 2073 1061 dum
2096 1012 2305 1060 veniret
2325 1010 2604 1060 Tiberius?

431 1091 535 1141 Sed
571 1107 633 1143 ea
670 1095 781 1158 ipsa
816 1095 884 1144 de
920 1107 1109 1154 causa,
1156 1094 1300 1158 quod
1337 1096 1466 1144 socii
1501 1098 1657 1145 erant
1690 1109 1755 1146 eo
1791 1096 1842 1145 in
1878 1093 2017 1145 bello
2053 1096 2196 1144 Raeti
2233 1096 2288 1144 et
2320 1093 2600 1153 Vindelici,

432 1179 619 1240 poetae
656 1180 771 1227 erat
805 1191 901 1242 pro
936 1180 1163 1241 utroque
1198 1176 1396 1241 populo
1430 1176 1745 1229 alterutrum
1781 1179 2056 1229 nominare
2097 1178 2183 1228 bic
2217 1192 2267 1227 v.
2309 1179 2386 1228 48.
2427 1180 2482 1228 et
2503 1177 2599 1228 Od.

434 1259 487 1319 t,
546 1259 632 1319 tt,
688 1261 718 1309 9
754 1264 807 1310 et
844 1262 953 1319 ⁴5..
1006 1260 1099 1312 ubi
1144 1264 1265 1326 post
1305 1259 1553 1324 generale
1600 1262 1836 1311 Vindelici
1879 1264 2247 1311 memorantur
2280 1261 2516 1311 Genauni
2552 1264 2606 1310 et

434 1343 649 1399 Breuni,
704 1357 840 1405 quos
881 1357 1010 1395 sane
1044 1346 1257 1409 proprie
1292 1345 1359 1394 ad
1395 1345 1587 1395 Raetos
1622 1345 1797 1408 potius
1830 1357 1992 1408 quam
2027 1345 2096 1395 ad
2129 1343 2429 1394 Vindelicos
2463 1344 2605 1394 refe-

431 1425 629 1476 rendos
653 1440 773 1477 esse
810 1428 1145 1478 manifestum
1182 1428 1239 1477 fit
1272 1427 1355 1478 vel
1391 1442 1453 1478 ex
1480 1426 1607 1478 Plin.
1636 1428 1693 1487 3,
1731 1428 1848 1477 20.»
1887 1429 2010 1477 IAM.
2042 1455 2098 1464 —
2126 1428 2232 1478 Cfr.
2261 1442 2308 1477 ν.
2339 1429 2606 1490 ilormayr

433 1509 710 1559 Geschichte
759 1511 848 1561 der
897 1511 1184 1574 Grafschafl
1236 1511 1367 1560 Hrol
1400 1513 1437 1560 1.
1476 1523 1596 1575 pag.
1636 1510 1716 1560 94.
1766 1509 2145 1560 Drakenborch
2192 1510 2261 1560 ad
2313 1511 2421 1560 Liv.
2462 1512 2597 1575 Epit.

436 1591 579 1641 436.;
621 1592 912 1642 «Adsentiri
949 1606 1158 1657 nequeo
1190 1591 1430 1643 Bentleio
1464 1595 1738 1652 statuenti,
1777 1594 2007 1643 Drusum
2042 1607 2148 1643 non
2183 1605 2308 1643 cum
2343 1594 2519 1644 Raetis
2553 1596 2608 1644 et

434 1673 716 1725 Vindelicis
751 1674 950 1726 bellum
985 1677 1242 1739 gessisse,
1287 1676 1384 1727 sed
1419 1679 1652 1728 Drusum
1687 1675 1989 1727 Vindelicos
2021 1679 2252 1738 tantum,
2291 1678 2483 1727 Raetos
2520 1677 2607 1726 Ti-

435 1757 644 1809 berium
694 1759 1008 1822 adgressum
1055 1774 1193 1810 esse.
1274 1760 1354 1810 Ad
1399 1760 1543 1824 quod
1593 1759 1934 1824 probandum
1978 1760 2238 1824 imprimis
2281 1762 2473 1823 urguet
2515 1774 2600 1809 vv.

436 1839 618 1890 Velleii
652 1840 685 1891 Ι.
724 1841 780 1892 1.:
821 1844 1012 1905 Quippe
1042 1849 1252 1906 uterque
1289 1843 1544 1906 (Tiberius
1580 1846 1635 1894 et
1656 1844 1876 1905 Drusus)
1912 1844 2133 1893 divisis
2157 1843 2450 1906 partibus
2483 1845 2608 1894 Rao-

434 1929 507 1973 Los
547 1926 909 1988 Vindelicosque
941 1929 1180 1991 adyressi.
1241 1929 1441 1977 Verum
1475 1928 1589 1979 eius
1623 1928 1767 1977 hunc
1801 1940 2019 1977 sensum
2055 1931 2211 1990 puto,
2248 1926 2517 1976 Tiberium
2553 1930 2608 1976 et

437 2009 668 2058 Drusum
692 2012 975 2072 utramque
1008 2012 1225 2072 gentem
1258 2024 1363 2060 non
1398 2012 1589 2062 iunctis
1625 2011 1721 2061 sed
1757 2011 1938 2062 divisis
1962 2012 2154 2075 copiis,
2193 2022 2368 2073 neque
2395 2009 2603 2067 iisdem,

434 2089 531 2140 sed
566 2090 791 2142 diversis
837 2091 967 2143 locis
1001 2093 1285 2156 adgressos
1320 2106 1457 2143 esse.
1529 2093 1720 2145 Similis
1754 2094 1947 2145 locutio
1984 2095 2068 2144 est
2099 2092 2242 2157 apud
2277 2093 2478 2142 Livium
2513 2092 2602 2151 44,

438 2173 526 2222 lt:
582 2176 767 2224 Divisis
792 2176 1025 2237 partibus
1062 2176 1499 2239 (Cassandream)
1537 2191 1830 2241 oppugnare
1862 2177 2033 2227 adorsi
2074 2178 2290 2240 praetor
2323 2178 2376 2225 et
2409 2176 2607 2226 Eume-

437 2269 584 2306 nes.»
626 2284 681 2293 —
717 2258 876 2308 Addit
908 2261 1034 2309 Fas:
1074 2261 1277 2310 Drusus
1310 2259 1529 2324 Alpibus
1563 2263 1828 2324 superatis
1862 2274 1960 2325 per
1994 2274 2088 2310 eas
2124 2261 2283 2310 etiam
2319 2261 2458 2311 viam
2503 2263 2607 2311 mi-

437 2339 642 2390 litarem
678 2344 908 2406 aperuit,
958 2356 1121 2406 quam
1155 2344 1341 2406 postea
1377 2345 1597 2393 munivit
1631 2344 1746 2394 eius
1780 2343 1916 2393 filius
1952 2343 2193 2393 Tiberius
2227 2341 2501 2403 Claudius,
2552 2347 2609 2392 ut

436 2423 689 2475 discimus
724 2439 789 2475 ex
823 2425 998 2491 lapide
1033 2428 1249 2491 reperto
1284 2440 1423 2476 anno
1460 2427 1604 2478 4786.
1641 2439 1810 2492 prope
1845 2425 2090 2477 Feltriam
2125 2425 2265 2490 apud
2300 2426 2484 2476 Mar-in.
2525 2426 2604 2475 Fr.

436 2511 558 2557 ArV.
594 2521 647 2572 p.
689 2509 781 2559 77:

1136 2595 1215 2644 TI.
1255 2595 1593 2645 CLAVDIVS.
1633 2595 1836 2647 DRUSl.
1875 2596 1911 2644 F

1166 2679 1431 2728 CAESAR.
1472 2679 1620 2728 AVG.
1660 2679 1880 2729 GERMA

1128 2762 1334 2810 NICVS.
1374 2762 1704 2811 PONTIFEX.
1743 2762 1927 2812 MAXV

1074 2845 1223 2893 MVS.
1263 2845 1649 2894 TRIBVNICIA.
1691 2845 1970 2894 POTESTA

1026 2928 1124 2977 TE.
1162 2916 1245 2975 W
1276 2928 1410 2976 cos
1446 2916 1534 2977 ῑῑῖ.
1572 2928 1703 2977 mr.
1743 2927 1826 2976 xl.
1867 2929 1920 2977 P.
1961 2931 2015 2977 P.

1091 3012 1356 3061 CENSOR.
1402 3010 1578 3061 VlAM.
1619 3011 1954 3062 CLAVDIAM

1076 3094 1440 3143 AVGVSTAM.
1481 3094 1684 3153 QVAM.
1723 3095 1971 3144 DRVSVS

1018 3179 1239 3228 PATER.
1279 3175 1564 3227 ALPlBVS.
1602 3179 1825 3227 BELLO.
1866 3179 2027 3228 PATE

1018 3263 1256 3312 FACTIS.
1294 3262 1662 3313 DERIVAVIT.
1701 3263 1915 3314 MUNlT.
1953 3263 2036 3312 AB

1046 3346 1295 3396 ALTINO.
1335 3346 1564 3406 VSQVE.
1601 3347 1709 3397 AD.
1749 3347 2006 3397 FLVMEN

1141 3430 1501 3482 DANVVIVM.
1541 3432 1606 3481 Μ.
1648 3434 1702 3480 Ρ.
1742 3431 1909 3480 CCCI.

1392 3611 1503 3616 «ι’-,Η
1518 3610 1661 3617 W

1072 3779 1801 3840 Excunsus
1881 3783 1966 3837 ΙΙ.

1301 3911 1749 3963 ‚munti—48.

575 4033 787 4084 «Glossa
812 4032 1000 4095 poetici
1026 4032 1387 4088 Gramniatici,
1428 4032 1565 4080 illum
1587 4034 1716 4081 diem
1740 4030 2062 4094 explicantis.
2125 4031 2186 4081 Et
2208 4032 2462 4092 observO,
2501 4034 2611 4098 plu-

445 4117 604 4167 rimas
638 4115 840 4180 glossas
874 4129 905 4164 a
940 4128 1071 4164 voce
1107 4116 1193 4176 qui
1227 4116 1488 4177 incipere,
1544 4116 1693 4164 cuius
1728 4115 1804 4163 rci
1850 4115 1898 4162 in
1937 4114 2149 4163 Horatio
2183 4114 2344 4165 multa
2381 4117 2610 4167 vidimus

443 4199 713 4264 exempla,
752 4203 806 4250 et
840 4200 891 4248 in
928 4199 1028 4248 hoc
1066 4200 1179 4261 ipso
1215 4198 1450 4246 carmine
1475 4210 1525 4244 ν.
1556 4197 1634 4247 48.
1675 4199 1858 4258 Neque
1884 4197 2009 4246 mihi
2040 4197 2213 4260 placet
2234 4200 2374 4249 alma
2395 4201 2605 4252 adorea.

445 4297 619 4347 neque
643 4283 815 4349 glossa
842 4297 964 4333 vera
985 4286 1081 4333 est.
1111 4283 1245 4333 Dicit
1269 4282 1413 4331 enim
1437 4283 1647 4340 auctor,
1677 4281 1949 4332 victoriam
1967 4281 2109 4346 apud
2132 4283 2425 4334 Metaurum
2449 4281 2608 4332 fuisso
