<?xml version="1.0" encoding="UTF-8"?>
<!DOCTYPE html PUBLIC "-//W3C//DTD XHTML 1.0 Transitional//EN"
    "http://www.w3.org/TR/xhtml1/DTD/xhtml1-transitional.dtd">
<html xmlns="http://www.w3.org/1999/xhtml" xml:lang="en" lang="en">
 <head>
  <title>
</title>
<meta http-equiv="Content-Type" content="text/html;charset=utf-8" />
  <meta name='ocr-system' content='tesseract 3.04.00' />
  <meta name='ocr-capabilities' content='ocr_page ocr_carea ocr_par ocr_line ocrx_word'/>
</head>
<body>
  <div class='ocr_page' id='page_1' title='image "./qhoratiusflaccu05baitgoog_0585.png"; bbox 0 0 3234 4975; ppageno 0'>
   <div class='ocr_carea' id='block_1_1' title="bbox 1210 419 1707 471">
    <p class='ocr_par' dir='ltr' id='par_1_1' title="bbox 1210 419 1707 471">
     <span class='ocr_line' id='line_1_1' title="bbox 1210 419 1707 471; baseline -0.004 -1"><span class='ocrx_word' id='word_1_1' title='bbox 1210 422 1327 471; x_wconf 83' lang='lat' dir='ltr'><strong>LIB.</strong></span> <span class='ocrx_word' id='word_1_2' title='bbox 1373 420 1456 470; x_wconf 87' lang='lat' dir='ltr'><strong>IV.</strong></span> <span class='ocrx_word' id='word_1_3' title='bbox 1528 420 1585 470; x_wconf 92' lang='lat' dir='ltr'><strong>C.</strong></span> <span class='ocrx_word' id='word_1_4' title='bbox 1623 419 1707 469; x_wconf 82' lang='lat' dir='ltr'><strong>IV.</strong></span> 
     </span>
    </p>
   </div>
   <div class='ocr_carea' id='block_1_2' title="bbox 664 548 1922 663">
    <p class='ocr_par' dir='ltr' id='par_1_2' title="bbox 664 548 1922 663">
     <span class='ocr_line' id='line_1_2' title="bbox 664 548 1922 663; baseline -0.004 -20"><span class='ocrx_word' id='word_1_5' title='bbox 664 548 923 643; x_wconf 71' lang='lat' dir='ltr'><strong>&#39;Mittam</strong></span> <span class='ocrx_word' id='word_1_6' title='bbox 969 574 1320 663; x_wconf 89' lang='lat' dir='ltr'><strong>superbos:</strong></span> <span class='ocrx_word' id='word_1_7' title='bbox 1369 574 1636 653; x_wconf 83' lang='lat' dir='ltr'><strong>occidit,</strong></span> <span class='ocrx_word' id='word_1_8' title='bbox 1685 573 1922 641; x_wconf 82' lang='lat' dir='ltr'><strong>occidit</strong></span> 
     </span>
    </p>
   </div>
   <div class='ocr_carea' id='block_1_3' title="bbox 2479 416 2605 636">
    <p class='ocr_par' dir='ltr' id='par_1_3' title="bbox 2479 416 2605 636">
     <span class='ocr_line' id='line_1_3' title="bbox 2479 416 2604 479; baseline 0 0"><span class='ocrx_word' id='word_1_9' title='bbox 2479 416 2604 479; x_wconf 80' lang='lat'><strong>553</strong></span> 
     </span>
     <span class='ocr_line' id='line_1_4' title="bbox 2523 573 2605 636; baseline -0.012 0"><span class='ocrx_word' id='word_1_10' title='bbox 2523 573 2605 636; x_wconf 89' lang='grc'><strong>70</strong></span> 
     </span>
    </p>
   </div>
   <div class='ocr_carea' id='block_1_4' title="bbox 772 696 2033 905">
    <p class='ocr_par' dir='ltr' id='par_1_4' title="bbox 772 696 2033 905">
     <span class='ocr_line' id='line_1_5' title="bbox 772 696 1839 784; baseline -0.002 -20"><span class='ocrx_word' id='word_1_11' title='bbox 772 698 938 784; x_wconf 85' lang='lat' dir='ltr'>Spes</span> <span class='ocrx_word' id='word_1_12' title='bbox 982 696 1191 763; x_wconf 90' lang='lat' dir='ltr'><strong>omnis</strong></span> <span class='ocrx_word' id='word_1_13' title='bbox 1237 706 1301 763; x_wconf 89' lang='lat' dir='ltr'><strong>et</strong></span> <span class='ocrx_word' id='word_1_14' title='bbox 1344 697 1597 763; x_wconf 84' lang='lat' dir='ltr'><strong>fortuna</strong></span> <span class='ocrx_word' id='word_1_15' title='bbox 1641 696 1839 762; x_wconf 85' lang='lat' dir='ltr'>nostri</span> 
     </span>
     <span class='ocr_line' id='line_1_6' title="bbox 851 816 2033 905; baseline -0.003 -19"><span class='ocrx_word' id='word_1_16' title='bbox 851 818 1137 886; x_wconf 88' lang='lat' dir='ltr'>Nominis</span> <span class='ocrx_word' id='word_1_17' title='bbox 1182 816 1586 886; x_wconf 80' lang='lat' dir='ltr'>Hasdrubale</span> <span class='ocrx_word' id='word_1_18' title='bbox 1633 818 2033 905; x_wconf 86' lang='lat' dir='ltr'><strong>interempto.</strong></span> 
     </span>
    </p>
   </div>
   <div class='ocr_carea' id='block_1_5' title="bbox 682 975 1994 1186">
    <p class='ocr_par' dir='ltr' id='par_1_5' title="bbox 682 975 1994 1186">
     <span class='ocr_line' id='line_1_7' title="bbox 682 975 1994 1063; baseline -0.002 -18"><span class='ocrx_word' id='word_1_19' title='bbox 682 977 779 1045; x_wconf 88' lang='lat' dir='ltr'><strong>Nil</strong></span> <span class='ocrx_word' id='word_1_20' title='bbox 829 975 1137 1045; x_wconf 78' lang='lat' dir='ltr'>Claudiae</span> <span class='ocrx_word' id='word_1_21' title='bbox 1181 996 1312 1043; x_wconf 92' lang='lat' dir='ltr'><strong>non</strong></span> <span class='ocrx_word' id='word_1_22' title='bbox 1355 975 1695 1063; x_wconf 83' lang='lat' dir='ltr'><strong>perficient</strong></span> <span class='ocrx_word' id='word_1_23' title='bbox 1735 996 1994 1052; x_wconf 89' lang='lat' dir='ltr'><strong>manus,</strong></span> 
     </span>
     <span class='ocr_line' id='line_1_8' title="bbox 686 1095 1941 1186; baseline -0.004 -21"><span class='ocrx_word' id='word_1_24' title='bbox 686 1100 864 1178; x_wconf 89' lang='lat' dir='ltr'><strong>Quas</strong></span> <span class='ocrx_word' id='word_1_25' title='bbox 906 1107 973 1164; x_wconf 91' lang='lat' dir='ltr'><strong>et</strong></span> <span class='ocrx_word' id='word_1_26' title='bbox 1014 1098 1295 1186; x_wconf 80' lang='lat' dir='ltr'><strong>benigno</strong></span> <span class='ocrx_word' id='word_1_27' title='bbox 1341 1098 1606 1164; x_wconf 89' lang='lat' dir='ltr'><strong>numine</strong></span> <span class='ocrx_word' id='word_1_28' title='bbox 1653 1095 1941 1184; x_wconf 88' lang='lat' dir='ltr'><strong>Iuppiter</strong></span> 
     </span>
    </p>
   </div>
   <div class='ocr_carea' id='block_1_6' title="bbox 772 1219 1740 1306">
    <p class='ocr_par' dir='ltr' id='par_1_6' title="bbox 772 1219 1740 1306">
     <span class='ocr_line' id='line_1_9' title="bbox 772 1219 1740 1306; baseline 0.001 -22"><span class='ocrx_word' id='word_1_29' title='bbox 772 1219 1071 1287; x_wconf 79' lang='lat' dir='ltr'><strong>Defendit</strong></span> <span class='ocrx_word' id='word_1_30' title='bbox 1112 1229 1177 1286; x_wconf 88' lang='lat' dir='ltr'><strong>et</strong></span> <span class='ocrx_word' id='word_1_31' title='bbox 1223 1239 1421 1287; x_wconf 87' lang='lat' dir='ltr'><strong>curae</strong></span> <span class='ocrx_word' id='word_1_32' title='bbox 1468 1238 1740 1306; x_wconf 83' lang='lat' dir='ltr'><strong>sagaces</strong></span> 
     </span>
    </p>
   </div>
   <div class='ocr_carea' id='block_1_7' title="bbox 2527 1217 2607 1281">
    <p class='ocr_par' dir='ltr' id='par_1_7' title="bbox 2527 1217 2607 1281">
     <span class='ocr_line' id='line_1_10' title="bbox 2527 1217 2607 1281; baseline 0 0"><span class='ocrx_word' id='word_1_33' title='bbox 2527 1217 2607 1281; x_wconf 83' lang='lat'><strong>75</strong></span> 
     </span>
    </p>
   </div>
   <div class='ocr_carea' id='block_1_8' title="bbox 858 1339 1823 1429">
    <p class='ocr_par' dir='ltr' id='par_1_8' title="bbox 858 1339 1823 1429">
     <span class='ocr_line' id='line_1_11' title="bbox 858 1339 1823 1429; baseline -0.003 -22"><span class='ocrx_word' id='word_1_34' title='bbox 858 1339 1218 1429; x_wconf 87' lang='lat' dir='ltr'><strong>Expediunt</strong></span> <span class='ocrx_word' id='word_1_35' title='bbox 1259 1360 1381 1428; x_wconf 89' lang='lat' dir='ltr'><strong>per</strong></span> <span class='ocrx_word' id='word_1_36' title='bbox 1422 1349 1610 1407; x_wconf 83' lang='lat' dir='ltr'><strong>acuta</strong></span> <span class='ocrx_word' id='word_1_37' title='bbox 1652 1339 1823 1406; x_wconf 90' lang='lat' dir='ltr'><strong>belli.</strong></span> 
     </span>
    </p>
   </div>
   <div class='ocr_carea' id='block_1_9' title="bbox 504 1508 2545 1650">
    <p class='ocr_par' dir='ltr' id='par_1_9' title="bbox 504 1508 2545 1650">
     <span class='ocr_line' id='line_1_12' title="bbox 566 1508 2545 1575; baseline 0.001 -15"><span class='ocrx_word' id='word_1_38' title='bbox 566 1511 648 1560; x_wconf 85' lang='grc'><strong>73.</strong></span> <span class='ocrx_word' id='word_1_39' title='bbox 686 1510 823 1561; x_wconf 75' lang='lat' dir='ltr'><strong>Nihil</strong></span> <span class='ocrx_word' id='word_1_40' title='bbox 853 1510 910 1559; x_wconf 91' lang='lat' dir='ltr'><strong>T.</strong></span> <span class='ocrx_word' id='word_1_41' title='bbox 941 1537 995 1545; x_wconf 96' lang='lat'><strong>—</strong></span> <span class='ocrx_word' id='word_1_42' title='bbox 1015 1511 1285 1574; x_wconf 53' lang='lat' dir='ltr'><strong>perficite&amp;</strong></span> <span class='ocrx_word' id='word_1_43' title='bbox 1314 1511 1373 1570; x_wconf 89' lang='lat' dir='ltr'><strong>T,</strong></span> <span class='ocrx_word' id='word_1_44' title='bbox 1410 1508 1680 1560; x_wconf 76' lang='lat' dir='ltr'><strong>«Blandin.</strong></span> <span class='ocrx_word' id='word_1_45' title='bbox 1716 1511 2006 1570; x_wconf 78' lang='lat' dir='ltr'><strong>vetustiss..</strong></span> <span class='ocrx_word' id='word_1_46' title='bbox 2044 1509 2181 1560; x_wconf 86' lang='lat' dir='ltr'><strong>alter</strong></span> <span class='ocrx_word' id='word_1_47' title='bbox 2212 1509 2378 1561; x_wconf 88' lang='lat' dir='ltr'><strong>Pulm.</strong></span> <span class='ocrx_word' id='word_1_48' title='bbox 2406 1512 2545 1575; x_wconf 85' lang='lat' dir='ltr'><strong>opti-</strong></span> 
     </span>
     <span class='ocr_line' id='line_1_13' title="bbox 504 1582 2541 1650; baseline -0 -14"><span class='ocrx_word' id='word_1_49' title='bbox 504 1598 623 1636; x_wconf 87' lang='lat' dir='ltr'><strong>mus</strong></span> <span class='ocrx_word' id='word_1_50' title='bbox 659 1587 713 1635; x_wconf 85' lang='lat' dir='ltr'><strong>et</strong></span> <span class='ocrx_word' id='word_1_51' title='bbox 746 1584 965 1650; x_wconf 88' lang='lat' dir='ltr'><strong>quidam</strong></span> <span class='ocrx_word' id='word_1_52' title='bbox 1012 1583 1323 1645; x_wconf 77' lang='lat' dir='ltr'><strong>Lambini»,</strong></span> <span class='ocrx_word' id='word_1_53' title='bbox 1381 1582 1651 1636; x_wconf 88' lang='lat' dir='ltr'><strong>Bentleius</strong></span> <span class='ocrx_word' id='word_1_54' title='bbox 1672 1623 1684 1646; x_wconf 98' lang='lat'><strong>,</strong></span> <span class='ocrx_word' id='word_1_55' title='bbox 1736 1585 2006 1649; x_wconf 70' lang='lat' dir='ltr'><strong>perficiant</strong></span> <span class='ocrx_word' id='word_1_56' title='bbox 2053 1584 2285 1634; x_wconf 88' lang='lat' dir='ltr'><strong>Pottierii</strong></span> <span class='ocrx_word' id='word_1_57' title='bbox 2328 1586 2387 1645; x_wconf 78' lang='lat'><strong>5,</strong></span> <span class='ocrx_word' id='word_1_58' title='bbox 2442 1583 2506 1635; x_wconf 75' lang='lat'><strong>⁴4</strong></span> <span class='ocrx_word' id='word_1_59' title='bbox 2529 1624 2541 1645; x_wconf 85' lang='grc'>,</span> 
     </span>
    </p>
   </div>
   <div class='ocr_carea' id='block_1_10' title="bbox 501 1657 2214 1723">
    <p class='ocr_par' dir='ltr' id='par_1_10' title="bbox 501 1657 2214 1723">
     <span class='ocr_line' id='line_1_14' title="bbox 501 1657 2214 1723; baseline 0.001 -15"><span class='ocrx_word' id='word_1_60' title='bbox 501 1658 712 1723; x_wconf 73' lang='lat' dir='ltr'><strong>efficient</strong></span> <span class='ocrx_word' id='word_1_61' title='bbox 764 1671 890 1709; x_wconf 89' lang='lat' dir='ltr'><strong>cum</strong></span> <span class='ocrx_word' id='word_1_62' title='bbox 942 1658 1108 1709; x_wconf 88' lang='lat' dir='ltr'><strong>Codd.</strong></span> <span class='ocrx_word' id='word_1_63' title='bbox 1154 1657 1275 1722; x_wconf 83' lang='lat' dir='ltr'><strong>aliq.</strong></span> <span class='ocrx_word' id='word_1_64' title='bbox 1327 1658 1583 1720; x_wconf 86' lang='lat' dir='ltr'><strong>(Pottierii</strong></span> <span class='ocrx_word' id='word_1_65' title='bbox 1616 1661 1649 1710; x_wconf 73' lang='lat'>2</span> <span class='ocrx_word' id='word_1_66' title='bbox 1685 1661 1741 1710; x_wconf 81' lang='lat' dir='ltr'><strong>et</strong></span> <span class='ocrx_word' id='word_1_67' title='bbox 1787 1659 1855 1722; x_wconf 88' lang='lat'><strong>6.)</strong></span> <span class='ocrx_word' id='word_1_68' title='bbox 1908 1657 2214 1710; x_wconf 80' lang='lat' dir='ltr'><strong>Glareanus.</strong></span> 
     </span>
    </p>
   </div>
   <div class='ocr_carea' id='block_1_11' title="bbox 502 1733 1324 1796">
    <p class='ocr_par' dir='ltr' id='par_1_11' title="bbox 502 1733 1324 1796">
     <span class='ocr_line' id='line_1_15' title="bbox 502 1733 1324 1796; baseline -0.001 -12"><span class='ocrx_word' id='word_1_69' title='bbox 502 1733 725 1796; x_wconf 84' lang='lat' dir='ltr'><strong>BbScd.)</strong></span> <span class='ocrx_word' id='word_1_70' title='bbox 765 1762 820 1770; x_wconf 93' lang='lat'><strong>—</strong></span> <span class='ocrx_word' id='word_1_71' title='bbox 858 1734 937 1783; x_wconf 82' lang='lat'><strong>75.</strong></span> <span class='ocrx_word' id='word_1_72' title='bbox 974 1735 1237 1784; x_wconf 72' lang='lat' dir='ltr'><strong><em>Descendit</em></strong></span> <span class='ocrx_word' id='word_1_73' title='bbox 1269 1735 1324 1783; x_wconf 88' lang='lat' dir='ltr'><strong>T.</strong></span> 
     </span>
    </p>
   </div>
   <div class='ocr_carea' id='block_1_12' title="bbox 438 1881 1498 4246">
    <p class='ocr_par' dir='ltr' id='par_1_12' title="bbox 438 1881 1491 2674">
     <span class='ocr_line' id='line_1_16' title="bbox 439 1881 1491 1933; baseline -0.001 0"><span class='ocrx_word' id='word_1_74' title='bbox 439 1898 551 1933; x_wconf 81' lang='lat' dir='ltr'><strong>ow.</strong></span> <span class='ocrx_word' id='word_1_75' title='bbox 582 1910 636 1920; x_wconf 89' lang='lat'><strong>—</strong></span> <span class='ocrx_word' id='word_1_76' title='bbox 663 1884 775 1933; x_wconf 90' lang='lat' dir='ltr'><strong>Iam</strong></span> <span class='ocrx_word' id='word_1_77' title='bbox 810 1881 1009 1933; x_wconf 85' lang='lat' dir='ltr'><strong>similes</strong></span> <span class='ocrx_word' id='word_1_78' title='bbox 1042 1881 1347 1933; x_wconf 77' lang='lat' dir='ltr'><strong>Hannibalis</strong></span> <span class='ocrx_word' id='word_1_79' title='bbox 1371 1895 1491 1932; x_wconf 92' lang='lat' dir='ltr'><strong>ora-</strong></span> 
     </span>
     <span class='ocr_line' id='line_1_17' title="bbox 439 1956 1483 2021; baseline -0.001 -14"><span class='ocrx_word' id='word_1_80' title='bbox 439 1959 611 2008; x_wconf 82' lang='lat' dir='ltr'><strong>tiones</strong></span> <span class='ocrx_word' id='word_1_81' title='bbox 666 1956 838 2007; x_wconf 89' lang='lat' dir='ltr'><strong>habes</strong></span> <span class='ocrx_word' id='word_1_82' title='bbox 890 1956 1031 2021; x_wconf 88' lang='lat' dir='ltr'><strong>apud</strong></span> <span class='ocrx_word' id='word_1_83' title='bbox 1081 1957 1189 2006; x_wconf 80' lang='lat' dir='ltr'><strong>Liv.</strong></span> <span class='ocrx_word' id='word_1_84' title='bbox 1242 1958 1334 2017; x_wconf 79' lang='lat'><strong>27,</strong></span> <span class='ocrx_word' id='word_1_85' title='bbox 1391 1957 1483 2007; x_wconf 73' lang='lat'><strong>⁴4:</strong></span> 
     </span>
     <span class='ocr_line' id='line_1_18' title="bbox 441 2031 1489 2094; baseline -0.001 -12"><span class='ocrx_word' id='word_1_86' title='bbox 441 2032 596 2082; x_wconf 74' lang='lat' dir='ltr'><strong>«Cum</strong></span> <span class='ocrx_word' id='word_1_87' title='bbox 626 2045 685 2081; x_wconf 80' lang='lat' dir='ltr'><strong>eo</strong></span> <span class='ocrx_word' id='word_1_88' title='bbox 725 2031 987 2090; x_wconf 79' lang='lat' dir='ltr'><strong>nimirum,</strong></span> <span class='ocrx_word' id='word_1_89' title='bbox 1013 2048 1038 2074; x_wconf 75' lang='lat' dir='ltr'><strong>n</strong></span> <span class='ocrx_word' id='word_1_90' title='bbox 1084 2032 1271 2094; x_wconf 67' lang='lat' dir='ltr'><strong>inquit,</strong></span> <span class='ocrx_word' id='word_1_91' title='bbox 1327 2032 1489 2081; x_wconf 74' lang='lat' dir='ltr'><strong>«hoste</strong></span> 
     </span>
     <span class='ocr_line' id='line_1_19' title="bbox 439 2104 1489 2167; baseline 0.002 -13"><span class='ocrx_word' id='word_1_92' title='bbox 439 2119 519 2156; x_wconf 74' lang='lat' dir='ltr'><strong>res</strong></span> <span class='ocrx_word' id='word_1_93' title='bbox 560 2111 656 2167; x_wconf 71' lang='lat' dir='ltr'><strong>esc,</strong></span> <span class='ocrx_word' id='word_1_94' title='bbox 710 2107 799 2167; x_wconf 76' lang='lat' dir='ltr'><strong>qui</strong></span> <span class='ocrx_word' id='word_1_95' title='bbox 840 2119 932 2155; x_wconf 74' lang='lat' dir='ltr'><strong>nec</strong></span> <span class='ocrx_word' id='word_1_96' title='bbox 964 2104 1146 2156; x_wconf 76' lang='lat' dir='ltr'><strong>bonam</strong></span> <span class='ocrx_word' id='word_1_97' title='bbox 1175 2120 1265 2156; x_wconf 79' lang='lat' dir='ltr'><strong>noc</strong></span> <span class='ocrx_word' id='word_1_98' title='bbox 1295 2106 1489 2156; x_wconf 80' lang='lat' dir='ltr'><strong>malam</strong></span> 
     </span>
     <span class='ocr_line' id='line_1_20' title="bbox 442 2180 1490 2243; baseline 0.001 -14"><span class='ocrx_word' id='word_1_99' title='bbox 442 2181 575 2241; x_wconf 76' lang='lat' dir='ltr'><strong>forre</strong></span> <span class='ocrx_word' id='word_1_100' title='bbox 606 2180 865 2243; x_wconf 76' lang='lat' dir='ltr'><strong>fortunam</strong></span> <span class='ocrx_word' id='word_1_101' title='bbox 889 2184 1065 2241; x_wconf 77' lang='lat' dir='ltr'><strong>potest.</strong></span> <span class='ocrx_word' id='word_1_102' title='bbox 1123 2181 1223 2230; x_wconf 71' lang='lat' dir='ltr'><strong>Seu</strong></span> <span class='ocrx_word' id='word_1_103' title='bbox 1240 2181 1383 2242; x_wconf 77' lang='lat' dir='ltr'><strong>vicit,</strong></span> <span class='ocrx_word' id='word_1_104' title='bbox 1418 2180 1490 2243; x_wconf 77' lang='lat' dir='ltr'><strong>fe-</strong></span> 
     </span>
     <span class='ocr_line' id='line_1_21' title="bbox 438 2254 1486 2317; baseline 0.004 -16"><span class='ocrx_word' id='word_1_105' title='bbox 438 2254 625 2304; x_wconf 75' lang='lat' dir='ltr'><strong>rociter</strong></span> <span class='ocrx_word' id='word_1_106' title='bbox 664 2255 817 2304; x_wconf 70' lang='lat' dir='ltr'><strong>instat</strong></span> <span class='ocrx_word' id='word_1_107' title='bbox 854 2255 1024 2313; x_wconf 76' lang='lat' dir='ltr'><strong>oictis;</strong></span> <span class='ocrx_word' id='word_1_108' title='bbox 1074 2268 1161 2305; x_wconf 78' lang='lat' dir='ltr'><strong>seu</strong></span> <span class='ocrx_word' id='word_1_109' title='bbox 1198 2256 1359 2305; x_wconf 73' lang='lat' dir='ltr'><strong>victus</strong></span> <span class='ocrx_word' id='word_1_110' title='bbox 1390 2260 1486 2317; x_wconf 78' lang='lat' dir='ltr'><strong>ost,</strong></span> 
     </span>
     <span class='ocr_line' id='line_1_22' title="bbox 446 2328 1487 2379; baseline 0.003 -3"><span class='ocrx_word' id='word_1_111' title='bbox 446 2329 700 2377; x_wconf 78' lang='lat' dir='ltr'><strong>instaurat</strong></span> <span class='ocrx_word' id='word_1_112' title='bbox 730 2341 846 2378; x_wconf 74' lang='lat' dir='ltr'><strong>cum</strong></span> <span class='ocrx_word' id='word_1_113' title='bbox 874 2328 1144 2379; x_wconf 76' lang='lat' dir='ltr'><strong>victoribus</strong></span> <span class='ocrx_word' id='word_1_114' title='bbox 1174 2335 1487 2379; x_wconf 76' lang='lat' dir='ltr'><strong>certamen.»</strong></span> 
     </span>
     <span class='ocr_line' id='line_1_23' title="bbox 442 2401 1487 2463; baseline 0.002 -13"><span class='ocrx_word' id='word_1_115' title='bbox 442 2404 498 2451; x_wconf 84' lang='lat' dir='ltr'><strong>et</strong></span> <span class='ocrx_word' id='word_1_116' title='bbox 532 2402 791 2452; x_wconf 89' lang='lat' dir='ltr'><strong>lustinum</strong></span> <span class='ocrx_word' id='word_1_117' title='bbox 824 2401 914 2463; x_wconf 75' lang='lat'><strong>3⁴,</strong></span> <span class='ocrx_word' id='word_1_118' title='bbox 952 2402 1009 2450; x_wconf 78' lang='lat'><strong>5:</strong></span> <span class='ocrx_word' id='word_1_119' title='bbox 1058 2402 1213 2452; x_wconf 77' lang='lat' dir='ltr'><strong>«Cwm</strong></span> <span class='ocrx_word' id='word_1_120' title='bbox 1244 2404 1487 2462; x_wconf 78' lang='lat' dir='ltr'><strong>Romano,</strong></span> 
     </span>
     <span class='ocr_line' id='line_1_24' title="bbox 446 2476 1491 2539; baseline 0.001 -13"><span class='ocrx_word' id='word_1_121' title='bbox 446 2490 532 2526; x_wconf 76' lang='lat' dir='ltr'><strong>seu</strong></span> <span class='ocrx_word' id='word_1_122' title='bbox 565 2477 884 2538; x_wconf 73' lang='lat' dir='ltr'><strong>occupaveris</strong></span> <span class='ocrx_word' id='word_1_123' title='bbox 910 2476 1060 2539; x_wconf 79' lang='lat' dir='ltr'><strong>prior</strong></span> <span class='ocrx_word' id='word_1_124' title='bbox 1091 2477 1269 2538; x_wconf 73' lang='lat' dir='ltr'><strong>aliqua</strong></span> <span class='ocrx_word' id='word_1_125' title='bbox 1300 2491 1387 2527; x_wconf 81' lang='lat' dir='ltr'><strong>seu</strong></span> <span class='ocrx_word' id='word_1_126' title='bbox 1416 2477 1491 2527; x_wconf 75' lang='lat' dir='ltr'><strong>vi-</strong></span> 
     </span>
     <span class='ocr_line' id='line_1_25' title="bbox 442 2550 1490 2610; baseline 0.002 -11"><span class='ocrx_word' id='word_1_127' title='bbox 442 2550 595 2610; x_wconf 80' lang='lat' dir='ltr'><strong>ceris,</strong></span> <span class='ocrx_word' id='word_1_128' title='bbox 632 2555 799 2599; x_wconf 77' lang='lat' dir='ltr'><strong>tamen</strong></span> <span class='ocrx_word' id='word_1_129' title='bbox 833 2552 986 2600; x_wconf 76' lang='lat' dir='ltr'><strong>etiam</strong></span> <span class='ocrx_word' id='word_1_130' title='bbox 1016 2564 1131 2600; x_wconf 74' lang='lat' dir='ltr'><strong>cum</strong></span> <span class='ocrx_word' id='word_1_131' title='bbox 1160 2553 1291 2601; x_wconf 76' lang='lat' dir='ltr'><strong>victo</strong></span> <span class='ocrx_word' id='word_1_132' title='bbox 1323 2557 1369 2601; x_wconf 81' lang='lat' dir='ltr'><strong>et</strong></span> <span class='ocrx_word' id='word_1_133' title='bbox 1407 2552 1490 2601; x_wconf 77' lang='lat' dir='ltr'><strong>ia-</strong></span> 
     </span>
     <span class='ocr_line' id='line_1_26' title="bbox 443 2624 1086 2674; baseline -0.005 -2"><span class='ocrx_word' id='word_1_134' title='bbox 443 2628 580 2673; x_wconf 76' lang='lat' dir='ltr'><strong>cente</strong></span> <span class='ocrx_word' id='word_1_135' title='bbox 611 2624 903 2673; x_wconf 74' lang='lat' dir='ltr'><strong>luctandum</strong></span> <span class='ocrx_word' id='word_1_136' title='bbox 934 2637 1049 2674; x_wconf 76' lang='lat' dir='ltr'><strong>esse.</strong></span> <span class='ocrx_word' id='word_1_137' title='bbox 1062 2644 1086 2670; x_wconf 88' lang='lat'>»</span> 
     </span>
    </p>

    <p class='ocr_par' dir='ltr' id='par_1_13' title="bbox 441 2697 1497 3424">
     <span class='ocr_line' id='line_1_27' title="bbox 507 2697 1486 2761; baseline 0.001 -14"><span class='ocrx_word' id='word_1_138' title='bbox 507 2698 590 2747; x_wconf 80' lang='lat'><strong>69.</strong></span> <span class='ocrx_word' id='word_1_139' title='bbox 616 2697 696 2746; x_wconf 89' lang='grc'><strong>70.</strong></span> <span class='ocrx_word' id='word_1_140' title='bbox 721 2699 957 2747; x_wconf 64' lang='lat' dir='ltr'><strong>nmmos-</strong></span> <span class='ocrx_word' id='word_1_141' title='bbox 973 2699 1234 2761; x_wconf 79' lang='lat' dir='ltr'><strong>superbos]</strong></span> <span class='ocrx_word' id='word_1_142' title='bbox 1261 2700 1368 2750; x_wconf 82' lang='lat' dir='ltr'><strong>Liv.</strong></span> <span class='ocrx_word' id='word_1_143' title='bbox 1390 2699 1454 2748; x_wconf 75' lang='lat'><strong>23</strong></span> <span class='ocrx_word' id='word_1_144' title='bbox 1474 2738 1486 2758; x_wconf 91' lang='lat'><strong>,</strong></span> 
     </span>
     <span class='ocr_line' id='line_1_28' title="bbox 445 2771 1490 2836; baseline 0.004 -16"><span class='ocrx_word' id='word_1_145' title='bbox 445 2773 523 2822; x_wconf 76' lang='lat'><strong>⁴2.</strong></span> <span class='ocrx_word' id='word_1_146' title='bbox 560 2773 685 2835; x_wconf 90' lang='lat' dir='ltr'><strong>post</strong></span> <span class='ocrx_word' id='word_1_147' title='bbox 721 2771 932 2823; x_wconf 86' lang='lat' dir='ltr'><strong>cladem</strong></span> <span class='ocrx_word' id='word_1_148' title='bbox 967 2774 1305 2824; x_wconf 89' lang='lat' dir='ltr'><strong>Cannensem</strong></span> <span class='ocrx_word' id='word_1_149' title='bbox 1338 2775 1490 2836; x_wconf 81' lang='lat' dir='ltr'><strong>Mago</strong></span> 
     </span>
     <span class='ocr_line' id='line_1_29' title="bbox 445 2845 1487 2908; baseline 0.002 -13"><span class='ocrx_word' id='word_1_150' title='bbox 445 2846 817 2908; x_wconf 76' lang='lat' dir='ltr'><strong>Karthaginem</strong></span> <span class='ocrx_word' id='word_1_151' title='bbox 842 2847 1066 2908; x_wconf 86' lang='lat' dir='ltr'><strong>missus,</strong></span> <span class='ocrx_word' id='word_1_152' title='bbox 1101 2845 1185 2896; x_wconf 90' lang='lat' dir='ltr'><strong>illa</strong></span> <span class='ocrx_word' id='word_1_153' title='bbox 1215 2850 1487 2897; x_wconf 84' lang='lat' dir='ltr'><strong>enarrata:</strong></span> 
     </span>
     <span class='ocr_line' id='line_1_30' title="bbox 442 2921 1494 2984; baseline 0.002 -16"><span class='ocrx_word' id='word_1_154' title='bbox 442 2921 512 2968; x_wconf 78' lang='lat' dir='ltr'><strong>ad</strong></span> <span class='ocrx_word' id='word_1_155' title='bbox 538 2921 688 2984; x_wconf 68' lang='lat' dir='ltr'><strong>fidem</strong></span> <span class='ocrx_word' id='word_1_156' title='bbox 719 2945 750 2957; x_wconf 90' lang='lat'><em>-</em></span> <span class='ocrx_word' id='word_1_157' title='bbox 782 2924 888 2969; x_wconf 77' lang='lat' dir='ltr'><strong>tam</strong></span> <span class='ocrx_word' id='word_1_158' title='bbox 929 2921 1182 2971; x_wconf 73' lang='lat' dir='ltr'><strong>lactamm</strong></span> <span class='ocrx_word' id='word_1_159' title='bbox 1211 2934 1386 2972; x_wconf 78' lang='lat' dir='ltr'><strong>rorum</strong></span> <span class='ocrx_word' id='word_1_160' title='bbox 1418 2921 1494 2984; x_wconf 76' lang='lat' dir='ltr'><strong>ef-</strong></span> 
     </span>
     <span class='ocr_line' id='line_1_31' title="bbox 441 2993 1494 3056; baseline 0.002 -14"><span class='ocrx_word' id='word_1_161' title='bbox 441 2993 585 3056; x_wconf 63' lang='lat' dir='ltr'><strong>fundi</strong></span> <span class='ocrx_word' id='word_1_162' title='bbox 617 2994 671 3043; x_wconf 75' lang='lat' dir='ltr'><strong>in</strong></span> <span class='ocrx_word' id='word_1_163' title='bbox 703 2994 939 3044; x_wconf 77' lang='lat' dir='ltr'><strong>vestibulo</strong></span> <span class='ocrx_word' id='word_1_164' title='bbox 971 2996 1145 3046; x_wconf 68' lang='lat' dir='ltr'><strong>cin-iae</strong></span> <span class='ocrx_word' id='word_1_165' title='bbox 1186 2997 1331 3046; x_wconf 75' lang='lat' dir='ltr'><strong>iussit</strong></span> <span class='ocrx_word' id='word_1_166' title='bbox 1358 3009 1494 3045; x_wconf 72' lang='lat' dir='ltr'><strong>anu-</strong></span> 
     </span>
     <span class='ocr_line' id='line_1_32' title="bbox 443 3068 1491 3133; baseline 0.002 -16"><span class='ocrx_word' id='word_1_167' title='bbox 443 3068 516 3117; x_wconf 82' lang='lat' dir='ltr'><strong>los</strong></span> <span class='ocrx_word' id='word_1_168' title='bbox 571 3082 753 3119; x_wconf 77' lang='lat' dir='ltr'><strong>aurcos</strong></span> <span class='ocrx_word' id='word_1_169' title='bbox 811 3070 1076 3133; x_wconf 88' lang='lat' dir='ltr'><strong>(equitum</strong></span> <span class='ocrx_word' id='word_1_170' title='bbox 1129 3072 1491 3122; x_wconf 82' lang='lat' dir='ltr'><strong>Romanorum</strong></span> 
     </span>
     <span class='ocr_line' id='line_1_33' title="bbox 444 3141 1496 3207; baseline 0.002 -16"><span class='ocrx_word' id='word_1_171' title='bbox 444 3143 497 3192; x_wconf 91' lang='lat' dir='ltr'><strong>in</strong></span> <span class='ocrx_word' id='word_1_172' title='bbox 531 3141 617 3192; x_wconf 92' lang='lat' dir='ltr'><strong>illa</strong></span> <span class='ocrx_word' id='word_1_173' title='bbox 651 3145 766 3193; x_wconf 90' lang='lat' dir='ltr'><strong>acie</strong></span> <span class='ocrx_word' id='word_1_174' title='bbox 808 3143 1144 3207; x_wconf 84' lang='lat' dir='ltr'><strong>caesorum),</strong></span> <span class='ocrx_word' id='word_1_175' title='bbox 1199 3145 1285 3207; x_wconf 73' lang='lat' dir='ltr'><strong>qm·</strong></span> <span class='ocrx_word' id='word_1_176' title='bbox 1327 3148 1496 3194; x_wconf 74' lang='lat' dir='ltr'><strong>tantus</strong></span> 
     </span>
     <span class='ocr_line' id='line_1_34' title="bbox 444 3217 1495 3281; baseline 0.001 -15"><span class='ocrx_word' id='word_1_177' title='bbox 444 3230 653 3267; x_wconf 69' lang='lat' dir='ltr'><strong>acervus</strong></span> <span class='ocrx_word' id='word_1_178' title='bbox 696 3217 818 3281; x_wconf 77' lang='lat' dir='ltr'><strong>fuit,</strong></span> <span class='ocrx_word' id='word_1_179' title='bbox 882 3223 939 3267; x_wconf 76' lang='lat' dir='ltr'><strong>ut</strong></span> <span class='ocrx_word' id='word_1_180' title='bbox 984 3220 1294 3269; x_wconf 76' lang='lat' dir='ltr'><strong>metientibus</strong></span> <span class='ocrx_word' id='word_1_181' title='bbox 1341 3219 1495 3268; x_wconf 67' lang='lat' dir='ltr'><strong>divni-</strong></span> 
     </span>
     <span class='ocr_line' id='line_1_35' title="bbox 444 3291 1497 3357; baseline 0.005 -18"><span class='ocrx_word' id='word_1_182' title='bbox 444 3291 584 3340; x_wconf 78' lang='lat' dir='ltr'><strong>dium</strong></span> <span class='ocrx_word' id='word_1_183' title='bbox 614 3304 764 3353; x_wconf 76' lang='lat' dir='ltr'><strong>super</strong></span> <span class='ocrx_word' id='word_1_184' title='bbox 796 3298 897 3342; x_wconf 79' lang='lat' dir='ltr'><strong>tres</strong></span> <span class='ocrx_word' id='word_1_185' title='bbox 927 3295 1119 3344; x_wconf 76' lang='lat' dir='ltr'><strong>modios</strong></span> <span class='ocrx_word' id='word_1_186' title='bbox 1151 3295 1368 3357; x_wconf 70' lang='lat' dir='ltr'><strong>explesse</strong></span> <span class='ocrx_word' id='word_1_187' title='bbox 1397 3295 1497 3344; x_wconf 79' lang='lat' dir='ltr'><strong>sint</strong></span> 
     </span>
     <span class='ocr_line' id='line_1_36' title="bbox 451 3365 936 3424; baseline 0.006 -11"><span class='ocrx_word' id='word_1_188' title='bbox 451 3365 660 3424; x_wconf 66' lang='lat' dir='ltr'><strong>quidam</strong></span> <span class='ocrx_word' id='word_1_189' title='bbox 692 3371 936 3416; x_wconf 76' lang='lat' dir='ltr'><strong>auctores.</strong></span> 
     </span>
    </p>

    <p class='ocr_par' dir='ltr' id='par_1_14' title="bbox 440 3437 1498 3860">
     <span class='ocr_line' id='line_1_37' title="bbox 511 3437 1490 3506; baseline 0.006 -21"><span class='ocrx_word' id='word_1_190' title='bbox 511 3437 592 3486; x_wconf 76' lang='lat'><strong>72.</strong></span> <span class='ocrx_word' id='word_1_191' title='bbox 654 3438 965 3491; x_wconf 58' lang='lat' dir='ltr'><strong>Hasdrubale</strong></span> <span class='ocrx_word' id='word_1_192' title='bbox 1011 3440 1329 3506; x_wconf 70' lang='lat' dir='ltr'><strong>interempto]</strong></span> <span class='ocrx_word' id='word_1_193' title='bbox 1383 3442 1490 3492; x_wconf 84' lang='lat' dir='ltr'><strong>Liv.</strong></span> 
     </span>
     <span class='ocr_line' id='line_1_38' title="bbox 446 3511 1495 3570; baseline 0.006 -10"><span class='ocrx_word' id='word_1_194' title='bbox 446 3511 537 3570; x_wconf 78' lang='lat'><strong>28,</strong></span> <span class='ocrx_word' id='word_1_195' title='bbox 566 3511 652 3560; x_wconf 71' lang='lat'><strong>⁴2:</strong></span> <span class='ocrx_word' id='word_1_196' title='bbox 688 3513 1195 3564; x_wconf 70' lang='lat' dir='ltr'><strong>PostHasdmbalis-</strong></span> <span class='ocrx_word' id='word_1_197' title='bbox 1218 3516 1495 3566; x_wconf 60' lang='lat' dir='ltr'><strong>exer-cim</strong></span> 
     </span>
     <span class='ocr_line' id='line_1_39' title="bbox 447 3585 1496 3650; baseline 0.006 -17"><span class='ocrx_word' id='word_1_198' title='bbox 447 3598 562 3634; x_wconf 80' lang='lat' dir='ltr'><strong>cum</strong></span> <span class='ocrx_word' id='word_1_199' title='bbox 595 3585 741 3647; x_wconf 76' lang='lat' dir='ltr'><strong>duce,</strong></span> <span class='ocrx_word' id='word_1_200' title='bbox 786 3587 841 3634; x_wconf 76' lang='lat' dir='ltr'><strong>in</strong></span> <span class='ocrx_word' id='word_1_201' title='bbox 872 3586 1051 3646; x_wconf 66' lang='lat' dir='ltr'><strong>quibus</strong></span> <span class='ocrx_word' id='word_1_202' title='bbox 1078 3601 1187 3650; x_wconf 75' lang='lat' dir='ltr'><strong>spes</strong></span> <span class='ocrx_word' id='word_1_203' title='bbox 1220 3590 1380 3638; x_wconf 74' lang='lat' dir='ltr'><strong>onmis</strong></span> <span class='ocrx_word' id='word_1_204' title='bbox 1409 3602 1496 3639; x_wconf 78' lang='lat' dir='ltr'><strong>re-</strong></span> 
     </span>
     <span class='ocr_line' id='line_1_40' title="bbox 440 3659 1498 3722; baseline 0.005 -15"><span class='ocrx_word' id='word_1_205' title='bbox 440 3659 610 3720; x_wconf 74' lang='lat' dir='ltr'><strong>posita</strong></span> <span class='ocrx_word' id='word_1_206' title='bbox 639 3659 882 3709; x_wconf 77' lang='lat' dir='ltr'><strong>victoriae</strong></span> <span class='ocrx_word' id='word_1_207' title='bbox 911 3660 1108 3721; x_wconf 76' lang='lat' dir='ltr'><strong>fuerat,</strong></span> <span class='ocrx_word' id='word_1_208' title='bbox 1147 3662 1382 3722; x_wconf 65' lang='lat' dir='ltr'><strong>deleam,</strong></span> <span class='ocrx_word' id='word_1_209' title='bbox 1420 3675 1498 3712; x_wconf 80' lang='lat' dir='ltr'><strong>co-</strong></span> 
     </span>
     <span class='ocr_line' id='line_1_41' title="bbox 448 3735 1497 3798; baseline 0.005 -15"><span class='ocrx_word' id='word_1_210' title='bbox 448 3735 702 3796; x_wconf 71' lang='lat' dir='ltr'><strong>dandoque</strong></span> <span class='ocrx_word' id='word_1_211' title='bbox 726 3735 780 3784; x_wconf 75' lang='lat' dir='ltr'><strong>in</strong></span> <span class='ocrx_word' id='word_1_212' title='bbox 803 3736 1045 3798; x_wconf 72' lang='lat' dir='ltr'><strong>anqulwm</strong></span> <span class='ocrx_word' id='word_1_213' title='bbox 1055 3737 1309 3786; x_wconf 77' lang='lat' dir='ltr'><strong>Bruttium</strong></span> <span class='ocrx_word' id='word_1_214' title='bbox 1332 3742 1497 3788; x_wconf 79' lang='lat' dir='ltr'><strong>cetera</strong></span> 
     </span>
     <span class='ocr_line' id='line_1_42' title="bbox 446 3808 1046 3860; baseline 0.003 -3"><span class='ocrx_word' id='word_1_215' title='bbox 446 3808 597 3857; x_wconf 80' lang='lat' dir='ltr'><strong>Italia</strong></span> <span class='ocrx_word' id='word_1_216' title='bbox 631 3822 910 3860; x_wconf 71' lang='lat' dir='ltr'><strong>concessum</strong></span> <span class='ocrx_word' id='word_1_217' title='bbox 944 3812 1046 3859; x_wconf 88' lang='lat' dir='ltr'><strong>cet.</strong></span> 
     </span>
    </p>

    <p class='ocr_par' dir='ltr' id='par_1_15' title="bbox 447 3882 1498 4246">
     <span class='ocr_line' id='line_1_43' title="bbox 512 3882 1496 3945; baseline 0.004 -15"><span class='ocrx_word' id='word_1_218' title='bbox 512 3882 593 3930; x_wconf 90' lang='grc'><strong>73.</strong></span> <span class='ocrx_word' id='word_1_219' title='bbox 649 3882 731 3932; x_wconf 73' lang='lat'><strong>74.</strong></span> <span class='ocrx_word' id='word_1_220' title='bbox 790 3884 878 3932; x_wconf 74' lang='lat' dir='ltr'><strong>Nil</strong></span> <span class='ocrx_word' id='word_1_221' title='bbox 926 3883 1192 3945; x_wconf 78' lang='lat' dir='ltr'><strong>Claudiae]</strong></span> <span class='ocrx_word' id='word_1_222' title='bbox 1247 3885 1385 3945; x_wconf 90' lang='lat' dir='ltr'><strong>Non,</strong></span> <span class='ocrx_word' id='word_1_223' title='bbox 1438 3886 1496 3934; x_wconf 86' lang='lat' dir='ltr'><strong>ut</strong></span> 
     </span>
     <span class='ocr_line' id='line_1_44' title="bbox 449 3954 1497 4022; baseline 0.003 -18"><span class='ocrx_word' id='word_1_224' title='bbox 449 3954 532 4004; x_wconf 89' lang='lat' dir='ltr'><strong>alii</strong></span> <span class='ocrx_word' id='word_1_225' title='bbox 577 3954 788 4018; x_wconf 88' lang='lat' dir='ltr'><strong>volunt,</strong></span> <span class='ocrx_word' id='word_1_226' title='bbox 842 3958 977 4007; x_wconf 84' lang='lat' dir='ltr'><strong>haec</strong></span> <span class='ocrx_word' id='word_1_227' title='bbox 1022 3971 1087 4008; x_wconf 88' lang='lat' dir='ltr'><strong>ex</strong></span> <span class='ocrx_word' id='word_1_228' title='bbox 1131 3960 1323 4022; x_wconf 76' lang='lat' dir='ltr'><strong>poetae</strong></span> <span class='ocrx_word' id='word_1_229' title='bbox 1369 3971 1497 4021; x_wconf 90' lang='lat' dir='ltr'><strong>per-</strong></span> 
     </span>
     <span class='ocr_line' id='line_1_45' title="bbox 447 4030 1498 4092; baseline 0 -12"><span class='ocrx_word' id='word_1_230' title='bbox 447 4043 578 4081; x_wconf 88' lang='lat' dir='ltr'><strong>sona</strong></span> <span class='ocrx_word' id='word_1_231' title='bbox 613 4032 753 4082; x_wconf 83' lang='lat' dir='ltr'><strong>dicta</strong></span> <span class='ocrx_word' id='word_1_232' title='bbox 787 4035 934 4092; x_wconf 90' lang='lat' dir='ltr'><strong>sunt,</strong></span> <span class='ocrx_word' id='word_1_233' title='bbox 973 4033 1069 4083; x_wconf 89' lang='lat' dir='ltr'><strong>sed</strong></span> <span class='ocrx_word' id='word_1_234' title='bbox 1101 4030 1378 4083; x_wconf 86' lang='lat' dir='ltr'><strong>Hannibali</strong></span> <span class='ocrx_word' id='word_1_235' title='bbox 1401 4032 1498 4081; x_wconf 88' lang='lat' dir='ltr'><strong>tri-</strong></span> 
     </span>
     <span class='ocr_line' id='line_1_46' title="bbox 447 4104 1498 4171; baseline 0 -17"><span class='ocrx_word' id='word_1_236' title='bbox 447 4104 690 4166; x_wconf 88' lang='lat' dir='ltr'><strong>buenda;</strong></span> <span class='ocrx_word' id='word_1_237' title='bbox 729 4120 867 4171; x_wconf 90' lang='lat' dir='ltr'><strong>quae</strong></span> <span class='ocrx_word' id='word_1_238' title='bbox 899 4107 1032 4156; x_wconf 89' lang='lat' dir='ltr'><strong>ratio</strong></span> <span class='ocrx_word' id='word_1_239' title='bbox 1058 4110 1111 4157; x_wconf 90' lang='lat' dir='ltr'><strong>et</strong></span> <span class='ocrx_word' id='word_1_240' title='bbox 1146 4106 1498 4156; x_wconf 86' lang='lat' dir='ltr'><strong>honorificen-</strong></span> 
     </span>
     <span class='ocr_line' id='line_1_47' title="bbox 448 4180 1497 4246; baseline 0.002 -18"><span class='ocrx_word' id='word_1_241' title='bbox 448 4180 552 4230; x_wconf 82' lang='lat' dir='ltr'><strong>tior</strong></span> <span class='ocrx_word' id='word_1_242' title='bbox 575 4183 655 4231; x_wconf 81' lang='lat' dir='ltr'><strong>est</strong></span> <span class='ocrx_word' id='word_1_243' title='bbox 679 4180 995 4243; x_wconf 81' lang='lat' dir='ltr'><strong>Neronibus,</strong></span> <span class='ocrx_word' id='word_1_244' title='bbox 1026 4180 1250 4246; x_wconf 73' lang='lat' dir='ltr'><strong>«quibus</strong></span> <span class='ocrx_word' id='word_1_245' title='bbox 1275 4192 1497 4245; x_wconf 87' lang='lat' dir='ltr'><strong>prospe-</strong></span> 
     </span>
    </p>
   </div>
   <div class='ocr_carea' id='block_1_13' title="bbox 2287 1659 2540 1722">
    <p class='ocr_par' dir='ltr' id='par_1_16' title="bbox 2287 1659 2540 1722">
     <span class='ocr_line' id='line_1_48' title="bbox 2287 1659 2540 1722; baseline -0.004 -11"><span class='ocrx_word' id='word_1_246' title='bbox 2287 1659 2369 1722; x_wconf 89' lang='lat' dir='ltr'><strong>(Ut</strong></span> <span class='ocrx_word' id='word_1_247' title='bbox 2416 1671 2515 1710; x_wconf 93' lang='lat' dir='ltr'><strong>nos</strong></span> <span class='ocrx_word' id='word_1_248' title='bbox 2528 1697 2540 1719; x_wconf 89' lang='lat'>‚</span> 
     </span>
    </p>
   </div>
   <div class='ocr_carea' id='block_1_14' title="bbox 1556 1882 2621 4248">
    <p class='ocr_par' dir='ltr' id='par_1_17' title="bbox 1560 1882 2618 2898">
     <span class='ocr_line' id='line_1_49' title="bbox 1560 1882 2612 1933; baseline 0.001 -2"><span class='ocrx_word' id='word_1_249' title='bbox 1560 1895 1679 1932; x_wconf 89' lang='lat' dir='ltr'><strong>ram</strong></span> <span class='ocrx_word' id='word_1_250' title='bbox 1715 1882 1982 1933; x_wconf 77' lang='lat' dir='ltr'><strong>fortunam</strong></span> <span class='ocrx_word' id='word_1_251' title='bbox 2004 1882 2323 1933; x_wconf 86' lang='lat' dir='ltr'><strong>vaticinatus</strong></span> <span class='ocrx_word' id='word_1_252' title='bbox 2346 1883 2415 1933; x_wconf 90' lang='lat' dir='ltr'><strong>sit</strong></span> <span class='ocrx_word' id='word_1_253' title='bbox 2449 1883 2612 1933; x_wconf 86' lang='lat' dir='ltr'><strong>etiam</strong></span> 
     </span>
     <span class='ocr_line' id='line_1_50' title="bbox 1560 1956 2613 2017; baseline 0 -12"><span class='ocrx_word' id='word_1_254' title='bbox 1560 1956 1758 2017; x_wconf 89' lang='lat' dir='ltr'><strong>hostis,</strong></span> <span class='ocrx_word' id='word_1_255' title='bbox 1795 1957 1966 2006; x_wconf 87' lang='lat' dir='ltr'><strong>iustus</strong></span> <span class='ocrx_word' id='word_1_256' title='bbox 2000 1957 2207 2007; x_wconf 80' lang='lat' dir='ltr'><strong>virtutis</strong></span> <span class='ocrx_word' id='word_1_257' title='bbox 2245 1968 2433 2007; x_wconf 87' lang='lat' dir='ltr'><strong>eorum</strong></span> <span class='ocrx_word' id='word_1_258' title='bbox 2457 1956 2613 2007; x_wconf 82' lang='lat' dir='ltr'><strong>aesti-</strong></span> 
     </span>
     <span class='ocr_line' id='line_1_51' title="bbox 1561 2030 2609 2095; baseline 0 -15"><span class='ocrx_word' id='word_1_259' title='bbox 1561 2034 1788 2091; x_wconf 79' lang='lat' dir='ltr'><strong>mator»,</strong></span> <span class='ocrx_word' id='word_1_260' title='bbox 1827 2033 1881 2081; x_wconf 90' lang='lat' dir='ltr'><strong>et</strong></span> <span class='ocrx_word' id='word_1_261' title='bbox 1905 2030 2154 2094; x_wconf 80' lang='lat' dir='ltr'><strong>profecto</strong></span> <span class='ocrx_word' id='word_1_262' title='bbox 2189 2030 2357 2095; x_wconf 81' lang='lat' dir='ltr'><strong>magis</strong></span> <span class='ocrx_word' id='word_1_263' title='bbox 2381 2030 2609 2094; x_wconf 76' lang='lat' dir='ltr'><strong>poetica,</strong></span> 
     </span>
     <span class='ocr_line' id='line_1_52' title="bbox 1561 2103 2611 2168; baseline 0.001 -14"><span class='ocrx_word' id='word_1_264' title='bbox 1561 2106 1761 2168; x_wconf 90' lang='lat' dir='ltr'><strong>quippe</strong></span> <span class='ocrx_word' id='word_1_265' title='bbox 1806 2103 1932 2156; x_wconf 78' lang='lat' dir='ltr'><strong>cum</strong></span> <span class='ocrx_word' id='word_1_266' title='bbox 1975 2107 2053 2156; x_wconf 87' lang='lat' dir='ltr'><strong>sic</strong></span> <span class='ocrx_word' id='word_1_267' title='bbox 2096 2118 2315 2158; x_wconf 86' lang='lat' dir='ltr'><strong>carmen</strong></span> <span class='ocrx_word' id='word_1_268' title='bbox 2358 2107 2515 2155; x_wconf 85' lang='lat' dir='ltr'><strong>exeat</strong></span> <span class='ocrx_word' id='word_1_269' title='bbox 2557 2106 2611 2155; x_wconf 93' lang='lat' dir='ltr'><strong>in</strong></span> 
     </span>
     <span class='ocr_line' id='line_1_53' title="bbox 1563 2177 2609 2230; baseline -0.001 0"><span class='ocrx_word' id='word_1_270' title='bbox 1563 2177 1868 2230; x_wconf 85' lang='lat' dir='ltr'><strong>Hannibalis</strong></span> <span class='ocrx_word' id='word_1_271' title='bbox 1916 2181 2242 2230; x_wconf 82' lang='lat' dir='ltr'><strong>vaticinium.</strong></span> <span class='ocrx_word' id='word_1_272' title='bbox 2324 2180 2408 2229; x_wconf 88' lang='lat' dir='ltr'><strong>Sic</strong></span> <span class='ocrx_word' id='word_1_273' title='bbox 2459 2178 2609 2230; x_wconf 89' lang='lat' dir='ltr'><strong>Pind.</strong></span> 
     </span>
     <span class='ocr_line' id='line_1_54' title="bbox 1561 2251 2608 2317; baseline 0.001 -14"><span class='ocrx_word' id='word_1_274' title='bbox 1561 2251 1771 2317; x_wconf 81' lang='lat' dir='ltr'><strong>Olymp.</strong></span> <span class='ocrx_word' id='word_1_275' title='bbox 1829 2252 1879 2303; x_wconf 75' lang='lat'><strong>4.</strong></span> <span class='ocrx_word' id='word_1_276' title='bbox 1938 2254 2141 2316; x_wconf 84' lang='lat' dir='ltr'><strong>Ergini,</strong></span> <span class='ocrx_word' id='word_1_277' title='bbox 2213 2267 2321 2303; x_wconf 90' lang='lat' dir='ltr'><strong>non</strong></span> <span class='ocrx_word' id='word_1_278' title='bbox 2387 2256 2608 2317; x_wconf 74' lang='lat' dir='ltr'><strong>poetae,</strong></span> 
     </span>
     <span class='ocr_line' id='line_1_55' title="bbox 1561 2325 2615 2390; baseline 0.004 -16"><span class='ocrx_word' id='word_1_279' title='bbox 1561 2325 1743 2376; x_wconf 86' lang='lat' dir='ltr'><strong>verbis</strong></span> <span class='ocrx_word' id='word_1_280' title='bbox 1778 2326 1987 2388; x_wconf 84' lang='lat' dir='ltr'><strong>finitur,</strong></span> <span class='ocrx_word' id='word_1_281' title='bbox 2023 2328 2183 2390; x_wconf 86' lang='lat' dir='ltr'><strong>atque</strong></span> <span class='ocrx_word' id='word_1_282' title='bbox 2218 2328 2369 2377; x_wconf 85' lang='lat' dir='ltr'><strong>Nem.</strong></span> <span class='ocrx_word' id='word_1_283' title='bbox 2399 2328 2445 2376; x_wconf 73' lang='lat'><strong>⁴.</strong></span> <span class='ocrx_word' id='word_1_284' title='bbox 2472 2328 2615 2378; x_wconf 84' lang='lat' dir='ltr'><strong>Tire-</strong></span> 
     </span>
     <span class='ocr_line' id='line_1_56' title="bbox 1561 2400 2614 2464; baseline 0 -14"><span class='ocrx_word' id='word_1_285' title='bbox 1561 2400 1673 2450; x_wconf 90' lang='lat' dir='ltr'><strong>siae</strong></span> <span class='ocrx_word' id='word_1_286' title='bbox 1720 2400 1984 2449; x_wconf 87' lang='lat' dir='ltr'><strong>vaticinio.</strong></span> <span class='ocrx_word' id='word_1_287' title='bbox 2027 2425 2082 2435; x_wconf 91' lang='lat'><strong>—</strong></span> <span class='ocrx_word' id='word_1_288' title='bbox 2121 2400 2401 2464; x_wconf 75' lang='lat' dir='ltr'><strong>perficient]</strong></span> <span class='ocrx_word' id='word_1_289' title='bbox 2450 2401 2614 2450; x_wconf 85' lang='lat' dir='ltr'><strong>Futu-</strong></span> 
     </span>
     <span class='ocr_line' id='line_1_57' title="bbox 1563 2473 2612 2538; baseline 0.003 -16"><span class='ocrx_word' id='word_1_290' title='bbox 1563 2487 1684 2525; x_wconf 85' lang='lat' dir='ltr'><strong>rum</strong></span> <span class='ocrx_word' id='word_1_291' title='bbox 1735 2487 1801 2524; x_wconf 88' lang='lat' dir='ltr'><strong>eo</strong></span> <span class='ocrx_word' id='word_1_292' title='bbox 1863 2474 2078 2524; x_wconf 89' lang='lat' dir='ltr'><strong>nomine</strong></span> <span class='ocrx_word' id='word_1_293' title='bbox 2138 2475 2402 2538; x_wconf 85' lang='lat' dir='ltr'><strong>praestat,</strong></span> <span class='ocrx_word' id='word_1_294' title='bbox 2465 2473 2612 2538; x_wconf 91' lang='lat' dir='ltr'><strong>quod</strong></span> 
     </span>
     <span class='ocr_line' id='line_1_58' title="bbox 1563 2548 2612 2613; baseline 0.005 -17"><span class='ocrx_word' id='word_1_295' title='bbox 1563 2548 1939 2611; x_wconf 86' lang='lat' dir='ltr'><strong>praedictionis</strong></span> <span class='ocrx_word' id='word_1_296' title='bbox 2007 2550 2167 2600; x_wconf 86' lang='lat' dir='ltr'><strong>etiam</strong></span> <span class='ocrx_word' id='word_1_297' title='bbox 2222 2550 2276 2599; x_wconf 91' lang='lat' dir='ltr'><strong>in</strong></span> <span class='ocrx_word' id='word_1_298' title='bbox 2333 2550 2612 2613; x_wconf 86' lang='lat' dir='ltr'><strong>posterum</strong></span> 
     </span>
     <span class='ocr_line' id='line_1_59' title="bbox 1562 2621 2609 2687; baseline 0.002 -15"><span class='ocrx_word' id='word_1_299' title='bbox 1562 2623 1776 2686; x_wconf 89' lang='lat' dir='ltr'><strong>tempus</strong></span> <span class='ocrx_word' id='word_1_300' title='bbox 1825 2624 2064 2687; x_wconf 87' lang='lat' dir='ltr'><strong>speciem</strong></span> <span class='ocrx_word' id='word_1_301' title='bbox 2116 2621 2310 2673; x_wconf 84' lang='lat' dir='ltr'><strong>clarius</strong></span> <span class='ocrx_word' id='word_1_302' title='bbox 2364 2623 2609 2687; x_wconf 82' lang='lat' dir='ltr'><strong>praebet.</strong></span> 
     </span>
     <span class='ocr_line' id='line_1_60' title="bbox 1568 2696 2610 2762; baseline 0.002 -16"><span class='ocrx_word' id='word_1_303' title='bbox 1568 2722 1624 2732; x_wconf 89' lang='lat'>—</span> <span class='ocrx_word' id='word_1_304' title='bbox 1668 2696 1876 2761; x_wconf 67' lang='lat' dir='ltr'><strong>beni9=no</strong></span> <span class='ocrx_word' id='word_1_305' title='bbox 1915 2697 2134 2762; x_wconf 71' lang='lat' dir='ltr'><strong>numine]</strong></span> <span class='ocrx_word' id='word_1_306' title='bbox 2179 2698 2342 2748; x_wconf 88' lang='lat' dir='ltr'><strong>Tacit.</strong></span> <span class='ocrx_word' id='word_1_307' title='bbox 2377 2699 2513 2747; x_wconf 81' lang='lat' dir='ltr'><strong>Ann.</strong></span> <span class='ocrx_word' id='word_1_308' title='bbox 2550 2696 2610 2758; x_wconf 75' lang='lat'><strong>4,</strong></span> 
     </span>
     <span class='ocr_line' id='line_1_61' title="bbox 1564 2770 2618 2834; baseline 0 -13"><span class='ocrx_word' id='word_1_309' title='bbox 1564 2770 1655 2822; x_wconf 72' lang='lat'><strong>64:</strong></span> <span class='ocrx_word' id='word_1_310' title='bbox 1713 2776 1909 2822; x_wconf 79' lang='lat' dir='ltr'><strong>sanctos</strong></span> <span class='ocrx_word' id='word_1_311' title='bbox 1964 2776 2286 2834; x_wconf 74' lang='lat' dir='ltr'><strong>acceptosque</strong></span> <span class='ocrx_word' id='word_1_312' title='bbox 2331 2771 2618 2822; x_wconf 73' lang='lat' dir='ltr'><strong>numinibus</strong></span> 
     </span>
     <span class='ocr_line' id='line_1_62' title="bbox 1566 2846 1814 2898; baseline -0.008 0"><span class='ocrx_word' id='word_1_313' title='bbox 1566 2846 1814 2898; x_wconf 74' lang='lat' dir='ltr'><strong>Claudios.</strong></span> 
     </span>
    </p>

    <p class='ocr_par' dir='ltr' id='par_1_18' title="bbox 1556 2914 2621 4248">
     <span class='ocr_line' id='line_1_63' title="bbox 1631 2914 2612 2987; baseline 0.002 -18"><span class='ocrx_word' id='word_1_314' title='bbox 1631 2921 1712 2970; x_wconf 77' lang='lat'><strong>75.</strong></span> <span class='ocrx_word' id='word_1_315' title='bbox 1739 2921 1821 2971; x_wconf 89' lang='grc'><strong>76.</strong></span> <span class='ocrx_word' id='word_1_316' title='bbox 1858 2934 2012 2971; x_wconf 75' lang='lat' dir='ltr'><strong>cwae</strong></span> <span class='ocrx_word' id='word_1_317' title='bbox 2034 2920 2255 2985; x_wconf 62' lang='lat' dir='ltr'><strong>sagaces]</strong></span> <span class='ocrx_word' id='word_1_318' title='bbox 2293 2914 2612 2987; x_wconf 74' lang='grc' dir='ltr'><strong><em>«ἀγχίνοια,</em></strong></span> 
     </span>
     <span class='ocr_line' id='line_1_64' title="bbox 1565 2994 2616 3059; baseline 0.004 -16"><span class='ocrx_word' id='word_1_319' title='bbox 1565 2995 1805 3058; x_wconf 90' lang='lat' dir='ltr'><strong>ipsorum</strong></span> <span class='ocrx_word' id='word_1_320' title='bbox 1840 2994 2107 3059; x_wconf 82' lang='lat' dir='ltr'><strong>diligentia</strong></span> <span class='ocrx_word' id='word_1_321' title='bbox 2141 3008 2266 3046; x_wconf 90' lang='lat' dir='ltr'><strong>cum</strong></span> <span class='ocrx_word' id='word_1_322' title='bbox 2301 2995 2510 3059; x_wconf 83' lang='lat' dir='ltr'><strong>ingenio</strong></span> <span class='ocrx_word' id='word_1_323' title='bbox 2550 3009 2616 3048; x_wconf 87' lang='lat' dir='ltr'><strong>ae</strong></span> 
     </span>
     <span class='ocr_line' id='line_1_65' title="bbox 1566 3067 2618 3132; baseline 0.004 -15"><span class='ocrx_word' id='word_1_324' title='bbox 1566 3068 1817 3132; x_wconf 83' lang='lat' dir='ltr'><strong>prudenti</strong></span> <span class='ocrx_word' id='word_1_325' title='bbox 1850 3067 2070 3121; x_wconf 89' lang='lat' dir='ltr'><strong>consilio</strong></span> <span class='ocrx_word' id='word_1_326' title='bbox 2105 3070 2450 3131; x_wconf 74' lang='lat' dir='ltr'><strong>coniuncta»;</strong></span> <span class='ocrx_word' id='word_1_327' title='bbox 2487 3084 2618 3121; x_wconf 88' lang='lat' dir='ltr'><strong>neu-</strong></span> 
     </span>
     <span class='ocr_line' id='line_1_66' title="bbox 1567 3143 2616 3209; baseline 0.005 -19"><span class='ocrx_word' id='word_1_328' title='bbox 1567 3143 1797 3205; x_wconf 88' lang='lat' dir='ltr'><strong>tiquam,</strong></span> <span class='ocrx_word' id='word_1_329' title='bbox 1854 3145 1915 3193; x_wconf 93' lang='lat' dir='ltr'><strong>ut</strong></span> <span class='ocrx_word' id='word_1_330' title='bbox 1961 3143 2073 3194; x_wconf 81' lang='lat' dir='ltr'><strong>volt</strong></span> <span class='ocrx_word' id='word_1_331' title='bbox 2121 3143 2323 3204; x_wconf 82' lang='lat' dir='ltr'><strong>Sobel..</strong></span> <span class='ocrx_word' id='word_1_332' title='bbox 2379 3146 2616 3209; x_wconf 74' lang='lat' dir='ltr'><strong>«optima</strong></span> 
     </span>
     <span class='ocr_line' id='line_1_67' title="bbox 1566 3217 2614 3283; baseline 0.003 -17"><span class='ocrx_word' id='word_1_333' title='bbox 1566 3217 1788 3279; x_wconf 77' lang='lat' dir='ltr'><strong>Augusti</strong></span> <span class='ocrx_word' id='word_1_334' title='bbox 1845 3217 2076 3269; x_wconf 86' lang='lat' dir='ltr'><strong>consilia.</strong></span> <span class='ocrx_word' id='word_1_335' title='bbox 2095 3236 2121 3264; x_wconf 70' lang='lat' dir='ltr'><strong>n</strong></span> <span class='ocrx_word' id='word_1_336' title='bbox 2186 3244 2241 3256; x_wconf 93' lang='lat'><em>-</em></span> <span class='ocrx_word' id='word_1_337' title='bbox 2297 3218 2614 3283; x_wconf 71' lang='lat' dir='ltr'><strong>Empediwtt]</strong></span> 
     </span>
     <span class='ocr_line' id='line_1_68' title="bbox 1571 3289 2616 3357; baseline 0.005 -21"><span class='ocrx_word' id='word_1_338' title='bbox 1571 3289 1811 3342; x_wconf 72' lang='lat' dir='ltr'><strong>«felicem</strong></span> <span class='ocrx_word' id='word_1_339' title='bbox 1845 3294 2222 3357; x_wconf 87' lang='lat' dir='ltr'><strong>susceptorum</strong></span> <span class='ocrx_word' id='word_1_340' title='bbox 2255 3291 2616 3356; x_wconf 89' lang='lat' dir='ltr'><strong>periculorum</strong></span> 
     </span>
     <span class='ocr_line' id='line_1_69' title="bbox 1568 3365 2613 3430; baseline 0 -16"><span class='ocrx_word' id='word_1_341' title='bbox 1568 3365 1768 3416; x_wconf 81' lang='lat' dir='ltr'><strong>exitum</strong></span> <span class='ocrx_word' id='word_1_342' title='bbox 1818 3366 2133 3430; x_wconf 77' lang='lat' dir='ltr'><strong>praebent.»</strong></span> <span class='ocrx_word' id='word_1_343' title='bbox 2201 3367 2343 3428; x_wconf 80' lang='lat' dir='ltr'><strong>virg.</strong></span> <span class='ocrx_word' id='word_1_344' title='bbox 2381 3368 2512 3416; x_wconf 85' lang='lat' dir='ltr'><strong>Aen.</strong></span> <span class='ocrx_word' id='word_1_345' title='bbox 2550 3367 2613 3424; x_wconf 77' lang='lat'><strong>2,</strong></span> 
     </span>
     <span class='ocr_line' id='line_1_70' title="bbox 1568 3439 2618 3505; baseline -0.002 -17"><span class='ocrx_word' id='word_1_346' title='bbox 1568 3439 1693 3490; x_wconf 77' lang='lat'>632:</span> <span class='ocrx_word' id='word_1_347' title='bbox 1747 3441 1952 3491; x_wconf 77' lang='lat' dir='ltr'><strong>ducenta</strong></span> <span class='ocrx_word' id='word_1_348' title='bbox 1995 3442 2084 3490; x_wconf 78' lang='lat' dir='ltr'><strong>deo</strong></span> <span class='ocrx_word' id='word_1_349' title='bbox 2115 3442 2379 3505; x_wconf 68' lang='lat' dir='ltr'><strong>namnam</strong></span> <span class='ocrx_word' id='word_1_350' title='bbox 2410 3439 2542 3488; x_wconf 74' lang='lat' dir='ltr'><strong>inter</strong></span> <span class='ocrx_word' id='word_1_351' title='bbox 2573 3442 2618 3486; x_wconf 77' lang='grc' dir='ltr'><strong>οι</strong></span> 
     </span>
     <span class='ocr_line' id='line_1_71' title="bbox 1566 3511 2615 3576; baseline -0.004 -11"><span class='ocrx_word' id='word_1_352' title='bbox 1566 3516 1724 3565; x_wconf 73' lang='lat' dir='ltr'><strong>hostes</strong></span> <span class='ocrx_word' id='word_1_353' title='bbox 1756 3515 2029 3576; x_wconf 73' lang='lat' dir='ltr'><strong>Eaepodior.</strong></span> <span class='ocrx_word' id='word_1_354' title='bbox 2073 3542 2128 3550; x_wconf 90' lang='lat'><strong>—-</strong></span> <span class='ocrx_word' id='word_1_355' title='bbox 2165 3527 2262 3575; x_wconf 78' lang='lat' dir='ltr'><strong>per</strong></span> <span class='ocrx_word' id='word_1_356' title='bbox 2294 3517 2449 3563; x_wconf 74' lang='lat' dir='ltr'><strong>acuta</strong></span> <span class='ocrx_word' id='word_1_357' title='bbox 2488 3511 2615 3572; x_wconf 76' lang='lat' dir='ltr'><strong>belli]</strong></span> 
     </span>
     <span class='ocr_line' id='line_1_72' title="bbox 1571 3585 2617 3652; baseline 0 -18"><span class='ocrx_word' id='word_1_358' title='bbox 1571 3601 1701 3652; x_wconf 73' lang='lat' dir='ltr'><strong>«per</strong></span> <span class='ocrx_word' id='word_1_359' title='bbox 1743 3601 1935 3652; x_wconf 83' lang='lat' dir='ltr'><strong>graves</strong></span> <span class='ocrx_word' id='word_1_360' title='bbox 1979 3586 2104 3638; x_wconf 92' lang='lat' dir='ltr'><strong>belli</strong></span> <span class='ocrx_word' id='word_1_361' title='bbox 2138 3585 2411 3637; x_wconf 86' lang='lat' dir='ltr'><strong>molestias</strong></span> <span class='ocrx_word' id='word_1_362' title='bbox 2455 3586 2617 3648; x_wconf 85' lang='lat' dir='ltr'><strong>atque</strong></span> 
     </span>
     <span class='ocr_line' id='line_1_73' title="bbox 1569 3660 2614 3725; baseline -0.004 -12"><span class='ocrx_word' id='word_1_363' title='bbox 1569 3663 1745 3713; x_wconf 89' lang='lat' dir='ltr'><strong>omnis</strong></span> <span class='ocrx_word' id='word_1_364' title='bbox 1794 3662 2004 3725; x_wconf 81' lang='lat' dir='ltr'><strong>generis</strong></span> <span class='ocrx_word' id='word_1_365' title='bbox 2054 3660 2420 3711; x_wconf 75' lang='lat' dir='ltr'><strong>discrimina.»</strong></span> <span class='ocrx_word' id='word_1_366' title='bbox 2504 3660 2614 3709; x_wconf 85' lang='lat' dir='ltr'><strong>Liv.</strong></span> 
     </span>
     <span class='ocr_line' id='line_1_74' title="bbox 1570 3734 2620 3795; baseline -0.002 -10"><span class='ocrx_word' id='word_1_367' title='bbox 1570 3735 1630 3795; x_wconf 85' lang='lat'><strong>6,</strong></span> <span class='ocrx_word' id='word_1_368' title='bbox 1668 3734 1756 3785; x_wconf 76' lang='lat'><strong>32:</strong></span> <span class='ocrx_word' id='word_1_369' title='bbox 1805 3734 1972 3785; x_wconf 77' lang='lat' dir='ltr'><strong>subita</strong></span> <span class='ocrx_word' id='word_1_370' title='bbox 2003 3734 2130 3785; x_wconf 79' lang='lat' dir='ltr'><strong>belli.</strong></span> <span class='ocrx_word' id='word_1_371' title='bbox 2170 3734 2259 3794; x_wconf 87' lang='grc'><strong>33,</strong></span> <span class='ocrx_word' id='word_1_372' title='bbox 2300 3735 2386 3783; x_wconf 74' lang='lat' dir='ltr'><strong>u:</strong></span> <span class='ocrx_word' id='word_1_373' title='bbox 2436 3746 2620 3795; x_wconf 69' lang='lat' dir='ltr'><strong>aspera</strong></span> 
     </span>
     <span class='ocr_line' id='line_1_75' title="bbox 1569 3806 2620 3868; baseline -0.005 -8"><span class='ocrx_word' id='word_1_374' title='bbox 1569 3810 1696 3860; x_wconf 78' lang='lat' dir='ltr'><strong>belli.</strong></span> <span class='ocrx_word' id='word_1_375' title='bbox 1750 3810 1910 3860; x_wconf 88' lang='lat' dir='ltr'><strong>Tacit.</strong></span> <span class='ocrx_word' id='word_1_376' title='bbox 1939 3810 2068 3859; x_wconf 75' lang='lat' dir='ltr'><strong>nist.</strong></span> <span class='ocrx_word' id='word_1_377' title='bbox 2097 3809 2155 3868; x_wconf 71' lang='lat'><strong>2,</strong></span> <span class='ocrx_word' id='word_1_378' title='bbox 2190 3808 2277 3856; x_wconf 81' lang='lat'><strong>77:</strong></span> <span class='ocrx_word' id='word_1_379' title='bbox 2312 3806 2620 3868; x_wconf 75' lang='lat' dir='ltr'><strong>proeliorum</strong></span> 
     </span>
     <span class='ocr_line' id='line_1_76' title="bbox 1570 3879 2613 3945; baseline -0.002 -13"><span class='ocrx_word' id='word_1_380' title='bbox 1570 3884 1777 3933; x_wconf 78' lang='lat' dir='ltr'><strong>incerta.</strong></span> <span class='ocrx_word' id='word_1_381' title='bbox 1825 3883 1881 3943; x_wconf 75' lang='lat'><strong>4,</strong></span> <span class='ocrx_word' id='word_1_382' title='bbox 1909 3883 2002 3933; x_wconf 76' lang='lat'><strong>23:</strong></span> <span class='ocrx_word' id='word_1_383' title='bbox 2038 3881 2254 3945; x_wconf 70' lang='lat' dir='ltr'><strong>fortuita</strong></span> <span class='ocrx_word' id='word_1_384' title='bbox 2294 3879 2417 3929; x_wconf 79' lang='lat' dir='ltr'><strong>belli.</strong></span> <span class='ocrx_word' id='word_1_385' title='bbox 2479 3882 2540 3931; x_wconf 88' lang='lat' dir='ltr'><strong>H.</strong></span> <span class='ocrx_word' id='word_1_386' title='bbox 2579 3879 2613 3930; x_wconf 89' lang='lat' dir='ltr'><strong>l.</strong></span> 
     </span>
     <span class='ocr_line' id='line_1_77' title="bbox 1571 3953 2619 4016; baseline -0.001 -10"><span class='ocrx_word' id='word_1_387' title='bbox 1571 3957 1682 4006; x_wconf 76' lang='lat' dir='ltr'><strong>fere</strong></span> <span class='ocrx_word' id='word_1_388' title='bbox 1726 3957 1956 4016; x_wconf 89' lang='lat' dir='ltr'><strong>dictum,</strong></span> <span class='ocrx_word' id='word_1_389' title='bbox 2009 3958 2070 4004; x_wconf 86' lang='lat' dir='ltr'><strong>ut</strong></span> <span class='ocrx_word' id='word_1_390' title='bbox 2107 3953 2268 4003; x_wconf 82' lang='lat' dir='ltr'><strong>morbi</strong></span> <span class='ocrx_word' id='word_1_391' title='bbox 2307 3955 2477 4016; x_wconf 62' lang='lat' dir='ltr'><strong>acidi,</strong></span> <span class='ocrx_word' id='word_1_392' title='bbox 2522 3969 2619 4005; x_wconf 83' lang='lat' dir='ltr'><strong>ve-</strong></span> 
     </span>
     <span class='ocr_line' id='line_1_78' title="bbox 1569 4030 2621 4092; baseline 0 -12"><span class='ocrx_word' id='word_1_393' title='bbox 1569 4032 1851 4082; x_wconf 86' lang='lat' dir='ltr'><strong>hementes</strong></span> <span class='ocrx_word' id='word_1_394' title='bbox 1886 4030 2226 4092; x_wconf 80' lang='lat' dir='ltr'><strong>celeremque</strong></span> <span class='ocrx_word' id='word_1_395' title='bbox 2261 4031 2493 4080; x_wconf 85' lang='lat' dir='ltr'><strong>mortem</strong></span> <span class='ocrx_word' id='word_1_396' title='bbox 2524 4030 2621 4080; x_wconf 89' lang='lat' dir='ltr'><strong>mi-</strong></span> 
     </span>
     <span class='ocr_line' id='line_1_79' title="bbox 1556 4097 2620 4192; baseline -0.001 -39"><span class='ocrx_word' id='word_1_397' title='bbox 1556 4107 1774 4192; x_wconf 55' lang='lat' dir='ltr'><strong>³nantes.</strong></span> <span class='ocrx_word' id='word_1_398' title='bbox 1805 4106 1882 4155; x_wconf 79' lang='lat' dir='ltr'><strong>Cf.</strong></span> <span class='ocrx_word' id='word_1_399' title='bbox 1903 4103 2212 4155; x_wconf 89' lang='lat' dir='ltr'><strong>Hom.lliad.</strong></span> <span class='ocrx_word' id='word_1_400' title='bbox 2241 4103 2288 4166; x_wconf 73' lang='lat'><strong>4,</strong></span> <span class='ocrx_word' id='word_1_401' title='bbox 2312 4104 2440 4155; x_wconf 75' lang='lat'>352:</span> <span class='ocrx_word' id='word_1_402' title='bbox 2480 4097 2620 4168; x_wconf 76' lang='grc' dir='ltr'><strong>ὀξὺν</strong></span> 
     </span>
     <span class='ocr_line' id='line_1_80' title="bbox 1571 4176 1754 4248; baseline -0.011 -20"><span class='ocrx_word' id='word_1_403' title='bbox 1571 4176 1754 4248; x_wconf 76' lang='grc' dir='ltr'><strong>Αρηα.</strong></span> 
     </span>
    </p>
   </div>
  </div>
 </body>
</html>
