<?xml version="1.0" encoding="UTF-8"?>
<!DOCTYPE html PUBLIC "-//W3C//DTD XHTML 1.0 Transitional//EN"
    "http://www.w3.org/TR/xhtml1/DTD/xhtml1-transitional.dtd">
<html xmlns="http://www.w3.org/1999/xhtml" xml:lang="en" lang="en">
 <head>
  <title>
</title>
<meta http-equiv="Content-Type" content="text/html;charset=utf-8" />
  <meta name='ocr-system' content='tesseract 3.04.00' />
  <meta name='ocr-capabilities' content='ocr_page ocr_carea ocr_par ocr_line ocrx_word'/>
</head>
<body>
  <div class='ocr_page' id='page_1' title='image "./qhoratiusflaccu05baitgoog_0054.png"; bbox 0 0 3234 4975; ppageno 0'>
   <div class='ocr_carea' id='block_1_1' title="bbox 689 433 770 496">
    <p class='ocr_par' dir='ltr' id='par_1_1' title="bbox 689 433 770 496">
     <span class='ocr_line' id='line_1_1' title="bbox 689 433 770 496; baseline 0.012 -1"><span class='ocrx_word' id='word_1_1' title='bbox 689 433 770 496; x_wconf 83' lang='lat'><strong>36</strong></span> 
     </span>
    </p>
   </div>
   <div class='ocr_carea' id='block_1_2' title="bbox 1468 428 2092 481">
    <p class='ocr_par' dir='ltr' id='par_1_2' title="bbox 1468 428 2092 481">
     <span class='ocr_line' id='line_1_2' title="bbox 1468 428 2092 481; baseline -0.002 -2"><span class='ocrx_word' id='word_1_2' title='bbox 1468 430 1725 480; x_wconf 78' lang='lat' dir='ltr'><strong>HORATII</strong></span> <span class='ocrx_word' id='word_1_3' title='bbox 1760 428 2092 481; x_wconf 77' lang='lat' dir='ltr'><strong>CARMINUM</strong></span> 
     </span>
    </p>
   </div>
   <div class='ocr_carea' id='block_1_3' title="bbox 946 584 2053 676">
    <p class='ocr_par' dir='ltr' id='par_1_3' title="bbox 946 584 2053 676">
     <span class='ocr_line' id='line_1_3' title="bbox 946 584 2053 676; baseline -0.002 -24"><span class='ocrx_word' id='word_1_4' title='bbox 946 585 1258 676; x_wconf 81' lang='lat' dir='ltr'><strong>Volcanus</strong></span> <span class='ocrx_word' id='word_1_5' title='bbox 1302 585 1535 650; x_wconf 86' lang='lat' dir='ltr'><strong>ardens</strong></span> <span class='ocrx_word' id='word_1_6' title='bbox 1582 586 1707 649; x_wconf 87' lang='lat' dir='ltr'><strong>urit</strong></span> <span class='ocrx_word' id='word_1_7' title='bbox 1750 584 2053 651; x_wconf 82' lang='lat' dir='ltr'><strong>officinas.</strong></span> 
     </span>
    </p>
   </div>
   <div class='ocr_carea' id='block_1_4' title="bbox 686 741 2634 834">
    <p class='ocr_par' dir='ltr' id='par_1_4' title="bbox 686 741 2634 834">
     <span class='ocr_line' id='line_1_4' title="bbox 686 741 2634 834; baseline -0.002 -21"><span class='ocrx_word' id='word_1_8' title='bbox 686 750 864 813; x_wconf 88' lang='lat' dir='ltr'><strong>Nunc</strong></span> <span class='ocrx_word' id='word_1_9' title='bbox 908 745 1094 811; x_wconf 87' lang='lat' dir='ltr'><strong>dccet</strong></span> <span class='ocrx_word' id='word_1_10' title='bbox 1136 753 1243 810; x_wconf 87' lang='lat' dir='ltr'><strong>aut</strong></span> <span class='ocrx_word' id='word_1_11' title='bbox 1286 741 1467 808; x_wconf 87' lang='lat' dir='ltr'><strong>viridi</strong></span> <span class='ocrx_word' id='word_1_12' title='bbox 1516 743 1784 808; x_wconf 86' lang='lat' dir='ltr'><strong>nitidum</strong></span> <span class='ocrx_word' id='word_1_13' title='bbox 1825 753 2020 831; x_wconf 88' lang='lat' dir='ltr'><strong>caput</strong></span> <span class='ocrx_word' id='word_1_14' title='bbox 2062 742 2376 832; x_wconf 87' lang='lat' dir='ltr'><strong>impedire</strong></span> <span class='ocrx_word' id='word_1_15' title='bbox 2424 755 2634 834; x_wconf 87' lang='lat' dir='ltr'><strong>myrto</strong></span> 
     </span>
    </p>
   </div>
   <div class='ocr_carea' id='block_1_5' title="bbox 951 863 2366 951">
    <p class='ocr_par' dir='ltr' id='par_1_5' title="bbox 951 863 2366 951">
     <span class='ocr_line' id='line_1_5' title="bbox 951 863 2366 951; baseline -0.002 -19"><span class='ocrx_word' id='word_1_16' title='bbox 951 870 1073 932; x_wconf 82' lang='lat' dir='ltr'><strong>Aut</strong></span> <span class='ocrx_word' id='word_1_17' title='bbox 1116 864 1304 940; x_wconf 86' lang='lat' dir='ltr'><strong>flore,</strong></span> <span class='ocrx_word' id='word_1_18' title='bbox 1353 875 1563 929; x_wconf 86' lang='lat' dir='ltr'><strong>terrae</strong></span> <span class='ocrx_word' id='word_1_19' title='bbox 1608 885 1804 951; x_wconf 80' lang='lat' dir='ltr'><strong>quem</strong></span> <span class='ocrx_word' id='word_1_20' title='bbox 1851 863 2059 929; x_wconf 82' lang='lat' dir='ltr'><strong>serunt</strong></span> <span class='ocrx_word' id='word_1_21' title='bbox 2099 863 2366 931; x_wconf 89' lang='lat' dir='ltr'><strong>solutae.</strong></span> 
     </span>
    </p>
   </div>
   <div class='ocr_carea' id='block_1_6' title="bbox 2770 864 2848 928">
    <p class='ocr_par' dir='ltr' id='par_1_6' title="bbox 2770 864 2848 928">
     <span class='ocr_line' id='line_1_6' title="bbox 2770 864 2848 928; baseline -0.026 0"><span class='ocrx_word' id='word_1_22' title='bbox 2770 864 2848 928; x_wconf 69' lang='lat'><strong>40</strong></span> 
     </span>
    </p>
   </div>
   <div class='ocr_carea' id='block_1_7' title="bbox 686 984 2556 1060">
    <p class='ocr_par' dir='ltr' id='par_1_7' title="bbox 686 984 2556 1060">
     <span class='ocr_line' id='line_1_7' title="bbox 686 984 2556 1060; baseline -0.002 -5"><span class='ocrx_word' id='word_1_23' title='bbox 686 992 864 1055; x_wconf 85' lang='lat' dir='ltr'><strong>Nunc</strong></span> <span class='ocrx_word' id='word_1_24' title='bbox 908 999 973 1054; x_wconf 87' lang='lat' dir='ltr'><strong>et</strong></span> <span class='ocrx_word' id='word_1_25' title='bbox 1015 988 1076 1053; x_wconf 87' lang='lat' dir='ltr'><strong>in</strong></span> <span class='ocrx_word' id='word_1_26' title='bbox 1121 986 1442 1052; x_wconf 85' lang='lat' dir='ltr'><strong>umbrosis</strong></span> <span class='ocrx_word' id='word_1_27' title='bbox 1490 987 1709 1050; x_wconf 87' lang='lat' dir='ltr'><strong>Fauno</strong></span> <span class='ocrx_word' id='word_1_28' title='bbox 1754 984 1943 1051; x_wconf 89' lang='lat' dir='ltr'><strong>decet</strong></span> <span class='ocrx_word' id='word_1_29' title='bbox 1989 984 2320 1052; x_wconf 85' lang='lat' dir='ltr'><strong>immolare</strong></span> <span class='ocrx_word' id='word_1_30' title='bbox 2364 985 2556 1060; x_wconf 89' lang='lat' dir='ltr'><strong>lucis,</strong></span> 
     </span>
    </p>
   </div>
   <div class='ocr_carea' id='block_1_8' title="bbox 811 1238 2773 1307">
    <p class='ocr_par' dir='ltr' id='par_1_8' title="bbox 811 1238 2773 1307">
     <span class='ocr_line' id='line_1_8' title="bbox 811 1238 2773 1307; baseline -0.003 -14"><span class='ocrx_word' id='word_1_31' title='bbox 811 1245 858 1294; x_wconf 88' lang='lat'><strong>8.</strong></span> <span class='ocrx_word' id='word_1_32' title='bbox 896 1244 1010 1292; x_wconf 76' lang='lat' dir='ltr'><strong>visit</strong></span> <span class='ocrx_word' id='word_1_33' title='bbox 1043 1253 1168 1291; x_wconf 88' lang='lat' dir='ltr'><strong>cum</strong></span> <span class='ocrx_word' id='word_1_34' title='bbox 1199 1257 1235 1307; x_wconf 80' lang='lat' dir='ltr'><em>y</em></span> <span class='ocrx_word' id='word_1_35' title='bbox 1271 1241 1339 1303; x_wconf 90' lang='lat' dir='ltr'><strong>(et</strong></span> <span class='ocrx_word' id='word_1_36' title='bbox 1373 1240 1602 1289; x_wconf 87' lang='lat' dir='ltr'><strong>Pottierii</strong></span> <span class='ocrx_word' id='word_1_37' title='bbox 1640 1241 1687 1300; x_wconf 88' lang='grc'><strong>4,</strong></span> <span class='ocrx_word' id='word_1_38' title='bbox 1724 1239 1773 1299; x_wconf 87' lang='grc'><strong>3,</strong></span> <span class='ocrx_word' id='word_1_39' title='bbox 1811 1239 1858 1300; x_wconf 88' lang='grc'>8,</span> <span class='ocrx_word' id='word_1_40' title='bbox 1898 1239 1947 1300; x_wconf 83' lang='grc'>9,</span> <span class='ocrx_word' id='word_1_41' title='bbox 1989 1238 2088 1301; x_wconf 72' lang='grc'><strong>44.)</strong></span> <span class='ocrx_word' id='word_1_42' title='bbox 2123 1239 2312 1296; x_wconf 73' lang='lat' dir='ltr'><strong>Bentl,</strong></span> <span class='ocrx_word' id='word_1_43' title='bbox 2349 1242 2470 1290; x_wconf 76' lang='lat' dir='ltr'><strong>ussit</strong></span> <span class='ocrx_word' id='word_1_44' title='bbox 2505 1254 2626 1291; x_wconf 91' lang='lat' dir='ltr'><strong>cum</strong></span> <span class='ocrx_word' id='word_1_45' title='bbox 2663 1254 2773 1289; x_wconf 88' lang='lat' dir='ltr'><strong>var.</strong></span> 
     </span>
    </p>
   </div>
   <div class='ocr_carea' id='block_1_9' title="bbox 749 1314 1779 1378">
    <p class='ocr_par' dir='ltr' id='par_1_9' title="bbox 749 1314 1779 1378">
     <span class='ocr_line' id='line_1_9' title="bbox 749 1314 1779 1378; baseline -0.002 -13"><span class='ocrx_word' id='word_1_46' title='bbox 749 1319 889 1367; x_wconf 77' lang='lat' dir='ltr'><strong>iussit</strong></span> <span class='ocrx_word' id='word_1_47' title='bbox 923 1318 1114 1368; x_wconf 81' lang='lat' dir='ltr'><strong>Marius</strong></span> <span class='ocrx_word' id='word_1_48' title='bbox 1150 1314 1344 1366; x_wconf 78' lang='lat' dir='ltr'><strong>Plotius</strong></span> <span class='ocrx_word' id='word_1_49' title='bbox 1378 1328 1428 1378; x_wconf 91' lang='lat' dir='ltr'><strong>p.</strong></span> <span class='ocrx_word' id='word_1_50' title='bbox 1469 1314 1582 1363; x_wconf 68' lang='lat'><strong>299.</strong></span> <span class='ocrx_word' id='word_1_51' title='bbox 1624 1314 1779 1364; x_wconf 82' lang='lat' dir='ltr'><strong>Gaisf.</strong></span> 
     </span>
    </p>
   </div>
   <div class='ocr_carea' id='block_1_10' title="bbox 674 1539 1726 3230">
    <p class='ocr_par' dir='ltr' id='par_1_10' title="bbox 674 1539 1726 3230">
     <span class='ocr_line' id='line_1_10' title="bbox 681 1539 1723 1605; baseline -0.004 -15"><span class='ocrx_word' id='word_1_52' title='bbox 681 1543 899 1605; x_wconf 78' lang='lat' dir='ltr'><strong>pinquat</strong></span> <span class='ocrx_word' id='word_1_53' title='bbox 931 1543 1143 1603; x_wconf 87' lang='lat' dir='ltr'><strong>tempus</strong></span> <span class='ocrx_word' id='word_1_54' title='bbox 1165 1540 1452 1596; x_wconf 83' lang='lat' dir='ltr'><strong>aestivum;</strong></span> <span class='ocrx_word' id='word_1_55' title='bbox 1491 1551 1555 1588; x_wconf 90' lang='lat' dir='ltr'><strong>eo</strong></span> <span class='ocrx_word' id='word_1_56' title='bbox 1580 1539 1723 1587; x_wconf 89' lang='lat' dir='ltr'><strong>enim</strong></span> 
     </span>
     <span class='ocr_line' id='line_1_11' title="bbox 681 1610 1724 1665; baseline -0.002 -2"><span class='ocrx_word' id='word_1_57' title='bbox 681 1616 989 1665; x_wconf 79' lang='lat' dir='ltr'><strong>imminente</strong></span> <span class='ocrx_word' id='word_1_58' title='bbox 1024 1614 1075 1662; x_wconf 89' lang='lat' dir='ltr'><strong>in</strong></span> <span class='ocrx_word' id='word_1_59' title='bbox 1111 1615 1275 1662; x_wconf 79' lang='lat' dir='ltr'><strong>Aetna</strong></span> <span class='ocrx_word' id='word_1_60' title='bbox 1316 1614 1496 1662; x_wconf 87' lang='lat' dir='ltr'><strong>monte</strong></span> <span class='ocrx_word' id='word_1_61' title='bbox 1531 1610 1724 1661; x_wconf 90' lang='lat' dir='ltr'><strong>Volca-</strong></span> 
     </span>
     <span class='ocr_line' id='line_1_12' title="bbox 680 1687 1722 1753; baseline -0.005 -13"><span class='ocrx_word' id='word_1_62' title='bbox 680 1703 780 1741; x_wconf 90' lang='lat' dir='ltr'><strong>nus</strong></span> <span class='ocrx_word' id='word_1_63' title='bbox 814 1687 1059 1753; x_wconf 77' lang='lat' dir='ltr'><strong>procudit</strong></span> <span class='ocrx_word' id='word_1_64' title='bbox 1094 1687 1307 1737; x_wconf 80' lang='lat' dir='ltr'><strong>fulmina</strong></span> <span class='ocrx_word' id='word_1_65' title='bbox 1340 1687 1467 1747; x_wconf 80' lang='lat' dir='ltr'><strong>Iovi,</strong></span> <span class='ocrx_word' id='word_1_66' title='bbox 1505 1688 1722 1750; x_wconf 89' lang='lat' dir='ltr'><strong>quaein</strong></span> 
     </span>
     <span class='ocr_line' id='line_1_13' title="bbox 680 1761 1723 1825; baseline -0.003 -11"><span class='ocrx_word' id='word_1_67' title='bbox 680 1767 880 1814; x_wconf 80' lang='lat' dir='ltr'>aestate</span> <span class='ocrx_word' id='word_1_68' title='bbox 914 1764 1137 1812; x_wconf 74' lang='lat' dir='ltr'><strong>mittat.»</strong></span> <span class='ocrx_word' id='word_1_69' title='bbox 1195 1765 1376 1811; x_wconf 71' lang='lat' dir='ltr'><strong>Senot..</strong></span> <span class='ocrx_word' id='word_1_70' title='bbox 1415 1761 1556 1825; x_wconf 88' lang='lat' dir='ltr'><strong>apud</strong></span> <span class='ocrx_word' id='word_1_71' title='bbox 1579 1762 1723 1811; x_wconf 90' lang='lat' dir='ltr'><strong>Van-</strong></span> 
     </span>
     <span class='ocr_line' id='line_1_14' title="bbox 678 1837 1726 1901; baseline -0.004 -12"><span class='ocrx_word' id='word_1_72' title='bbox 678 1839 830 1890; x_wconf 90' lang='lat' dir='ltr'><strong>derb.</strong></span> <span class='ocrx_word' id='word_1_73' title='bbox 851 1837 1088 1888; x_wconf 82' lang='lat' dir='ltr'><strong>Eandem</strong></span> <span class='ocrx_word' id='word_1_74' title='bbox 1100 1837 1584 1901; x_wconf 80' lang='lat' dir='ltr'><strong>interpretationem</strong></span> <span class='ocrx_word' id='word_1_75' title='bbox 1601 1850 1726 1900; x_wconf 87' lang='lat' dir='ltr'><strong>pro-</strong></span> 
     </span>
     <span class='ocr_line' id='line_1_15' title="bbox 676 1911 1722 1978; baseline -0.002 -16"><span class='ocrx_word' id='word_1_76' title='bbox 676 1915 852 1978; x_wconf 86' lang='lat' dir='ltr'><strong>posuit</strong></span> <span class='ocrx_word' id='word_1_77' title='bbox 884 1914 1043 1962; x_wconf 90' lang='lat' dir='ltr'><strong>etiam</strong></span> <span class='ocrx_word' id='word_1_78' title='bbox 1080 1911 1389 1961; x_wconf 85' lang='lat' dir='ltr'><strong>Glareanus:</strong></span> <span class='ocrx_word' id='word_1_79' title='bbox 1448 1912 1593 1960; x_wconf 76' lang='lat' dir='ltr'><strong>«Cur</strong></span> <span class='ocrx_word' id='word_1_80' title='bbox 1634 1911 1722 1960; x_wconf 87' lang='lat' dir='ltr'><strong>hic</strong></span> 
     </span>
     <span class='ocr_line' id='line_1_16' title="bbox 674 1984 1721 2046; baseline -0.003 -8"><span class='ocrx_word' id='word_1_81' title='bbox 674 1987 888 2038; x_wconf 81' lang='lat' dir='ltr'><strong>Volcani</strong></span> <span class='ocrx_word' id='word_1_82' title='bbox 934 1987 1025 2037; x_wconf 85' lang='lat' dir='ltr'><strong>flat</strong></span> <span class='ocrx_word' id='word_1_83' title='bbox 1067 1988 1293 2046; x_wconf 87' lang='lat' dir='ltr'><strong>mentio,</strong></span> <span class='ocrx_word' id='word_1_84' title='bbox 1347 1984 1518 2036; x_wconf 91' lang='lat' dir='ltr'><strong>nullus</strong></span> <span class='ocrx_word' id='word_1_85' title='bbox 1558 1987 1721 2036; x_wconf 91' lang='lat' dir='ltr'><strong>Com-</strong></span> 
     </span>
     <span class='ocr_line' id='line_1_17' title="bbox 675 2059 1720 2124; baseline -0.004 -12"><span class='ocrx_word' id='word_1_86' title='bbox 675 2064 1031 2112; x_wconf 86' lang='lat' dir='ltr'><strong>mentatorum</strong></span> <span class='ocrx_word' id='word_1_87' title='bbox 1052 2060 1293 2124; x_wconf 82' lang='lat' dir='ltr'><strong>explicat.</strong></span> <span class='ocrx_word' id='word_1_88' title='bbox 1321 2061 1428 2123; x_wconf 84' lang='lat' dir='ltr'><strong>Ego</strong></span> <span class='ocrx_word' id='word_1_89' title='bbox 1453 2059 1573 2109; x_wconf 90' lang='lat' dir='ltr'><strong>ideo</strong></span> <span class='ocrx_word' id='word_1_90' title='bbox 1591 2062 1720 2122; x_wconf 88' lang='lat' dir='ltr'><strong>puto</strong></span> 
     </span>
     <span class='ocr_line' id='line_1_18' title="bbox 676 2134 1719 2198; baseline -0.006 -10"><span class='ocrx_word' id='word_1_91' title='bbox 676 2139 791 2188; x_wconf 86' lang='lat' dir='ltr'><strong>eius</strong></span> <span class='ocrx_word' id='word_1_92' title='bbox 824 2136 1381 2198; x_wconf 76' lang='lat' dir='ltr'><strong>meminisse·poetam</strong></span> <span class='ocrx_word' id='word_1_93' title='bbox 1426 2134 1526 2184; x_wconf 84' lang='lat' dir='ltr'><strong>sub</strong></span> <span class='ocrx_word' id='word_1_94' title='bbox 1568 2135 1719 2184; x_wconf 83' lang='lat' dir='ltr'><strong>verni</strong></span> 
     </span>
     <span class='ocr_line' id='line_1_19' title="bbox 676 2206 1723 2275; baseline -0.004 -14"><span class='ocrx_word' id='word_1_95' title='bbox 676 2212 932 2275; x_wconf 88' lang='lat' dir='ltr'><strong>temporis</strong></span> <span class='ocrx_word' id='word_1_96' title='bbox 956 2210 1385 2274; x_wconf 87' lang='lat' dir='ltr'><strong>descriptionem,</strong></span> <span class='ocrx_word' id='word_1_97' title='bbox 1422 2213 1481 2259; x_wconf 92' lang='lat' dir='ltr'><strong>ut</strong></span> <span class='ocrx_word' id='word_1_98' title='bbox 1502 2210 1607 2258; x_wconf 83' lang='lat' dir='ltr'><strong>Iovi</strong></span> <span class='ocrx_word' id='word_1_99' title='bbox 1629 2206 1723 2258; x_wconf 84' lang='lat' dir='ltr'><strong>sul-</strong></span> 
     </span>
     <span class='ocr_line' id='line_1_20' title="bbox 675 2283 1721 2349; baseline -0.004 -14"><span class='ocrx_word' id='word_1_100' title='bbox 675 2288 817 2335; x_wconf 86' lang='lat' dir='ltr'><strong>mina</strong></span> <span class='ocrx_word' id='word_1_101' title='bbox 858 2286 1009 2349; x_wconf 88' lang='lat' dir='ltr'><strong>paret</strong></span> <span class='ocrx_word' id='word_1_102' title='bbox 1048 2285 1116 2334; x_wconf 92' lang='lat' dir='ltr'><strong>ad</strong></span> <span class='ocrx_word' id='word_1_103' title='bbox 1157 2285 1434 2342; x_wconf 81' lang='lat' dir='ltr'><strong>aestatem,</strong></span> <span class='ocrx_word' id='word_1_104' title='bbox 1471 2284 1566 2347; x_wconf 76' lang='lat' dir='ltr'><strong>qui</strong></span> <span class='ocrx_word' id='word_1_105' title='bbox 1601 2283 1721 2332; x_wconf 90' lang='lat' dir='ltr'><strong>hie-</strong></span> 
     </span>
     <span class='ocr_line' id='line_1_21' title="bbox 676 2357 1721 2420; baseline -0.002 -11"><span class='ocrx_word' id='word_1_106' title='bbox 676 2374 782 2420; x_wconf 88' lang='lat' dir='ltr'><strong>me,</strong></span> <span class='ocrx_word' id='word_1_107' title='bbox 822 2373 969 2409; x_wconf 89' lang='lat' dir='ltr'><strong>more</strong></span> <span class='ocrx_word' id='word_1_108' title='bbox 1006 2360 1352 2409; x_wconf 86' lang='lat' dir='ltr'><strong>hiemantium</strong></span> <span class='ocrx_word' id='word_1_109' title='bbox 1388 2357 1630 2418; x_wconf 86' lang='lat' dir='ltr'><strong>militum,</strong></span> <span class='ocrx_word' id='word_1_110' title='bbox 1668 2357 1721 2407; x_wconf 90' lang='lat' dir='ltr'><strong>in</strong></span> 
     </span>
     <span class='ocr_line' id='line_1_22' title="bbox 674 2432 1721 2499; baseline -0.005 -14"><span class='ocrx_word' id='word_1_111' title='bbox 674 2433 898 2499; x_wconf 88' lang='lat' dir='ltr'><strong>Olympo</strong></span> <span class='ocrx_word' id='word_1_112' title='bbox 943 2446 1040 2483; x_wconf 90' lang='lat' dir='ltr'><strong>suo</strong></span> <span class='ocrx_word' id='word_1_113' title='bbox 1085 2432 1315 2483; x_wconf 88' lang='lat' dir='ltr'><strong>inclusus</strong></span> <span class='ocrx_word' id='word_1_114' title='bbox 1359 2444 1483 2482; x_wconf 87' lang='lat' dir='ltr'><strong>cum</strong></span> <span class='ocrx_word' id='word_1_115' title='bbox 1527 2432 1721 2481; x_wconf 85' lang='lat' dir='ltr'><strong>ceteris</strong></span> 
     </span>
     <span class='ocr_line' id='line_1_23' title="bbox 677 2507 1718 2573; baseline -0.005 -13"><span class='ocrx_word' id='word_1_116' title='bbox 677 2511 759 2561; x_wconf 90' lang='lat' dir='ltr'><strong>dis</strong></span> <span class='ocrx_word' id='word_1_117' title='bbox 801 2510 1011 2573; x_wconf 80' lang='lat' dir='ltr'><strong>egregie</strong></span> <span class='ocrx_word' id='word_1_118' title='bbox 1053 2510 1295 2573; x_wconf 79' lang='lat' dir='ltr'><strong>potarit.»</strong></span> <span class='ocrx_word' id='word_1_119' title='bbox 1334 2535 1389 2544; x_wconf 91' lang='lat'>-</span> <span class='ocrx_word' id='word_1_120' title='bbox 1438 2507 1718 2571; x_wconf 78' lang='lat' dir='ltr'><strong>Cyclopum]</strong></span> 
     </span>
     <span class='ocr_line' id='line_1_24' title="bbox 675 2578 1721 2654; baseline -0.004 -20"><span class='ocrx_word' id='word_1_121' title='bbox 675 2584 1034 2646; x_wconf 87' lang='lat' dir='ltr'><strong>Distinguendi</strong></span> <span class='ocrx_word' id='word_1_122' title='bbox 1068 2578 1468 2654; x_wconf 78' lang='grc' dir='ltr'><em>τρωγλοδύται,</em></span> <span class='ocrx_word' id='word_1_123' title='bbox 1506 2580 1721 2631; x_wconf 87' lang='lat' dir='ltr'><strong>coclites</strong></span> 
     </span>
     <span class='ocr_line' id='line_1_25' title="bbox 676 2656 1719 2723; baseline -0.003 -14"><span class='ocrx_word' id='word_1_124' title='bbox 676 2660 891 2710; x_wconf 86' lang='lat' dir='ltr'><strong>Homeri</strong></span> <span class='ocrx_word' id='word_1_125' title='bbox 944 2658 1331 2723; x_wconf 76' lang='lat' dir='ltr'><strong>(Polyphemus)</strong></span> <span class='ocrx_word' id='word_1_126' title='bbox 1386 2658 1453 2707; x_wconf 88' lang='lat' dir='ltr'><strong>ab</strong></span> <span class='ocrx_word' id='word_1_127' title='bbox 1508 2656 1719 2707; x_wconf 86' lang='lat' dir='ltr'><strong>Hesiodi</strong></span> 
     </span>
     <span class='ocr_line' id='line_1_26' title="bbox 682 2730 1721 2797; baseline -0.004 -13"><span class='ocrx_word' id='word_1_128' title='bbox 682 2736 891 2797; x_wconf 85' lang='lat' dir='ltr'><strong>(Theog.</strong></span> <span class='ocrx_word' id='word_1_129' title='bbox 934 2733 1066 2795; x_wconf 71' lang='grc'><strong>440.)</strong></span> <span class='ocrx_word' id='word_1_130' title='bbox 1106 2732 1443 2797; x_wconf 76' lang='lat' dir='ltr'><strong>CyclopibuS,</strong></span> <span class='ocrx_word' id='word_1_131' title='bbox 1483 2730 1629 2781; x_wconf 90' lang='lat' dir='ltr'><strong>Caeli</strong></span> <span class='ocrx_word' id='word_1_132' title='bbox 1669 2734 1721 2781; x_wconf 89' lang='lat' dir='ltr'><strong>et</strong></span> 
     </span>
     <span class='ocr_line' id='line_1_27' title="bbox 678 2802 1716 2879; baseline -0.003 -20"><span class='ocrx_word' id='word_1_133' title='bbox 678 2810 871 2859; x_wconf 87' lang='lat' dir='ltr'><strong>Terrae</strong></span> <span class='ocrx_word' id='word_1_134' title='bbox 925 2808 1041 2859; x_wconf 83' lang='lat' dir='ltr'><strong>filiis</strong></span> <span class='ocrx_word' id='word_1_135' title='bbox 1090 2802 1344 2879; x_wconf 64' lang='grc' dir='ltr'>(Ἄργης,</span> <span class='ocrx_word' id='word_1_136' title='bbox 1404 2804 1716 2876; x_wconf 77' lang='grc' dir='ltr'><em>Στερόπης,</em></span> 
     </span>
     <span class='ocr_line' id='line_1_28' title="bbox 675 2879 1719 2951; baseline 0 -20"><span class='ocrx_word' id='word_1_137' title='bbox 675 2879 945 2951; x_wconf 78' lang='grc' dir='ltr'><strong>Βρόντης)</strong></span> <span class='ocrx_word' id='word_1_138' title='bbox 972 2921 983 2941; x_wconf 90' lang='grc'>,</span> <span class='ocrx_word' id='word_1_139' title='bbox 1039 2884 1128 2946; x_wconf 88' lang='lat' dir='ltr'><strong>qui</strong></span> <span class='ocrx_word' id='word_1_140' title='bbox 1174 2885 1276 2934; x_wconf 91' lang='lat' dir='ltr'><strong>iam</strong></span> <span class='ocrx_word' id='word_1_141' title='bbox 1321 2882 1464 2946; x_wconf 91' lang='lat' dir='ltr'><strong>apud</strong></span> <span class='ocrx_word' id='word_1_142' title='bbox 1508 2880 1719 2946; x_wconf 84' lang='lat' dir='ltr'><strong>Apollo-</strong></span> 
     </span>
     <span class='ocr_line' id='line_1_29' title="bbox 676 2954 1718 3020; baseline -0.003 -13"><span class='ocrx_word' id='word_1_143' title='bbox 676 2958 821 3007; x_wconf 88' lang='lat' dir='ltr'><strong>nium</strong></span> <span class='ocrx_word' id='word_1_144' title='bbox 855 2960 1046 3020; x_wconf 82' lang='lat' dir='ltr'><strong>Argon.</strong></span> <span class='ocrx_word' id='word_1_145' title='bbox 1088 2958 1134 3017; x_wconf 94' lang='grc'><strong>4,</strong></span> <span class='ocrx_word' id='word_1_146' title='bbox 1173 2957 1287 3007; x_wconf 73' lang='lat'><strong>728.</strong></span> <span class='ocrx_word' id='word_1_147' title='bbox 1360 2957 1465 3005; x_wconf 89' lang='lat' dir='ltr'><strong>Iovi</strong></span> <span class='ocrx_word' id='word_1_148' title='bbox 1501 2954 1718 3006; x_wconf 70' lang='lat' dir='ltr'><strong>fulmina</strong></span> 
     </span>
     <span class='ocr_line' id='line_1_30' title="bbox 676 3029 1716 3094; baseline 0 -14"><span class='ocrx_word' id='word_1_149' title='bbox 676 3031 903 3091; x_wconf 89' lang='lat' dir='ltr'><strong>cudunt,</strong></span> <span class='ocrx_word' id='word_1_150' title='bbox 959 3034 1013 3080; x_wconf 89' lang='lat' dir='ltr'><strong>et</strong></span> <span class='ocrx_word' id='word_1_151' title='bbox 1045 3044 1075 3079; x_wconf 94' lang='lat' dir='ltr'><strong>a</strong></span> <span class='ocrx_word' id='word_1_152' title='bbox 1111 3029 1432 3094; x_wconf 85' lang='lat' dir='ltr'><strong>Cyclopibus</strong></span> <span class='ocrx_word' id='word_1_153' title='bbox 1464 3031 1716 3090; x_wconf 77' lang='lat' dir='ltr'><strong>ThraciiS,</strong></span> 
     </span>
     <span class='ocr_line' id='line_1_31' title="bbox 677 3103 1718 3169; baseline -0.001 -14"><span class='ocrx_word' id='word_1_154' title='bbox 677 3103 1048 3169; x_wconf 85' lang='lat' dir='ltr'><strong>Cyclopiorum</strong></span> <span class='ocrx_word' id='word_1_155' title='bbox 1078 3117 1353 3155; x_wconf 90' lang='lat' dir='ltr'><strong>murorum</strong></span> <span class='ocrx_word' id='word_1_156' title='bbox 1389 3106 1441 3155; x_wconf 89' lang='lat' dir='ltr'><strong>in</strong></span> <span class='ocrx_word' id='word_1_157' title='bbox 1475 3103 1718 3167; x_wconf 82' lang='lat' dir='ltr'><strong>Argolide</strong></span> 
     </span>
     <span class='ocr_line' id='line_1_32' title="bbox 678 3178 1196 3230; baseline -0.004 0"><span class='ocrx_word' id='word_1_158' title='bbox 678 3183 778 3230; x_wconf 87' lang='lat' dir='ltr'><strong>cet.</strong></span> <span class='ocrx_word' id='word_1_159' title='bbox 819 3178 1196 3230; x_wconf 82' lang='lat' dir='ltr'><strong>conditoribus.</strong></span> 
     </span>
    </p>
   </div>
   <div class='ocr_carea' id='block_1_11' title="bbox 677 3327 1727 4359">
    <p class='ocr_par' dir='ltr' id='par_1_11' title="bbox 677 3327 1727 4359">
     <span class='ocr_line' id='line_1_33' title="bbox 742 3327 1718 3393; baseline -0.003 -13"><span class='ocrx_word' id='word_1_160' title='bbox 742 3331 791 3380; x_wconf 89' lang='lat'><strong>8.</strong></span> <span class='ocrx_word' id='word_1_161' title='bbox 834 3328 1091 3393; x_wconf 76' lang='lat' dir='ltr'><strong>Volcanus]</strong></span> <span class='ocrx_word' id='word_1_162' title='bbox 1144 3329 1267 3379; x_wconf 87' lang='lat' dir='ltr'><strong>Eius</strong></span> <span class='ocrx_word' id='word_1_163' title='bbox 1317 3327 1546 3390; x_wconf 80' lang='lat' dir='ltr'><strong>effigiem</strong></span> <span class='ocrx_word' id='word_1_164' title='bbox 1595 3328 1718 3378; x_wconf 83' lang='lat' dir='ltr'><strong>vide</strong></span> 
     </span>
     <span class='ocr_line' id='line_1_34' title="bbox 679 3403 1716 3464; baseline -0.003 -8"><span class='ocrx_word' id='word_1_165' title='bbox 679 3408 728 3456; x_wconf 86' lang='lat' dir='ltr'><strong>in</strong></span> <span class='ocrx_word' id='word_1_166' title='bbox 765 3403 1004 3454; x_wconf 87' lang='lat' dir='ltr'><strong>Gerhard</strong></span> <span class='ocrx_word' id='word_1_167' title='bbox 1043 3409 1147 3453; x_wconf 83' lang='lat' dir='ltr'><strong>ant.</strong></span> <span class='ocrx_word' id='word_1_168' title='bbox 1194 3404 1371 3452; x_wconf 80' lang='lat' dir='ltr'><strong>Bildw.</strong></span> <span class='ocrx_word' id='word_1_169' title='bbox 1410 3404 1465 3453; x_wconf 90' lang='lat' dir='ltr'><strong>T.</strong></span> <span class='ocrx_word' id='word_1_170' title='bbox 1504 3403 1716 3464; x_wconf 83' lang='lat' dir='ltr'>LXXXI,</span> 
     </span>
     <span class='ocr_line' id='line_1_35' title="bbox 678 3477 1722 3543; baseline -0.004 -12"><span class='ocrx_word' id='word_1_171' title='bbox 678 3482 736 3532; x_wconf 84' lang='lat'><strong>3:</strong></span> <span class='ocrx_word' id='word_1_172' title='bbox 774 3481 849 3529; x_wconf 86' lang='lat' dir='ltr'><strong>Im</strong></span> <span class='ocrx_word' id='word_1_173' title='bbox 878 3479 1137 3543; x_wconf 71' lang='lat' dir='ltr'><strong>Anqesicht</strong></span> <span class='ocrx_word' id='word_1_174' title='bbox 1170 3480 1232 3528; x_wconf 75' lang='lat' dir='ltr'><strong>ist</strong></span> <span class='ocrx_word' id='word_1_175' title='bbox 1263 3478 1341 3527; x_wconf 74' lang='lat' dir='ltr'><strong>die</strong></span> <span class='ocrx_word' id='word_1_176' title='bbox 1378 3477 1522 3527; x_wconf 81' lang='lat' dir='ltr'><strong>derbe</strong></span> <span class='ocrx_word' id='word_1_177' title='bbox 1564 3479 1722 3527; x_wconf 75' lang='lat' dir='ltr'><strong>Tit&#39;ch-</strong></span> 
     </span>
     <span class='ocr_line' id='line_1_36' title="bbox 677 3552 1722 3619; baseline -0.002 -15"><span class='ocrx_word' id='word_1_178' title='bbox 677 3555 847 3619; x_wconf 71' lang='lat' dir='ltr'><strong>tiykeit</strong></span> <span class='ocrx_word' id='word_1_179' title='bbox 887 3555 970 3603; x_wconf 82' lang='lat' dir='ltr'><strong>des</strong></span> <span class='ocrx_word' id='word_1_180' title='bbox 1010 3553 1303 3616; x_wconf 64' lang='lat' dir='ltr'><strong>errabi-enen</strong></span> <span class='ocrx_word' id='word_1_181' title='bbox 1344 3552 1722 3602; x_wconf 63' lang='lat' dir='ltr'><strong>Fauor-bemin-</strong></span> 
     </span>
     <span class='ocr_line' id='line_1_37' title="bbox 677 3626 1724 3693; baseline -0.002 -14"><span class='ocrx_word' id='word_1_182' title='bbox 677 3642 792 3693; x_wconf 63' lang='grc' dir='ltr'><em>ρει-3</em></span> <span class='ocrx_word' id='word_1_183' title='bbox 805 3629 897 3678; x_wconf 84' lang='lat' dir='ltr'><strong>mit</strong></span> <span class='ocrx_word' id='word_1_184' title='bbox 916 3628 1055 3692; x_wconf 70' lang='lat' dir='ltr'><strong>⁴qesch</strong></span> <span class='ocrx_word' id='word_1_185' title='bbox 1060 3627 1213 3677; x_wconf 81' lang='lat' dir='ltr'><strong>ickter</strong></span> <span class='ocrx_word' id='word_1_186' title='bbox 1226 3626 1593 3676; x_wconf 62' lang='lat' dir='ltr'><strong>musilerhand</strong></span> <span class='ocrx_word' id='word_1_187' title='bbox 1608 3641 1724 3677; x_wconf 73' lang='lat' dir='ltr'><strong>aus-</strong></span> 
     </span>
     <span class='ocr_line' id='line_1_38' title="bbox 677 3698 1717 3767; baseline -0.002 -14"><span class='ocrx_word' id='word_1_188' title='bbox 677 3703 929 3767; x_wconf 69' lang='lat' dir='ltr'><strong>9edrtickt.</strong></span> <span class='ocrx_word' id='word_1_189' title='bbox 956 3729 1011 3737; x_wconf 97' lang='lat'><strong>—</strong></span> <span class='ocrx_word' id='word_1_190' title='bbox 1036 3702 1234 3766; x_wconf 83' lang='lat' dir='ltr'><strong>ardens]</strong></span> <span class='ocrx_word' id='word_1_191' title='bbox 1259 3702 1318 3749; x_wconf 84' lang='lat' dir='ltr'><strong>ut</strong></span> <span class='ocrx_word' id='word_1_192' title='bbox 1339 3698 1608 3750; x_wconf 86' lang='lat' dir='ltr'><strong>Claudian.</strong></span> <span class='ocrx_word' id='word_1_193' title='bbox 1636 3702 1717 3761; x_wconf 76' lang='lat'><strong>72,</strong></span> 
     </span>
     <span class='ocr_line' id='line_1_39' title="bbox 680 3774 1716 3836; baseline -0.001 -11"><span class='ocrx_word' id='word_1_194' title='bbox 680 3777 737 3826; x_wconf 84' lang='lat'><strong>3:</strong></span> <span class='ocrx_word' id='word_1_195' title='bbox 793 3778 1049 3825; x_wconf 55' lang='lat' dir='ltr'><strong>ardenam</strong></span> <span class='ocrx_word' id='word_1_196' title='bbox 1081 3777 1244 3836; x_wconf 78' lang='lat' dir='ltr'><strong>deum,</strong></span> <span class='ocrx_word' id='word_1_197' title='bbox 1281 3775 1473 3825; x_wconf 82' lang='lat' dir='ltr'><strong>Statius</strong></span> <span class='ocrx_word' id='word_1_198' title='bbox 1508 3774 1630 3825; x_wconf 79' lang='lat' dir='ltr'><strong>silv,</strong></span> <span class='ocrx_word' id='word_1_199' title='bbox 1668 3775 1716 3836; x_wconf 87' lang='lat'><strong>3,</strong></span> 
     </span>
     <span class='ocr_line' id='line_1_40' title="bbox 683 3846 1723 3914; baseline -0.001 -14"><span class='ocrx_word' id='word_1_200' title='bbox 683 3852 730 3909; x_wconf 89' lang='grc'><strong>4,</strong></span> <span class='ocrx_word' id='word_1_201' title='bbox 771 3849 889 3899; x_wconf 81' lang='grc'><strong>433;</strong></span> <span class='ocrx_word' id='word_1_202' title='bbox 925 3852 1185 3914; x_wconf 70' lang='lat' dir='ltr'><strong>nameus</strong></span> <span class='ocrx_word' id='word_1_203' title='bbox 1215 3850 1472 3910; x_wconf 74' lang='lat' dir='ltr'><strong>Mulciber,</strong></span> <span class='ocrx_word' id='word_1_204' title='bbox 1514 3846 1723 3899; x_wconf 80' lang='grc' dir='ltr'><em>διάπυ-</em></span> 
     </span>
     <span class='ocr_line' id='line_1_41' title="bbox 681 3922 1722 3996; baseline 0.001 -23"><span class='ocrx_word' id='word_1_205' title='bbox 681 3940 810 3996; x_wconf 75' lang='grc' dir='ltr'>ρος,</span> <span class='ocrx_word' id='word_1_206' title='bbox 868 3922 1068 3973; x_wconf 74' lang='grc' dir='ltr'><em>αἴθων·</em></span> <span class='ocrx_word' id='word_1_207' title='bbox 1136 3924 1348 3975; x_wconf 88' lang='lat' dir='ltr'><strong>Suidas:</strong></span> <span class='ocrx_word' id='word_1_208' title='bbox 1420 3922 1722 3987; x_wconf 78' lang='grc' dir='ltr'><strong><em>Αἰθαλόεις</em></strong></span> 
     </span>
     <span class='ocr_line' id='line_1_42' title="bbox 681 3991 1718 4062; baseline -0.002 -12"><span class='ocrx_word' id='word_1_209' title='bbox 681 3995 821 4061; x_wconf 78' lang='grc' dir='ltr'><strong><em>θεὸς</em></strong></span> <span class='ocrx_word' id='word_1_210' title='bbox 874 3992 909 4048; x_wconf 89' lang='grc' dir='ltr'>ὁ</span> <span class='ocrx_word' id='word_1_211' title='bbox 954 3991 1273 4061; x_wconf 77' lang='grc' dir='ltr'><em>Ἥφαιστος</em></span> <span class='ocrx_word' id='word_1_212' title='bbox 1328 3992 1407 4061; x_wconf 80' lang='grc' dir='ltr'><strong>ὥς</strong></span> <span class='ocrx_word' id='word_1_213' title='bbox 1455 3995 1718 4062; x_wconf 80' lang='grc' dir='ltr'><strong>χαλκεύς.</strong></span> 
     </span>
     <span class='ocr_line' id='line_1_43' title="bbox 681 4073 1727 4127; baseline -0.003 -1"><span class='ocrx_word' id='word_1_214' title='bbox 681 4073 922 4127; x_wconf 88' lang='lat' dir='ltr'><strong>Eundem</strong></span> <span class='ocrx_word' id='word_1_215' title='bbox 946 4073 1205 4123; x_wconf 87' lang='lat' dir='ltr'><strong>Lucianus</strong></span> <span class='ocrx_word' id='word_1_216' title='bbox 1238 4073 1306 4122; x_wconf 93' lang='lat' dir='ltr'><strong>de</strong></span> <span class='ocrx_word' id='word_1_217' title='bbox 1341 4074 1521 4123; x_wconf 79' lang='lat' dir='ltr'><strong>Sacris.</strong></span> <span class='ocrx_word' id='word_1_218' title='bbox 1559 4074 1607 4123; x_wconf 86' lang='grc'><strong>6.</strong></span> <span class='ocrx_word' id='word_1_219' title='bbox 1634 4087 1727 4123; x_wconf 76' lang='lat' dir='ltr'><strong>vo-</strong></span> 
     </span>
     <span class='ocr_line' id='line_1_44' title="bbox 684 4142 1723 4219; baseline -0.002 -20"><span class='ocrx_word' id='word_1_220' title='bbox 684 4151 771 4200; x_wconf 86' lang='lat' dir='ltr'><strong>cat</strong></span> <span class='ocrx_word' id='word_1_221' title='bbox 802 4148 1041 4219; x_wconf 77' lang='grc' dir='ltr'><strong><em>πυρίτην</em></strong></span> <span class='ocrx_word' id='word_1_222' title='bbox 1074 4147 1174 4197; x_wconf 86' lang='grc' dir='ltr'><strong>καὶ</strong></span> <span class='ocrx_word' id='word_1_223' title='bbox 1214 4144 1546 4217; x_wconf 79' lang='grc' dir='ltr'>σπινθήρων</span> <span class='ocrx_word' id='word_1_224' title='bbox 1577 4142 1723 4197; x_wconf 81' lang='grc' dir='ltr'><em>ἀνά-</em></span> 
     </span>
     <span class='ocr_line' id='line_1_45' title="bbox 685 4216 1724 4288; baseline 0.002 -17"><span class='ocrx_word' id='word_1_225' title='bbox 685 4220 868 4272; x_wconf 78' lang='grc' dir='ltr'><strong><em>πλεων</em></strong></span> <span class='ocrx_word' id='word_1_226' title='bbox 923 4216 1021 4271; x_wconf 71' lang='grc' dir='ltr'><strong>οἶα</strong></span> <span class='ocrx_word' id='word_1_227' title='bbox 1068 4216 1140 4286; x_wconf 78' lang='grc' dir='ltr'><strong>δὴ</strong></span> <span class='ocrx_word' id='word_1_228' title='bbox 1192 4219 1553 4288; x_wconf 68' lang='grc' dir='ltr'><strong>καμνεὺτην.</strong></span> <span class='ocrx_word' id='word_1_229' title='bbox 1633 4225 1724 4273; x_wconf 82' lang='lat' dir='ltr'><strong>Est</strong></span> 
     </span>
     <span class='ocr_line' id='line_1_46' title="bbox 687 4294 1720 4359; baseline 0.003 -15"><span class='ocrx_word' id='word_1_230' title='bbox 687 4297 841 4359; x_wconf 85' lang='lat' dir='ltr'><strong>igitur</strong></span> <span class='ocrx_word' id='word_1_231' title='bbox 874 4296 1134 4348; x_wconf 78' lang='lat' dir='ltr'><strong>«flammis</strong></span> <span class='ocrx_word' id='word_1_232' title='bbox 1167 4294 1464 4347; x_wconf 63' lang='lat' dir='ltr'><strong>relucens»</strong></span> <span class='ocrx_word' id='word_1_233' title='bbox 1503 4325 1558 4334; x_wconf 91' lang='lat'>—</span> <span class='ocrx_word' id='word_1_234' title='bbox 1600 4296 1720 4359; x_wconf 70' lang='lat' dir='ltr'><strong>tio-it]</strong></span> 
     </span>
    </p>
   </div>
   <div class='ocr_carea' id='block_1_12' title="bbox 1790 1538 2846 4357">
    <p class='ocr_par' dir='ltr' id='par_1_12' title="bbox 1790 1538 2846 3989">
     <span class='ocr_line' id='line_1_47' title="bbox 1801 1538 2845 1599; baseline 0.007 -17"><span class='ocrx_word' id='word_1_235' title='bbox 1801 1538 1949 1599; x_wconf 80' lang='lat' dir='ltr'><strong>«igne</strong></span> <span class='ocrx_word' id='word_1_236' title='bbox 2001 1550 2030 1587; x_wconf 88' lang='lat' dir='ltr'><strong>a</strong></span> <span class='ocrx_word' id='word_1_237' title='bbox 2084 1551 2142 1590; x_wconf 89' lang='lat' dir='ltr'><strong>se</strong></span> <span class='ocrx_word' id='word_1_238' title='bbox 2187 1551 2441 1598; x_wconf 84' lang='lat' dir='ltr'><strong>accenso,</strong></span> <span class='ocrx_word' id='word_1_239' title='bbox 2507 1541 2565 1589; x_wconf 87' lang='lat' dir='ltr'><strong>ut</strong></span> <span class='ocrx_word' id='word_1_240' title='bbox 2610 1540 2845 1589; x_wconf 82' lang='lat' dir='ltr'><strong>ferveant</strong></span> 
     </span>
     <span class='ocr_line' id='line_1_48' title="bbox 1798 1612 2846 1664; baseline 0.001 -3"><span class='ocrx_word' id='word_1_241' title='bbox 1798 1612 1921 1661; x_wconf 79' lang='lat' dir='ltr'><strong>ferri</strong></span> <span class='ocrx_word' id='word_1_242' title='bbox 1957 1625 2165 1662; x_wconf 87' lang='lat' dir='ltr'><strong>massae</strong></span> <span class='ocrx_word' id='word_1_243' title='bbox 2210 1615 2266 1662; x_wconf 88' lang='lat' dir='ltr'><strong>et</strong></span> <span class='ocrx_word' id='word_1_244' title='bbox 2306 1613 2536 1663; x_wconf 77' lang='lat' dir='ltr'><strong>flammis</strong></span> <span class='ocrx_word' id='word_1_245' title='bbox 2588 1612 2846 1664; x_wconf 86' lang='lat' dir='ltr'><strong>colluceat</strong></span> 
     </span>
     <span class='ocr_line' id='line_1_49' title="bbox 1800 1687 2846 1738; baseline 0.001 -3"><span class='ocrx_word' id='word_1_246' title='bbox 1800 1687 1904 1736; x_wconf 83' lang='lat' dir='ltr'><strong>tota</strong></span> <span class='ocrx_word' id='word_1_247' title='bbox 1939 1687 2167 1736; x_wconf 78' lang='lat' dir='ltr'><strong>officina.</strong></span> <span class='ocrx_word' id='word_1_248' title='bbox 2227 1688 2468 1737; x_wconf 83' lang='lat' dir='ltr'><strong>Proxime</strong></span> <span class='ocrx_word' id='word_1_249' title='bbox 2503 1688 2712 1738; x_wconf 87' lang='lat' dir='ltr'><strong>accedit</strong></span> <span class='ocrx_word' id='word_1_250' title='bbox 2744 1690 2846 1738; x_wconf 88' lang='lat' dir='ltr'><strong>Eu-</strong></span> 
     </span>
     <span class='ocr_line' id='line_1_50' title="bbox 1795 1758 2840 1832; baseline 0.001 -23"><span class='ocrx_word' id='word_1_251' title='bbox 1795 1761 1892 1824; x_wconf 88' lang='lat' dir='ltr'><strong>rip.</strong></span> <span class='ocrx_word' id='word_1_252' title='bbox 1930 1761 2119 1811; x_wconf 89' lang='lat' dir='ltr'><strong>Troad.</strong></span> <span class='ocrx_word' id='word_1_253' title='bbox 2158 1762 2278 1812; x_wconf 83' lang='lat'>308:</span> <span class='ocrx_word' id='word_1_254' title='bbox 2317 1758 2447 1824; x_wconf 80' lang='grc' dir='ltr'><strong>φῶς</strong></span> <span class='ocrx_word' id='word_1_255' title='bbox 2469 1765 2627 1832; x_wconf 72' lang='grc' dir='ltr'>φέρε,</span> <span class='ocrx_word' id='word_1_256' title='bbox 2664 1761 2840 1824; x_wconf 77' lang='grc' dir='ltr'>σέβω,</span> 
     </span>
     <span class='ocr_line' id='line_1_51' title="bbox 1795 1832 2837 1905; baseline 0.003 -21"><span class='ocrx_word' id='word_1_257' title='bbox 1795 1832 1986 1899; x_wconf 76' lang='grc' dir='ltr'><em>φλέγω</em></span> <span class='ocrx_word' id='word_1_258' title='bbox 2019 1863 2051 1873; x_wconf 87' lang='grc'>-</span> <span class='ocrx_word' id='word_1_259' title='bbox 2084 1864 2116 1874; x_wconf 94' lang='grc'>-</span> <span class='ocrx_word' id='word_1_260' title='bbox 2148 1832 2411 1900; x_wconf 77' lang='grc' dir='ltr'><em>λαμπάσι</em></span> <span class='ocrx_word' id='word_1_261' title='bbox 2479 1833 2593 1886; x_wconf 83' lang='grc' dir='ltr'><strong>τόδ’</strong></span> <span class='ocrx_word' id='word_1_262' title='bbox 2664 1833 2837 1905; x_wconf 78' lang='grc' dir='ltr'>ἱερὸν,</span> 
     </span>
     <span class='ocr_line' id='line_1_52' title="bbox 1798 1909 2839 1975; baseline 0 -14"><span class='ocrx_word' id='word_1_263' title='bbox 1798 1909 2033 1961; x_wconf 74' lang='lat' dir='ltr'><strong>«facibus</strong></span> <span class='ocrx_word' id='word_1_264' title='bbox 2083 1911 2185 1961; x_wconf 91' lang='lat' dir='ltr'><strong>hoc</strong></span> <span class='ocrx_word' id='word_1_265' title='bbox 2231 1911 2488 1975; x_wconf 87' lang='lat' dir='ltr'><strong>templum</strong></span> <span class='ocrx_word' id='word_1_266' title='bbox 2536 1911 2839 1963; x_wconf 80' lang='lat' dir='ltr'><strong>collustro.»</strong></span> 
     </span>
     <span class='ocr_line' id='line_1_53' title="bbox 1797 1979 2842 2052; baseline 0.003 -18"><span class='ocrx_word' id='word_1_267' title='bbox 1797 1984 1998 2049; x_wconf 87' lang='lat' dir='ltr'><strong>Hippol.</strong></span> <span class='ocrx_word' id='word_1_268' title='bbox 2038 1986 2190 2035; x_wconf 70' lang='lat'>⁴279:</span> <span class='ocrx_word' id='word_1_269' title='bbox 2233 1983 2393 2052; x_wconf 77' lang='grc' dir='ltr'>(γῆν,)</span> <span class='ocrx_word' id='word_1_270' title='bbox 2419 1982 2524 2035; x_wconf 83' lang='grc' dir='ltr'><strong>τὰν</strong></span> <span class='ocrx_word' id='word_1_271' title='bbox 2547 1979 2730 2049; x_wconf 67' lang='grc' dir='ltr'><strong><em>’Ἅλιος</em></strong></span> <span class='ocrx_word' id='word_1_272' title='bbox 2751 1989 2842 2037; x_wconf 81' lang='grc' dir='ltr'><strong>αἰ-</strong></span> 
     </span>
     <span class='ocr_line' id='line_1_54' title="bbox 1793 2058 2840 2130; baseline 0.003 -21"><span class='ocrx_word' id='word_1_273' title='bbox 1793 2060 2052 2125; x_wconf 78' lang='grc' dir='ltr'>θομέναν</span> <span class='ocrx_word' id='word_1_274' title='bbox 2084 2058 2361 2130; x_wconf 79' lang='grc' dir='ltr'><em>δέρκεται,</em></span> <span class='ocrx_word' id='word_1_275' title='bbox 2401 2060 2631 2111; x_wconf 88' lang='lat' dir='ltr'><strong>«lumine</strong></span> <span class='ocrx_word' id='word_1_276' title='bbox 2655 2076 2752 2112; x_wconf 90' lang='lat' dir='ltr'><strong>suo</strong></span> <span class='ocrx_word' id='word_1_277' title='bbox 2776 2076 2840 2112; x_wconf 87' lang='lat' dir='ltr'><strong>ac</strong></span> 
     </span>
     <span class='ocr_line' id='line_1_55' title="bbox 1795 2134 2836 2202; baseline 0.003 -18"><span class='ocrx_word' id='word_1_278' title='bbox 1795 2134 2076 2198; x_wconf 84' lang='lat' dir='ltr'><strong>splendore</strong></span> <span class='ocrx_word' id='word_1_279' title='bbox 2118 2134 2530 2186; x_wconf 75' lang='lat' dir='ltr'><strong>collustratam.»</strong></span> <span class='ocrx_word' id='word_1_280' title='bbox 2599 2139 2836 2202; x_wconf 85' lang='lat' dir='ltr'><strong>Propert.</strong></span> 
     </span>
     <span class='ocr_line' id='line_1_56' title="bbox 1793 2209 2843 2268; baseline 0.003 -10"><span class='ocrx_word' id='word_1_281' title='bbox 1793 2211 1843 2266; x_wconf 72' lang='lat'><strong>2,</strong></span> <span class='ocrx_word' id='word_1_282' title='bbox 1874 2211 1919 2268; x_wconf 86' lang='grc'><strong>4,</strong></span> <span class='ocrx_word' id='word_1_283' title='bbox 1956 2209 2049 2260; x_wconf 74' lang='lat'><strong>54:</strong></span> <span class='ocrx_word' id='word_1_284' title='bbox 2087 2212 2189 2260; x_wconf 76' lang='lat' dir='ltr'><strong>sive</strong></span> <span class='ocrx_word' id='word_1_285' title='bbox 2221 2211 2408 2260; x_wconf 76' lang='lat' dir='ltr'><strong>Colchis</strong></span> <span class='ocrx_word' id='word_1_286' title='bbox 2429 2211 2698 2261; x_wconf 74' lang='lat' dir='ltr'><strong>Colchiaeis</strong></span> <span class='ocrx_word' id='word_1_287' title='bbox 2717 2218 2843 2262; x_wconf 74' lang='lat' dir='ltr'><strong>urat</strong></span> 
     </span>
     <span class='ocr_line' id='line_1_57' title="bbox 1794 2284 2836 2346; baseline 0.002 -13"><span class='ocrx_word' id='word_1_288' title='bbox 1794 2286 1928 2333; x_wconf 74' lang='lat' dir='ltr'><strong>ae&#39;na</strong></span> <span class='ocrx_word' id='word_1_289' title='bbox 1959 2285 2098 2346; x_wconf 78' lang='lat' dir='ltr'><strong>[ocis.</strong></span> <span class='ocrx_word' id='word_1_290' title='bbox 2159 2284 2453 2335; x_wconf 81' lang='lat' dir='ltr'><strong>Audaciora</strong></span> <span class='ocrx_word' id='word_1_291' title='bbox 2490 2287 2648 2336; x_wconf 88' lang='lat' dir='ltr'><strong>etiam</strong></span> <span class='ocrx_word' id='word_1_292' title='bbox 2670 2287 2836 2338; x_wconf 87' lang='lat' dir='ltr'><strong>haec:</strong></span> 
     </span>
     <span class='ocr_line' id='line_1_58' title="bbox 1795 2357 2838 2425; baseline 0.002 -16"><span class='ocrx_word' id='word_1_293' title='bbox 1795 2358 1942 2409; x_wconf 83' lang='lat' dir='ltr'><strong>Pind.</strong></span> <span class='ocrx_word' id='word_1_294' title='bbox 1982 2358 2056 2409; x_wconf 92' lang='lat' dir='ltr'><strong>Ol.</strong></span> <span class='ocrx_word' id='word_1_295' title='bbox 2095 2360 2145 2420; x_wconf 83' lang='lat'><strong>9,</strong></span> <span class='ocrx_word' id='word_1_296' title='bbox 2181 2361 2274 2409; x_wconf 71' lang='lat'><strong>2⁴:</strong></span> <span class='ocrx_word' id='word_1_297' title='bbox 2312 2358 2489 2422; x_wconf 74' lang='grc' dir='ltr'><strong><em>φίλαν</em></strong></span> <span class='ocrx_word' id='word_1_298' title='bbox 2523 2357 2689 2410; x_wconf 76' lang='grc' dir='ltr'><strong><em>πόλιν</em></strong></span> <span class='ocrx_word' id='word_1_299' title='bbox 2721 2378 2838 2425; x_wconf 87' lang='grc' dir='ltr'><strong>μα-</strong></span> 
     </span>
     <span class='ocr_line' id='line_1_59' title="bbox 1794 2429 2834 2504; baseline 0.007 -24"><span class='ocrx_word' id='word_1_300' title='bbox 1794 2431 1987 2504; x_wconf 75' lang='grc' dir='ltr'><strong><em>λεραῖς</em></strong></span> <span class='ocrx_word' id='word_1_301' title='bbox 2019 2431 2339 2500; x_wconf 79' lang='grc' dir='ltr'><strong><em>ἐπιφλέγων</em></strong></span> <span class='ocrx_word' id='word_1_302' title='bbox 2372 2429 2614 2499; x_wconf 81' lang='grc' dir='ltr'><strong><em>ἀοιδαῖς.</em></strong></span> <span class='ocrx_word' id='word_1_303' title='bbox 2657 2437 2834 2503; x_wconf 84' lang='lat' dir='ltr'><strong>Eurip.</strong></span> 
     </span>
     <span class='ocr_line' id='line_1_60' title="bbox 1794 2504 2840 2581; baseline 0.003 -23"><span class='ocrx_word' id='word_1_304' title='bbox 1794 2509 1990 2558; x_wconf 87' lang='lat' dir='ltr'><strong>Phoen.</strong></span> <span class='ocrx_word' id='word_1_305' title='bbox 2037 2509 2151 2559; x_wconf 67' lang='lat'><strong>243.</strong></span> <span class='ocrx_word' id='word_1_306' title='bbox 2208 2512 2418 2560; x_wconf 88' lang='lat' dir='ltr'><strong>Herm.:</strong></span> <span class='ocrx_word' id='word_1_307' title='bbox 2472 2504 2643 2581; x_wconf 65' lang='grc' dir='ltr'><strong>ἔἌρης</strong></span> <span class='ocrx_word' id='word_1_308' title='bbox 2692 2505 2840 2576; x_wconf 82' lang='grc' dir='ltr'><em>αἷμα</em></span> 
     </span>
     <span class='ocr_line' id='line_1_61' title="bbox 1792 2579 2839 2649; baseline 0.005 -18"><span class='ocrx_word' id='word_1_309' title='bbox 1792 2579 1960 2632; x_wconf 80' lang='grc' dir='ltr'><em>δάϊον</em></span> <span class='ocrx_word' id='word_1_310' title='bbox 1981 2582 2194 2649; x_wconf 75' lang='grc' dir='ltr'><strong>φλέγει.</strong></span> <span class='ocrx_word' id='word_1_311' title='bbox 2255 2586 2390 2635; x_wconf 89' lang='lat' dir='ltr'><strong>Cum</strong></span> <span class='ocrx_word' id='word_1_312' title='bbox 2412 2585 2644 2636; x_wconf 89' lang='lat' dir='ltr'><strong>nonnulli</strong></span> <span class='ocrx_word' id='word_1_313' title='bbox 2668 2587 2839 2636; x_wconf 80' lang='lat' dir='ltr'><strong>offen—</strong></span> 
     </span>
     <span class='ocr_line' id='line_1_62' title="bbox 1796 2657 2834 2721; baseline 0.005 -15"><span class='ocrx_word' id='word_1_314' title='bbox 1796 2657 1983 2707; x_wconf 87' lang='lat' dir='ltr'><strong>derent</strong></span> <span class='ocrx_word' id='word_1_315' title='bbox 2023 2659 2075 2707; x_wconf 86' lang='lat' dir='ltr'><strong>in</strong></span> <span class='ocrx_word' id='word_1_316' title='bbox 2119 2658 2458 2721; x_wconf 78' lang='lat' dir='ltr'><strong>homonymis</strong></span> <span class='ocrx_word' id='word_1_317' title='bbox 2501 2662 2683 2710; x_wconf 80' lang='lat' dir='ltr'><strong>ardens</strong></span> <span class='ocrx_word' id='word_1_318' title='bbox 2713 2662 2834 2721; x_wconf 74' lang='lat' dir='ltr'><strong>urit,</strong></span> 
     </span>
     <span class='ocr_line' id='line_1_63' title="bbox 1795 2733 2832 2798; baseline 0.005 -18"><span class='ocrx_word' id='word_1_319' title='bbox 1795 2734 2138 2782; x_wconf 79' lang='lat' dir='ltr'><strong>correxerunt</strong></span> <span class='ocrx_word' id='word_1_320' title='bbox 2194 2733 2298 2782; x_wconf 89' lang='lat' dir='ltr'><strong>iam</strong></span> <span class='ocrx_word' id='word_1_321' title='bbox 2355 2735 2552 2798; x_wconf 88' lang='lat' dir='ltr'><strong>antiqui</strong></span> <span class='ocrx_word' id='word_1_322' title='bbox 2619 2733 2832 2795; x_wconf 83' lang='lat' dir='ltr'><strong>librarii,</strong></span> 
     </span>
     <span class='ocr_line' id='line_1_64' title="bbox 1794 2806 2831 2872; baseline 0.004 -18"><span class='ocrx_word' id='word_1_323' title='bbox 1794 2819 1969 2867; x_wconf 87' lang='lat' dir='ltr'><strong>neque</strong></span> <span class='ocrx_word' id='word_1_324' title='bbox 2003 2819 2222 2869; x_wconf 88' lang='lat' dir='ltr'><strong>prorsus</strong></span> <span class='ocrx_word' id='word_1_325' title='bbox 2244 2806 2536 2869; x_wconf 80' lang='lat' dir='ltr'><strong>infeliciter,</strong></span> <span class='ocrx_word' id='word_1_326' title='bbox 2569 2810 2685 2857; x_wconf 78' lang='lat' dir='ltr'><strong>visit</strong></span> <span class='ocrx_word' id='word_1_327' title='bbox 2720 2809 2831 2872; x_wconf 90' lang='lat' dir='ltr'><strong>(Od.</strong></span> 
     </span>
     <span class='ocr_line' id='line_1_65' title="bbox 1794 2880 2835 2944; baseline 0.003 -15"><span class='ocrx_word' id='word_1_328' title='bbox 1794 2880 1841 2940; x_wconf 87' lang='lat'><strong>3,</strong></span> <span class='ocrx_word' id='word_1_329' title='bbox 1880 2882 1961 2941; x_wconf 72' lang='lat'><strong>28,</strong></span> <span class='ocrx_word' id='word_1_330' title='bbox 2002 2880 2088 2932; x_wconf 72' lang='lat'><strong>⁴4:</strong></span> <span class='ocrx_word' id='word_1_331' title='bbox 2133 2883 2288 2931; x_wconf 76' lang='lat' dir='ltr'><strong>Venus</strong></span> <span class='ocrx_word' id='word_1_332' title='bbox 2318 2884 2519 2944; x_wconf 77' lang='lat' dir='ltr'><strong>Paphon</strong></span> <span class='ocrx_word' id='word_1_333' title='bbox 2553 2884 2734 2933; x_wconf 73' lang='lat' dir='ltr'><strong>iunctis</strong></span> <span class='ocrx_word' id='word_1_334' title='bbox 2754 2884 2835 2932; x_wconf 71' lang='lat' dir='ltr'><strong>vi-</strong></span> 
     </span>
     <span class='ocr_line' id='line_1_66' title="bbox 1799 2955 2832 3019; baseline 0.005 -17"><span class='ocrx_word' id='word_1_335' title='bbox 1799 2956 1862 3003; x_wconf 74' lang='lat' dir='ltr'><strong>sit</strong></span> <span class='ocrx_word' id='word_1_336' title='bbox 1896 2955 2129 3004; x_wconf 78' lang='lat' dir='ltr'><strong>oloribus.</strong></span> <span class='ocrx_word' id='word_1_337' title='bbox 2199 2955 2435 3019; x_wconf 83' lang='lat' dir='ltr'><strong>Apollon.</strong></span> <span class='ocrx_word' id='word_1_338' title='bbox 2473 2957 2637 3006; x_wconf 86' lang='lat' dir='ltr'><strong>Rhod.</strong></span> <span class='ocrx_word' id='word_1_339' title='bbox 2665 2959 2714 3019; x_wconf 84' lang='lat'><strong>3,</strong></span> <span class='ocrx_word' id='word_1_340' title='bbox 2750 2958 2832 3009; x_wconf 70' lang='grc'><strong>44.</strong></span> 
     </span>
     <span class='ocr_line' id='line_1_67' title="bbox 1795 3024 2837 3096; baseline 0.005 -18"><span class='ocrx_word' id='word_1_341' title='bbox 1795 3030 1862 3079; x_wconf 90' lang='lat' dir='ltr'><strong>de</strong></span> <span class='ocrx_word' id='word_1_342' title='bbox 1898 3029 2156 3080; x_wconf 89' lang='lat' dir='ltr'><strong>Volcano:</strong></span> <span class='ocrx_word' id='word_1_343' title='bbox 2211 3024 2337 3080; x_wconf 79' lang='grc' dir='ltr'><strong><em>ἀλλ’</em></strong></span> <span class='ocrx_word' id='word_1_344' title='bbox 2373 3025 2408 3081; x_wconf 88' lang='grc' dir='ltr'>ὁ</span> <span class='ocrx_word' id='word_1_345' title='bbox 2439 3031 2547 3096; x_wconf 75' lang='grc' dir='ltr'><strong>μὲν</strong></span> <span class='ocrx_word' id='word_1_346' title='bbox 2580 3034 2661 3095; x_wconf 77' lang='grc' dir='ltr'><strong>εἰς</strong></span> <span class='ocrx_word' id='word_1_347' title='bbox 2693 3032 2837 3093; x_wconf 81' lang='grc' dir='ltr'><em>χαλ-</em></span> 
     </span>
     <span class='ocr_line' id='line_1_68' title="bbox 1792 3096 2833 3174; baseline 0.007 -21"><span class='ocrx_word' id='word_1_348' title='bbox 1792 3102 1979 3153; x_wconf 73' lang='grc' dir='ltr'><em>κεῶνα</em></span> <span class='ocrx_word' id='word_1_349' title='bbox 2011 3107 2111 3155; x_wconf 77' lang='grc' dir='ltr'><strong>καὶ</strong></span> <span class='ocrx_word' id='word_1_350' title='bbox 2143 3096 2406 3171; x_wconf 77' lang='grc' dir='ltr'><strong><em>ἄκμονας</em></strong></span> <span class='ocrx_word' id='word_1_351' title='bbox 2438 3097 2534 3174; x_wconf 77' lang='grc' dir='ltr'><strong>ἦρι</strong></span> <span class='ocrx_word' id='word_1_352' title='bbox 2555 3104 2833 3174; x_wconf 79' lang='grc' dir='ltr'><strong>βεβήκει),</strong></span> 
     </span>
     <span class='ocr_line' id='line_1_69' title="bbox 1793 3178 2836 3246; baseline 0.007 -18"><span class='ocrx_word' id='word_1_353' title='bbox 1793 3178 1951 3229; x_wconf 89' lang='lat' dir='ltr'><strong>Iulius</strong></span> <span class='ocrx_word' id='word_1_354' title='bbox 1986 3181 2182 3230; x_wconf 86' lang='lat' dir='ltr'><strong>Caesar</strong></span> <span class='ocrx_word' id='word_1_355' title='bbox 2232 3179 2462 3243; x_wconf 81' lang='lat' dir='ltr'><strong>Scaliger</strong></span> <span class='ocrx_word' id='word_1_356' title='bbox 2508 3189 2679 3246; x_wconf 59' lang='lat' dir='ltr'><strong>terget,</strong></span> <span class='ocrx_word' id='word_1_357' title='bbox 2728 3186 2836 3234; x_wconf 91' lang='lat' dir='ltr'><strong>Cu-</strong></span> 
     </span>
     <span class='ocr_line' id='line_1_70' title="bbox 1794 3254 2835 3320; baseline 0.007 -18"><span class='ocrx_word' id='word_1_358' title='bbox 1794 3254 1978 3316; x_wconf 86' lang='lat' dir='ltr'><strong>ningh.</strong></span> <span class='ocrx_word' id='word_1_359' title='bbox 2025 3260 2230 3316; x_wconf 79' lang='lat' dir='ltr'><strong>quassat</strong></span> <span class='ocrx_word' id='word_1_360' title='bbox 2270 3254 2352 3306; x_wconf 74' lang='lat' dir='ltr'><strong>vel</strong></span> <span class='ocrx_word' id='word_1_361' title='bbox 2392 3263 2570 3320; x_wconf 66' lang='lat' dir='ltr'><strong>vemat,</strong></span> <span class='ocrx_word' id='word_1_362' title='bbox 2615 3259 2835 3309; x_wconf 87' lang='lat' dir='ltr'><strong>Wadius</strong></span> 
     </span>
     <span class='ocr_line' id='line_1_71' title="bbox 1790 3329 2831 3397; baseline 0.007 -20"><span class='ocrx_word' id='word_1_363' title='bbox 1790 3333 1981 3389; x_wconf 81' lang='lat' dir='ltr'><strong>versat,</strong></span> <span class='ocrx_word' id='word_1_364' title='bbox 2020 3329 2130 3379; x_wconf 80' lang='lat' dir='ltr'><strong>sere</strong></span> <span class='ocrx_word' id='word_1_365' title='bbox 2163 3333 2222 3379; x_wconf 90' lang='lat' dir='ltr'><strong>ut</strong></span> <span class='ocrx_word' id='word_1_366' title='bbox 2252 3330 2450 3380; x_wconf 90' lang='lat' dir='ltr'><strong>Seneca</strong></span> <span class='ocrx_word' id='word_1_367' title='bbox 2477 3332 2680 3397; x_wconf 81' lang='lat' dir='ltr'><strong>Hippoi.</strong></span> <span class='ocrx_word' id='word_1_368' title='bbox 2709 3334 2831 3383; x_wconf 83' lang='grc' dir='ltr'><strong>49οε</strong></span> 
     </span>
     <span class='ocr_line' id='line_1_72' title="bbox 1793 3404 2836 3468; baseline 0.004 -14"><span class='ocrx_word' id='word_1_369' title='bbox 1793 3406 1858 3454; x_wconf 78' lang='lat' dir='ltr'><strong>Et</strong></span> <span class='ocrx_word' id='word_1_370' title='bbox 1891 3405 1975 3466; x_wconf 74' lang='lat' dir='ltr'><strong>qui</strong></span> <span class='ocrx_word' id='word_1_371' title='bbox 2005 3404 2226 3467; x_wconf 74' lang='lat' dir='ltr'><strong>furentes</strong></span> <span class='ocrx_word' id='word_1_372' title='bbox 2264 3418 2456 3468; x_wconf 80' lang='lat' dir='ltr'><strong>semper</strong></span> <span class='ocrx_word' id='word_1_373' title='bbox 2494 3407 2722 3457; x_wconf 72' lang='lat' dir='ltr'><strong>Aetnaeis</strong></span> <span class='ocrx_word' id='word_1_374' title='bbox 2753 3409 2836 3457; x_wconf 71' lang='lat' dir='ltr'><strong>iu—</strong></span> 
     </span>
     <span class='ocr_line' id='line_1_73' title="bbox 1792 3481 2834 3545; baseline 0.006 -18"><span class='ocrx_word' id='word_1_375' title='bbox 1792 3481 1870 3545; x_wconf 71' lang='lat' dir='ltr'><strong>qis</strong></span> <span class='ocrx_word' id='word_1_376' title='bbox 1915 3481 2087 3528; x_wconf 78' lang='lat' dir='ltr'><strong>Versat</strong></span> <span class='ocrx_word' id='word_1_377' title='bbox 2138 3481 2374 3530; x_wconf 77' lang='lat' dir='ltr'><strong>caminos.</strong></span> <span class='ocrx_word' id='word_1_378' title='bbox 2454 3482 2599 3541; x_wconf 89' lang='lat' dir='ltr'><strong>Quae</strong></span> <span class='ocrx_word' id='word_1_379' title='bbox 2656 3486 2834 3533; x_wconf 86' lang='lat' dir='ltr'><strong>tamen</strong></span> 
     </span>
     <span class='ocr_line' id='line_1_74' title="bbox 1794 3552 2830 3618; baseline 0.001 -14"><span class='ocrx_word' id='word_1_380' title='bbox 1794 3554 1970 3604; x_wconf 85' lang='lat' dir='ltr'><strong>omnia</strong></span> <span class='ocrx_word' id='word_1_381' title='bbox 2004 3552 2326 3617; x_wconf 83' lang='lat' dir='ltr'><strong>languidiora</strong></span> <span class='ocrx_word' id='word_1_382' title='bbox 2361 3559 2679 3618; x_wconf 87' lang='lat' dir='ltr'><strong>sunt-quam</strong></span> <span class='ocrx_word' id='word_1_383' title='bbox 2711 3558 2830 3607; x_wconf 72' lang='grc' dir='ltr'><strong>ανίι.</strong></span> 
     </span>
     <span class='ocr_line' id='line_1_75' title="bbox 1799 3628 2834 3691; baseline 0.005 -15"><span class='ocrx_word' id='word_1_384' title='bbox 1799 3656 1852 3664; x_wconf 90' lang='grc'>-</span> <span class='ocrx_word' id='word_1_385' title='bbox 1880 3629 2154 3691; x_wconf 86' lang='lat' dir='ltr'><strong>Egregiam</strong></span> <span class='ocrx_word' id='word_1_386' title='bbox 2187 3628 2401 3679; x_wconf 89' lang='lat' dir='ltr'><strong>Volcani</strong></span> <span class='ocrx_word' id='word_1_387' title='bbox 2432 3631 2484 3679; x_wconf 90' lang='lat' dir='ltr'><strong>in</strong></span> <span class='ocrx_word' id='word_1_388' title='bbox 2508 3630 2714 3681; x_wconf 79' lang='lat' dir='ltr'><strong>officina</strong></span> <span class='ocrx_word' id='word_1_389' title='bbox 2738 3645 2834 3681; x_wconf 88' lang='lat' dir='ltr'><strong>sua</strong></span> 
     </span>
     <span class='ocr_line' id='line_1_76' title="bbox 1793 3702 2836 3770; baseline 0.004 -17"><span class='ocrx_word' id='word_1_390' title='bbox 1793 3702 1999 3753; x_wconf 85' lang='lat' dir='ltr'><strong>Thetidi</strong></span> <span class='ocrx_word' id='word_1_391' title='bbox 2031 3702 2242 3753; x_wconf 83' lang='lat' dir='ltr'><strong>Achillis</strong></span> <span class='ocrx_word' id='word_1_392' title='bbox 2277 3708 2488 3755; x_wconf 88' lang='lat' dir='ltr'><strong>scutum</strong></span> <span class='ocrx_word' id='word_1_393' title='bbox 2521 3707 2836 3770; x_wconf 84' lang='lat' dir='ltr'><strong>porrigentis</strong></span> 
     </span>
     <span class='ocr_line' id='line_1_77' title="bbox 1794 3778 2837 3840; baseline 0.003 -13"><span class='ocrx_word' id='word_1_394' title='bbox 1794 3778 2078 3840; x_wconf 85' lang='lat' dir='ltr'><strong>imaginem</strong></span> <span class='ocrx_word' id='word_1_395' title='bbox 2128 3778 2364 3828; x_wconf 87' lang='lat' dir='ltr'><strong>invenies</strong></span> <span class='ocrx_word' id='word_1_396' title='bbox 2409 3779 2459 3828; x_wconf 93' lang='lat' dir='ltr'><strong>in</strong></span> <span class='ocrx_word' id='word_1_397' title='bbox 2498 3779 2668 3829; x_wconf 78' lang='lat' dir='ltr'><strong>Museo</strong></span> <span class='ocrx_word' id='word_1_398' title='bbox 2703 3781 2837 3830; x_wconf 85' lang='lat' dir='ltr'><strong>Bor-</strong></span> 
     </span>
     <span class='ocr_line' id='line_1_78' title="bbox 1794 3852 2832 3905; baseline 0.002 -2"><span class='ocrx_word' id='word_1_399' title='bbox 1794 3854 1964 3903; x_wconf 73' lang='lat' dir='ltr'><strong>bonico</strong></span> <span class='ocrx_word' id='word_1_400' title='bbox 2005 3853 2067 3901; x_wconf 89' lang='lat' dir='ltr'><strong>X.</strong></span> <span class='ocrx_word' id='word_1_401' title='bbox 2114 3853 2170 3902; x_wconf 91' lang='lat' dir='ltr'><strong>T.</strong></span> <span class='ocrx_word' id='word_1_402' title='bbox 2221 3853 2302 3902; x_wconf 86' lang='grc'><strong>48.</strong></span> <span class='ocrx_word' id='word_1_403' title='bbox 2373 3854 2449 3902; x_wconf 89' lang='lat' dir='ltr'><strong>De</strong></span> <span class='ocrx_word' id='word_1_404' title='bbox 2486 3852 2670 3903; x_wconf 83' lang='lat' dir='ltr'><strong>Clarae</strong></span> <span class='ocrx_word' id='word_1_405' title='bbox 2701 3855 2832 3905; x_wconf 74' lang='lat' dir='ltr'><strong>Mus.</strong></span> 
     </span>
     <span class='ocr_line' id='line_1_79' title="bbox 1795 3925 2838 3989; baseline 0.001 -11"><span class='ocrx_word' id='word_1_406' title='bbox 1795 3930 1855 3978; x_wconf 83' lang='lat' dir='ltr'><strong>de</strong></span> <span class='ocrx_word' id='word_1_407' title='bbox 1897 3928 2082 3989; x_wconf 76' lang='lat' dir='ltr'><strong>Seulpt.</strong></span> <span class='ocrx_word' id='word_1_408' title='bbox 2128 3927 2183 3976; x_wconf 88' lang='lat' dir='ltr'><strong>T.</strong></span> <span class='ocrx_word' id='word_1_409' title='bbox 2234 3925 2315 3977; x_wconf 73' lang='lat'><strong>84.</strong></span> <span class='ocrx_word' id='word_1_410' title='bbox 2386 3928 2501 3977; x_wconf 89' lang='lat' dir='ltr'><strong>l-lirt</strong></span> <span class='ocrx_word' id='word_1_411' title='bbox 2546 3928 2838 3979; x_wconf 74' lang='lat' dir='ltr'><strong>Bilderbuch</strong></span> 
     </span>
    </p>

    <p class='ocr_par' dir='ltr' id='par_1_13' title="bbox 1795 4074 2837 4357">
     <span class='ocr_line' id='line_1_80' title="bbox 1861 4074 2831 4138; baseline 0.001 -13"><span class='ocrx_word' id='word_1_412' title='bbox 1861 4076 1907 4125; x_wconf 81' lang='lat'><strong>9.</strong></span> <span class='ocrx_word' id='word_1_413' title='bbox 1943 4074 2171 4138; x_wconf 76' lang='lat' dir='ltr'><strong>nitidum]</strong></span> <span class='ocrx_word' id='word_1_414' title='bbox 2207 4075 2486 4137; x_wconf 84' lang='lat' dir='ltr'><strong>unguentis</strong></span> <span class='ocrx_word' id='word_1_415' title='bbox 2522 4074 2831 4126; x_wconf 87' lang='lat' dir='ltr'><strong>delibutum.</strong></span> 
     </span>
     <span class='ocr_line' id='line_1_81' title="bbox 1801 4147 2830 4212; baseline -0.001 -15"><span class='ocrx_word' id='word_1_416' title='bbox 1801 4176 1855 4184; x_wconf 92' lang='lat'><em>—</em></span> <span class='ocrx_word' id='word_1_417' title='bbox 1891 4149 2143 4212; x_wconf 64' lang='lat' dir='ltr'><strong>mipodire]</strong></span> <span class='ocrx_word' id='word_1_418' title='bbox 2197 4150 2324 4198; x_wconf 88' lang='lat' dir='ltr'><strong>Stat.</strong></span> <span class='ocrx_word' id='word_1_419' title='bbox 2380 4147 2500 4198; x_wconf 88' lang='lat' dir='ltr'><strong>Silv.</strong></span> <span class='ocrx_word' id='word_1_420' title='bbox 2546 4148 2595 4210; x_wconf 73' lang='lat'><strong>4,</strong></span> <span class='ocrx_word' id='word_1_421' title='bbox 2639 4148 2687 4207; x_wconf 90' lang='grc'>3,</span> <span class='ocrx_word' id='word_1_422' title='bbox 2742 4148 2830 4197; x_wconf 81' lang='lat'><strong>68:</strong></span> 
     </span>
     <span class='ocr_line' id='line_1_82' title="bbox 1796 4222 2837 4286; baseline -0.003 -13"><span class='ocrx_word' id='word_1_423' title='bbox 1796 4223 1994 4273; x_wconf 58' lang='lat' dir='ltr'><strong>ennom</strong></span> <span class='ocrx_word' id='word_1_424' title='bbox 2022 4222 2250 4273; x_wconf 64' lang='lat' dir='ltr'><strong>monibus</strong></span> <span class='ocrx_word' id='word_1_425' title='bbox 2279 4223 2542 4286; x_wconf 58' lang='lat' dir='ltr'><strong>inmodicus</strong></span> <span class='ocrx_word' id='word_1_426' title='bbox 2569 4223 2698 4272; x_wconf 72' lang='lat' dir='ltr'><strong>ulvis</strong></span> <span class='ocrx_word' id='word_1_427' title='bbox 2723 4222 2837 4271; x_wconf 79' lang='lat' dir='ltr'><strong>Vol—</strong></span> 
     </span>
     <span class='ocr_line' id='line_1_83' title="bbox 1795 4296 2837 4357; baseline -0.001 -11"><span class='ocrx_word' id='word_1_428' title='bbox 1795 4301 1986 4346; x_wconf 74' lang='lat' dir='ltr'><strong>tumus.</strong></span> <span class='ocrx_word' id='word_1_429' title='bbox 2058 4296 2152 4346; x_wconf 92' lang='lat' dir='ltr'><strong>Od.</strong></span> <span class='ocrx_word' id='word_1_430' title='bbox 2192 4297 2241 4357; x_wconf 89' lang='grc'><strong>4,</strong></span> <span class='ocrx_word' id='word_1_431' title='bbox 2277 4298 2327 4357; x_wconf 82' lang='lat'><strong>7,</strong></span> <span class='ocrx_word' id='word_1_432' title='bbox 2364 4297 2455 4347; x_wconf 72' lang='lat'><strong>23:</strong></span> <span class='ocrx_word' id='word_1_433' title='bbox 2492 4297 2707 4357; x_wconf 77' lang='lat' dir='ltr'><strong>vincire,</strong></span> <span class='ocrx_word' id='word_1_434' title='bbox 2745 4309 2837 4345; x_wconf 86' lang='lat' dir='ltr'><strong>re—</strong></span> 
     </span>
    </p>
   </div>
  </div>
 </body>
</html>
