3234 4975
1221 411 1340 463 un.
1382 414 1416 461 ι.
1490 414 1547 462 c.
1586 413 1648 462 11.
2487 410 2557 475 ξι

740 569 879 632 Neu
929 567 1105 633 sinas
1150 566 1372 634 Medos
1417 569 1710 655 equitare
1756 567 2015 642 inultos,

995 690 1080 753 Te
1124 686 1328 765 duce,
1379 689 1637 756 Caesar.

459 886 546 933 5⁴.
616 883 804 946 Nodos]
857 884 1064 935 Parthis
1115 898 1181 934 eo
1228 884 1451 935 demum
1526 888 1830 950 Propertius
1853 889 1901 944 2,
1931 889 2010 947 ⁴0,
2039 887 2125 940 ⁴3:
2161 889 2273 937 Iam
2293 893 2445 950 neque
2464 889 2572 938 Bu—

392 961 664 1021 tempore,
701 971 810 1021 quo
842 956 1083 1021 plerique
1107 959 1209 1009 hoc
1231 972 1452 1009 carmen
1517 962 1725 1023 phrates
1757 962 1969 1023 equitem
1992 967 2108 1025 post
2128 968 2272 1025 ter-qa
2292 962 2423 1011 tueri
2441 963 2572 1010 Par-

394 1032 757 1095 compositum
814 1030 1137 1081 arbitrantur
1194 1033 1258 1094 (a.
1315 1033 1449 1095 732.)
1524 1036 1740 1085 thorum.
1811 1037 1993 1086 Omnis
2027 1035 2137 1086 scil.
2175 1034 2384 1085 illorum
2417 1036 2497 1084 vis
2521 1035 2569 1083 in

394 1103 603 1155 bellum
639 1105 832 1155 inferre
868 1105 1133 1167 cogitabat
1165 1109 1449 1170 Augustus.
1527 1112 1765 1173 equitatu
1797 1112 1928 1171 erat,
1966 1123 2073 1174 quo
2114 1123 2278 1173 saepe
2313 1109 2574 1159 incursio-

395 1178 505 1228 Sed
546 1178 653 1230 hoc
693 1192 909 1242 quoque
954 1194 985 1229 a
1025 1183 1181 1244 poeta
1216 1182 1454 1245 praecipi
1527 1196 1624 1235 nes
1659 1186 1710 1234 in
1746 1186 1954 1246 Syriam
1989 1183 2267 1235 faciebant.

393 1256 636 1316 poterat,
674 1254 748 1303 uti
783 1253 1024 1305 devictos
1058 1255 1164 1305 iam
1188 1268 1283 1306 eos
1307 1256 1454 1319 fingit

1347 1475 1629 1485 ———-——

1054 1666 1787 1727 Excunsus
1866 1670 1916 1724 Ι.

1357 1800 1628 1849 Anon.

500 1927 639 1977 Cum
671 1926 914 1992 plerique
949 1928 1054 1978 hoc
1088 1940 1307 1979 carmen
1341 1928 1543 1979 referre
1579 1927 1718 1978 soliti
1751 1929 1935 1979 essent
1965 1926 2049 1978 vel
2085 1928 2154 1977 ad
2188 1941 2236 1977 a.
2275 1942 2329 1978 u.
2369 1941 2415 1977 c.
2456 1927 2567 1977 727.

397 2010 487 2061 vel
522 2008 593 2059 ad
626 2024 674 2059 a.
713 2010 826 2060 732.
865 2012 1094 2061 maxime
1129 2013 1350 2075 propter
1382 2010 1585 2061 Tiberis
1628 2011 1999 2061 inundationes
2040 2011 2123 2060 his
2156 2012 2307 2061 annis
2341 2025 2371 2060 a
2407 2011 2574 2061 Dione

400 2095 589 2144 Cassio
630 2094 712 2154 53,
753 2094 815 2144 46
850 2097 903 2143 et
935 2095 1016 2144 20.
1054 2094 1137 2154 54,
1176 2093 1222 2143 Ι.
1261 2097 1612 2155 memoratae,
1661 2096 1862 2145 Franke
1897 2097 1948 2144 in
1984 2096 2150 2146 Fastis
2186 2095 2482 2146 Horatianis
2515 2109 2569 2159 p.

404 2178 503 2227 ⁴36
523 2204 579 2212 -
604 2176 714 2228 ⁴47.
750 2178 931 2228 tenuia
966 2178 1205 2227 rectioris
1239 2178 1533 2228 sententiae
1555 2178 1775 2240 vestigia
1801 2177 1944 2242 apud
1966 2179 2023 2228 T.
2052 2178 2282 2229 Fabrum
2307 2182 2360 2229 et
2382 2179 2575 2229 Dacie-

403 2260 544 2309 rium
579 2260 877 2311 accuratius
910 2263 1252 2324 persecutus,
1291 2261 1633 2325 sagacissime
1669 2261 2054 2312 demonstravit
2087 2263 2444 2327 compositum
2477 2275 2576 2326 po·

402 2343 509 2391 tius
542 2354 663 2393 esse
699 2344 914 2394 ineunte
950 2358 998 2393 a.
1037 2345 1151 2394 725.
1197 2346 1319 2394 ante
1364 2347 1472 2395 tres
1508 2346 1751 2394 Caesaris
1792 2345 2060 2395 Octaviani
2096 2345 2393 2408 triumphos
2427 2360 2477 2395 a.
2516 2344 2568 2393 d.

404 2426 536 2475 vm.
580 2427 688 2475 vu.
734 2427 818 2476 Vl.
888 2427 1013 2477 Idus
1057 2426 1279 2477 Sextiles
1323 2430 1497 2490 actos,
1545 2441 1805 2492 eumque,
1853 2430 1951 2479 etsi
1987 2427 2404 2478 dubitationibus
2439 2441 2576 2477 non-

407 2509 561 2560 nullis
595 2511 902 2574 propositiS,
942 2512 1174 2561 imitatus
1208 2513 1290 2561 est
1312 2511 1541 2562 Liibker.
1603 2512 1798 2562 Contra
1821 2511 2025 2561 Weber
2046 2513 2219 2561 Hora:
2240 2526 2293 2576 p.
2334 2512 2446 2562 ⁴83.
2485 2525 2576 2561 re-

406 2593 509 2643 fert
529 2593 598 2642 ad
618 2594 859 2656 proxima
882 2597 1004 2642 ante
1027 2606 1261 2657 pugnam
1285 2596 1555 2645 Actiacam
1580 2597 1839 2658 tempora,
1866 2595 1934 2644 ad
1957 2609 2055 2645 ver
2076 2610 2124 2645 a.
2145 2608 2199 2644 u.
2221 2594 2334 2644 723.
2373 2595 2573 2644 Verum

406 2678 585 2726 omnia
631 2690 697 2725 eo
742 2677 966 2736 ducunt,
1018 2679 1080 2726 ut
1128 2677 1215 2727 hic
1250 2678 1540 2727 Caesarem
1590 2678 1698 2727 iam
1737 2679 1995 2726 victorem
2041 2690 2332 2739 agnoscere
2372 2676 2578 2726 debea-

406 2771 547 2809 mus.
608 2761 720 2809 Iam
762 2772 828 2808 ex
871 2760 1075 2810 Frankii
1125 2760 1479 2823 disputatione
1530 2761 1702 2824 capita
1753 2760 2020 2822 quaedam
2071 2773 2362 2823 excerpere
2413 2759 2573 2809 iuvat.

409 2842 720 2901 «Nemini»,
757 2843 952 2905 inquit,
992 2844 1415 2893 usententiarum
1448 2846 1649 2893 seriem
1693 2845 1746 2892 et
1780 2855 1976 2892 nexum
2010 2844 2259 2893 accurate
2292 2843 2576 2907 pensitanti

404 2923 632 2974 dubium
665 2926 789 2983 erit,
836 2925 963 2987 quin
1006 2925 1109 2974 hoc
1142 2938 1362 2975 carmen
1398 2926 1450 2975 in
1485 2927 1746 2976 honorem
1783 2926 2026 2976 Caesaris
2069 2926 2336 2975 Octaviani
2379 2926 2576 2976 sactum

404 3008 498 3065 sit,
545 3009 636 3070 qui
676 3007 829 3058 bellis
872 3008 1112 3059 civilibus
1154 3009 1315 3059 modo
1360 3009 1430 3059 ad
1473 3010 1637 3059 finem
1677 3008 1950 3074 perductis
1992 3008 2263 3059 labentem
2307 3010 2575 3060 civitatem

404 3092 638 3141 erexerit
670 3094 830 3155 atque
864 3093 1151 3142 instantem
1186 3094 1393 3142 ruinam
1436 3096 1491 3143 et
1528 3094 1824 3157 perniciem
1857 3094 2134 3156 tamquam
2169 3093 2303 3142 deus
2338 3092 2575 3144 tutelaris

407 3176 586 3237 (atque
620 3174 766 3225 orbis
800 3178 1064 3225 terrarum
1096 3176 1419 3239 pacificator)
1456 3177 1760 3226 averterit.»
1831 3177 2111 3239 (Imprimis
2145 3178 2328 3226 autem
2361 3176 2577 3226 Horatio

403 3258 828 3321 comparandum
862 3272 983 3309 esse
1016 3272 1280 3322 perquam
1314 3258 1543 3309 similem
1577 3258 1772 3321 Virgilii
1806 3258 1984 3309 locum
2019 3262 2109 3310 Ge.
2147 3261 2188 3320 1,
2233 3258 2349 3309 466.
2394 3265 2576 3310 monet

402 3354 460 3404 p.
499 3340 630 3403 ⁴42.)
672 3369 726 3377 -
764 3344 1081 3406 Magnopere
1124 3344 1306 3392 autem
1341 3344 1539 3392 erravit
1570 3344 1771 3402 Acron,
1818 3343 1889 3403 si,
1935 3344 1996 3391 ut
2029 3343 2143 3392 eius
2177 3342 2340 3392 verba
2377 3342 2579 3405 signifi—

404 3437 532 3473 care
565 3425 837 3485 videntur,
876 3425 980 3474 hoc
1014 3437 1235 3475 carmen
1269 3425 1466 3476 rettulit
1501 3426 1570 3475 ad
1602 3426 1846 3489 proxima
1879 3427 2003 3489 post
2037 3426 2282 3476 Caesaris
2305 3425 2576 3474 interitum

406 3510 677 3570 tempora:
728 3508 780 3557 C.
836 3508 1067 3559 Caesaris
1111 3513 1324 3557 mortem
1371 3509 1645 3572 significat,
1695 3522 1791 3570 quo
1836 3510 1889 3557 in
1928 3513 2105 3559 senatu
2136 3510 2294 3558 occiso
2323 3508 2577 3568 plurimae

403 3593 736 3651 commestam,
772 3592 910 3640 awos
942 3596 991 3640 et
1018 3592 1291 3653 arundines
1326 3591 1554 3653 fiaenmt,
1592 3604 1691 3652 quo
1724 3596 1944 3653 temporo
1976 3597 2023 3641 et
2043 3591 2367 3640 inundatione
2394 3589 2580 3639 Tiberis

402 3677 594 3725 dicim
623 3675 781 3723 Roma
812 3674 1090 3736 laborasse,
1128 3674 1261 3735 quod
1285 3679 1496 3736 proptor
1528 3674 1795 3724 Caesarem
1834 3676 1889 3723 in
1929 3674 2166 3723 honorem
2205 3673 2415 3736 Augusti
2450 3673 2578 3723 Cae-

402 3760 565 3819 saris,
599 3757 775 3806 ultoris
807 3758 937 3818 eius,
971 3758 1077 3807 volt
1104 3758 1297 3821 factum
1325 3758 1502 3807 videri
1572 3758 1710 3808 Nam
1742 3759 1802 3806 de
1833 3759 1939 3820 ipso
1972 3762 2019 3807 et
2047 3757 2181 3819 Vir-9.
2223 3754 2345 3817 (Ecl.
2373 3757 2422 3815 5,
2449 3756 2571 3817 26ss

406 3841 736 3891 Exstinctum
776 3840 1057 3904 Nymphae
1101 3839 1303 3890 crudeli
1344 3840 1530 3890 funere
1572 3841 1817 3904 Daphnin
1862 3839 2098 3899 Flebant,
2144 3844 2190 3888 et
2223 3838 2343 3889 alibi
2378 3841 2485 3901 (Ge.
2528 3840 2574 3897 4,

406 3922 552 3984 tem:
590 3921 680 3972 Illo
715 3925 872 3973 etiam
910 3924 1171 3973 exstincto
1204 3924 1489 3974 miseratus
1524 3924 1754 3974 Caesare
1778 3925 2019 3973 Romam.
2080 3923 2214 3972 Haec
2235 3923 2367 3973 enim
2389 3923 2577 3981 omma,

406 4006 465 4054 id
495 4011 591 4065 est,
626 4005 866 4067 fulmina,
902 4006 1199 4068 prandium,
1245 4006 1421 4055 diluvii
1452 4010 1640 4056 meacm
1672 4007 1882 4069 ίηιεαίρί
1910 4006 2015 4055 volt
2043 4007 2318 4055 vindictam
2351 4006 2581 4056 Caesaris

402 4088 574 4150 fluisse.
645 4089 707 4138 Et
748 4090 957 4138 Comm.
1007 4090 1197 4151 Cruq.:
1252 4089 1395 4138 Hanc
1427 4090 1552 4139 oden
1584 4090 1756 4138 scribit
1788 4089 1841 4138 in
1872 4089 2109 4139 honorem
2141 4094 2188 4139 et
2217 4089 2442 4153 qratiam
2473 4088 2579 4137 Au-

405 4171 542 4235 gusti
582 4172 771 4221 ultoris.
828 4199 881 4208 -
933 4174 1115 4221 «Iuvat
1154 4185 1283 4221 vero
1327 4172 1587 4223 rationem
1634 4173 1920 4237 expiscari,
1967 4186 2074 4236 qua
2109 4172 2300 4222 ductus
2336 4171 2580 4221 Horatius

409 4255 753 4305 octavianum
799 4254 916 4317 (sub
960 4256 1205 4306 Mercurii
1249 4254 1431 4318 figura)
1475 4256 1602 4320 ipsis
1639 4255 1818 4307 verbis
1862 4256 2055 4306 dixerit
2088 4255 2319 4306 Caesaris
2349 4253 2580 4303 ultorem.
