3234 4975
674 390 719 451 uz>

718 390 752 451 [ἣν

760 390 793 452 Νι

1442 394 1694 443 ΙΙΟΒΑΊἸΙ
1732 394 2064 444 CARMINUM

1430 846 2075 911 cmu-

1016 1017 1237 1084 Nullus
1282 1028 1545 1104 argento
1590 1016 1771 1084 color
1814 1028 1911 1083 est
1956 1018 2166 1082 avaris

1010 1139 1253 1204 Abdito·
1279 1139 1500 1211 terris,
1552 1139 1805 1204 inimice
1851 1138 2101 1204 lamnae

801 1294 861 1341 ll.
911 1294 1072 1341 inser.
1110 1289 1246 1353 volg.
1294 1291 1370 1340 Aa
1403 1291 1456 1341 C.
1495 1291 1777 1339 Salustium
1822 1291 2054 1352 Crispum
2090 1294 2143 1342 et
2184 1293 2260 1341 sic
2295 1304 2401 1341 om.
2441 1305 2624 1356 praen.
2665 1293 2761 1342 BS.

742 1393 795 1402 —
819 1366 895 1415 Ad
914 1366 1143 1426 Crispum
1164 1364 1455 1413 Sallustium
1476 1364 1531 1413 Τ.
1565 1390 1620 1398 -
1644 1364 1720 1413 Λᾶ
1741 1363 2018 1414 Salustium
2041 1366 2270 1428 Crispwn
2291 1367 2497 1427 quodvis
2519 1366 2761 1430 (quenwis

737 1439 810 1502 c.)
832 1439 1148 1489 liberalitatis
1177 1439 1367 1489 attollit
1393 1438 1571 1502 pratia
1606 1436 1693 1488 bc.
1738 1464 1790 1473 -
1830 1439 1877 1488 4.
1905 1445 2000 1501 est,
2037 1441 2211 1490 avaris
2242 1441 2449 1491 Abditae
2482 1444 2629 1491 terris
2660 1443 2764 1491 ini-

732 1515 857 1564 mice
890 1512 1174 1564 Lambinus
1209 1513 1378 1571 coni.;
1416 1514 1633 1563 secutus
1667 1514 1749 1562 est
1781 1514 2102 1564 Torrentius.
2148 1543 2200 1550 —
2237 1516 2285 1565 2.
2322 1515 2537 1565 lammae
2569 1518 2624 1566 Τ.

736 1645 796 1693 11.
844 1645 964 1694 Tac.
1006 1646 1139 1693 Anu.
1176 1643 1233 1703 3,
1287 1643 1377 1692 30:
1434 1643 1555 1692 Fine
1589 1643 1712 1691 anni

672 1720 740 1781 (u.
779 1732 827 1769 c.
867 1719 1001 1779 773.)
1040 1717 1272 1767 concessit
1310 1718 1419 1766 vita
1463 1716 1714 1765 Salustius

669 1794 886 1855 Crispus.
966 1794 1108 1842 Hunc
1152 1793 1366 1854 equestri
1406 1797 1572 1841 ortum
1605 1793 1711 1841 loco

669 1868 721 1917 C.
759 1869 1031 1928 Salustius,
1066 1880 1239 1916 rerum
1260 1868 1603 1917 Romanarum
1621 1870 1714 1932 flo-

666 1944 971 1991 rentissimus
992 1946 1187 2002 auctor,
1213 1942 1401 1990 sororis
1416 1948 1640 2003 nepotem
1657 1944 1711 1991 in

666 2030 843 2065 nornen
865 2016 1088 2065 adscivit.
1122 2016 1281 2078 Aeque
1302 2016 1384 2065 ille
1406 2028 1713 2078 quamquam

662 2096 893 2152 prompto
912 2092 979 2139 ad
995 2091 1313 2153 capessendos
1327 2090 1537 2140 honores
1547 2091 1708 2152 aditu,

666 2166 1003 2214 Maecenatem
1035 2165 1314 2214 mutatus
1346 2165 1450 2214 sine
1471 2166 1712 2229 dignitate

665 2239 919 2287 senatoria
949 2240 1129 2288 multos
1170 2239 1547 2301 triumphalium
1589 2253 1711 2289 con-

664 2314 1005 2375 sulariumque
1018 2315 1244 2375 potentia
1264 2315 1454 2375 anteiit,
1488 2315 1712 2364 diversus

666 2402 702 2436 a
746 2393 968 2438 veterum
990 2426 995 2434 .
1015 2389 1238 2438 instituto
1287 2402 1383 2451 per
1428 2389 1616 2438 cultum
1665 2393 1713 2438 et

663 2464 953 2525 nmnditias,
976 2464 1219 2527 copiaque
1239 2468 1286 2513 et
1301 2463 1562 2528 afflueritia
1583 2463 1713 2513 luxu

660 2540 872 2601 propior
885 2553 903 2588 .·
943 2539 1145 2588 suberat
1176 2544 1341 2588 tamen
1372 2538 1519 2602 viqor
1550 2540 1711 2588 animi

664 2613 939 2677 ingentibus
979 2614 1188 2677 nepotiis
1224 2626 1329 2674 par
1342 2651 1353 2673 ,
1407 2626 1463 2662 eo
1505 2614 1707 2675 acrior,

665 2702 762 2750 quo
791 2701 1019 2738 somnum
1039 2693 1086 2737 et
1114 2688 1349 2737 inertiam
1368 2689 1533 2752 maqis
1554 2694 1712 2738 osten-

663 2764 819 2813 tabat.
855 2764 1018 2826 Iqitur
1037 2763 1272 2812 incolumi
1291 2764 1579 2812 Maecenate
1588 2777 1712 2825 pro-

661 2838 849 2899 mimus,
882 2851 1006 2887 mox
1032 2837 1363 2899 praecipuus,
1408 2837 1490 2885 cui
1522 2842 1712 2886 secreta

662 2914 1024 2975 &reparatorum
1046 2912 1377 2960 inniterentur
1397 2936 1426 2946 —
1448 2937 1477 2947 -
1494 2948 1511 2971 ,
1548 2916 1713 2961 aetate

660 2992 897 3048 provecta
935 2986 1142 3048 speciem
1181 2985 1346 3048 mayis
1385 2985 1439 3033 in
1484 2986 1712 3034 amicitia

659 3061 903 3123 principis
924 3073 1077 3121 quam
1104 3059 1208 3107 vim
1237 3059 1409 3107 tenuit.
1468 3057 1708 3108 Notabile

665 3138 770 3194 est,
807 3134 950 3183 hunc
985 3146 1197 3197 quoque
1221 3133 1495 3183 hominem
1520 3133 1713 3184 ditissi-

664 3222 813 3259 mum
856 3210 1015 3270 atque
1049 3208 1267 3270 Augusti
1311 3208 1475 3269 gratia
1509 3207 1709 3256 floren-

664 3287 772 3333 tem
826 3280 948 3344 (suit
996 3281 1138 3331 enim
1196 3284 1329 3330 teste
1386 3282 1590 3332 Seneca
1640 3281 1709 3332 de

663 3355 832 3407 Clem.
888 3356 946 3416 4,
1001 3355 1092 3405 4οε
1151 3355 1205 3403 in
1253 3356 1463 3419 Augusti
1509 3356 1711 3407 cohorte

658 3433 827 3494 prima
862 3431 1116 3480 interioris
1159 3430 1511 3494 admissionis.)
1549 3445 1613 3480 ex
1647 3432 1708 3481 iis

662 3506 841 3566 inisse,
863 3504 1059 3567 quibus
1077 3518 1245 3555 unum
1262 3507 1471 3555 tantum
1490 3519 1706 3557 carmen

663 3581 813 3644 quasi
854 3575 1289 3644 ἀφοσιούμενος
1334 3580 1578 3630 Horatius
1626 3581 1708 3630 in-

662 3655 890 3719 scripsit.
962 3655 1215 3705 Ceterum
1262 3654 1404 3704 idem
1440 3657 1523 3704 est
1556 3653 1709 3705 Salu-

662 3730 810 3789 stius,
849 3742 1013 3792 quem
1040 3726 1497 3779 adolescentulum
1521 3728 1626 3778 Sat.
1657 3729 1704 3787 4,

666 3805 709 3862 2,
738 3803 817 3853 48.
856 3806 1075 3867 propter
1097 3804 1307 3853 insanos
1339 3801 1708 3852 libertinarum

661 3890 873 3927 amores
908 3880 1130 3928 notarat.
1205 3878 1313 3926 Hoc
1337 3876 1571 3925 carmine
1596 3889 1709 3925 ma-

661 3952 851 4003 nifesto
885 3951 1065 4001 laudat
1086 3950 1291 4002 Salustii
1316 3951 1629 4014 sapientiam
1655 3952 1704 3999 in

662 4027 959 4077 divitiarum
1014 4039 1140 4076 usu:
1212 4026 1520 4087 neutiquam
1576 4037 1706 4074 vero

661 4114 814 4162 eum,
867 4103 925 4150 ut
976 4101 1075 4149 rati
1125 4103 1249 4149 sunt
1299 4098 1560 4160 nonnulli,
1621 4098 1708 4149 vel

661 4176 728 4225 ab
772 4177 986 4226 avaritia
1030 4173 1114 4223 vel
1158 4188 1187 4223 a
1224 4175 1479 4237 pecuniae
1524 4173 1706 4236 profu-

661 4253 809 4300 sione
844 4250 1177 4311 dehortatur,
1214 4262 1352 4311 quae
1377 4249 1553 4310 inepta
1581 4248 1706 4298 iuis—

1787 1646 1868 1692 set
1914 1645 2209 1706 arrogantia
2255 1646 2308 1695 in
2349 1647 2522 1696 virum
2564 1645 2682 1696 loeo
2722 1648 2832 1695 tam

1787 1717 1998 1768 excelso
2049 1718 2380 1769 collocatum.
2465 1721 2831 1784 Compositum

1786 1795 1967 1842 autem
2018 1796 2100 1843 est
2150 1807 2367 1844 carmen
2412 1798 2536 1858 post
2579 1808 2627 1843 a.
2678 1808 2727 1844 u.
2779 1808 2825 1843 c.

1787 1867 1923 1927 728„
1962 1870 2020 1916 ut
2051 1868 2285 1929 videtur,
2322 1882 2351 1917 a
2388 1866 2501 1918 730.

1852 1942 1899 1990 4.
1936 1943 2088 2007 color]
2134 1941 2261 1992 Plin.
2300 1943 2393 2003 33,
2439 1943 2498 2002 3,
2548 1943 2637 1992 ⁴9:
2693 1942 2833 1992 color

1784 2016 1837 2065 in
1865 2022 2074 2079 argento
2097 2017 2286 2066 clanior
2307 2022 2379 2066 est
2402 2018 2582 2080 (quam
2604 2018 2657 2065 in
2680 2017 2830 2079 auro)
2859 2066 2864 2073 ,

1784 2091 2042 2153 magisque
2075 2092 2170 2139 diei
2203 2092 2378 2139 similis
2412 2093 2515 2140 cet.
2588 2089 2728 2140 Multi
2753 2092 2832 2141 sic

1785 2163 2071 2228 explicant:
2111 2163 2290 2215 «Nulla
2324 2166 2507 2228 gratia,
2550 2164 2676 2216 nihil
2709 2164 2831 2230 pul-

1785 2238 1897 2289 chri
1933 2238 2070 2289 inest
2112 2240 2164 2288 in
2206 2245 2414 2303 argento
2455 2240 2622 2289 abdito
2661 2240 2829 2299 terris,

1784 2313 1836 2363 in
1871 2314 2070 2364 terram
2106 2312 2345 2374 defoss0,
2393 2317 2452 2364 ut
2496 2316 2672 2364 avaris
2705 2314 2829 2363 the-

1783 2399 1970 2437 sauros
2022 2400 2148 2438 suos
2197 2388 2477 2438 inhumare
2529 2402 2646 2438 mos
2688 2390 2820 2445 est»;

1784 2460 1882 2512 sed
1937 2463 2144 2526 poetica
2202 2463 2333 2513 ratio
2390 2463 2563 2527 potius
2613 2461 2823 2526 intelligi

1783 2538 1932 2588 iubet
1979 2538 2047 2587 de
2097 2539 2248 2589 venis
2299 2539 2503 2602 argenti
2548 2540 2600 2589 in
2652 2542 2826 2588 terrae

1784 2613 1985 2675 gremio
2019 2611 2321 2672 latentibus,
2361 2616 2418 2662 ut
2440 2612 2535 2662 Od.
2563 2612 2613 2674 3,
2649 2612 2699 2674 3,
2736 2612 2823 2664 49:

1781 2687 1975 2736 Aurum
2014 2688 2321 2750 inrepertum
2362 2692 2408 2737 et
2451 2688 2523 2737 sic
2554 2688 2729 2737 melius
2758 2689 2829 2736 si·-

1784 2766 1914 2822 tum,
1960 2762 2083 2811 Cum
2124 2766 2265 2811 terra
2304 2762 2447 2812 celat,
2518 2762 2829 2824 Anonymus

1784 2835 1927 2899 apud
1976 2834 2315 2886 Plutarchum
2366 2836 2491 2907 περὶ
2533 2833 2826 2897 δυσωπίας

1786 2907 1896 2959 Vol.
1934 2908 1982 2959 3.
2020 2922 2138 2974 pag.
2179 2909 2298 2960 ⁴48:
2337 2903 2458 2960 Οὔκ
2492 2904 2605 2960 ’ἐστ’
2638 2909 2701 2960 ἐν
2731 2904 2830 2960 ἄν·

1782 2998 1940 3054 τροις
1982 2980 2215 3047 λευκός,
2268 2976 2318 3032 ὦ
2363 2982 2473 3048 ξέν’
2492 3022 2507 3046 ,
2559 2977 2823 3056 ἄργυρος.

1783 3061 1968 3123 Neque
2013 3073 2143 3109 vero
2189 3073 2237 3108 v.
2276 3062 2450 3111 avaris
2490 3075 2520 3111 a
2554 3062 2702 3111 ten-is
2744 3060 2829 3110 di-

1783 3133 1903 3184 velli
1935 3136 2130 3198 potest,
2173 3137 2232 3184 ut
2265 3135 2350 3194 sit,
2389 3135 2487 3185 aab
2523 3135 2694 3186 avaris
2728 3136 2829 3185 ho-

1783 3207 2015 3258 minibus
2040 3207 2221 3258 abdito
2257 3209 2310 3259 in
2346 3211 2560 3269 terris,»
2595 3210 2649 3260 id
2683 3210 2824 3273 quod

1783 3283 1955 3333 totum
2003 3283 2145 3332 hunc
2195 3282 2371 3333 locum
2422 3284 2628 3348 poetica
2679 3286 2732 3333 vi
2775 3288 2829 3335 et

1783 3357 2077 3423 φαντασίᾳ
2100 3358 2349 3421 privaret.
2419 3358 2656 3409 Eandem
2685 3359 2826 3410 enim

1783 3435 1956 3481 terrae
1992 3433 2105 3481 auri
2139 3433 2448 3494 argentique
2485 3445 2649 3483 venas
2683 3434 2734 3482 in
2766 3445 2825 3483 se

1782 3504 2064 3556 occultanti
2089 3508 2247 3570 atque
2267 3507 2511 3557 retinenti
2538 3507 2719 3557 tribuit
2737 3520 2828 3557 cu·

1779 3579 2073 3644 piditatem.
2095 3594 2233 3644 quae
2248 3581 2408 3642 agitat
2420 3582 2565 3644 ipsos
2584 3582 2825 3632 homines

1781 3667 1987 3704 avaros,
2032 3682 2085 3689 —
2123 3656 2273 3705 Aeris
2300 3657 2480 3705 autem
2504 3655 2711 3706 metalla
2735 3657 2826 3706 ha-

1780 3728 1945 3779 bebat
1957 3728 2209 3779 Salustius
2230 3730 2282 3778 in
2298 3729 2624 3780 Ceutronum
2639 3729 2824 3795 Alpino

1782 3805 1969 3854 tractu.
2042 3802 2169 3853 Plin.
2211 3804 2269 3853 H.
2312 3806 2371 3853 Ν.
2411 3803 2492 3864 34,
2530 3807 2577 3854 ἓ.

1845 3880 1893 3928 2.
1931 3878 2144 3940 inimice]
2189 3879 2239 3926 in
2285 3891 2443 3941 prosa
2488 3882 2619 3928 orat.
2662 3893 2823 3929 ‹nc-on-

1781 3955 2064 4016 temptor.»
2123 3953 2249 4001 voc.
2287 3952 2479 4002 lamina
2521 3955 2701 4004 autem
2742 3956 2824 4018 ip-

1781 4039 1902 4076 sum
1934 4039 2038 4076 non
2074 4027 2187 4076 sine
2224 4029 2554 4091 contemptu,
2593 4030 2650 4077 ut
2682 4028 2821 4092 apud

1781 4099 1927 4150 ovid.
1967 4101 2101 4150 Fast.
2145 4103 2200 4160 4,
2237 4100 2361 4150 208:
2399 4102 2464 4150 Et
2490 4102 2824 4166 levisarqomi

1779 4174 1972 4224 lamina
2002 4176 2190 4225 crimen
2223 4181 2361 4236 erat,
2399 4175 2526 4226 item
2563 4177 2821 4228 Senecam

1780 4247 1847 4297 de
1894 4249 2069 4298 Benef.
2111 4250 2166 4312 7,
2225 4252 2315 4298 4οε
2368 4251 2511 4300 Nunc
2557 4251 2666 4300 volo
2712 4257 2824 4301 tuas
