3234 4975
635 364 756 429 702

1433 369 1689 419 llORATll
1726 369 1985 420 EPODON

1061 522 1338 609 Frangit„
1360 534 1706 590 trementes
1750 523 1929 590 ilices
1945 547 1958 600 3

971 645 1100 708 Nec
1146 643 1327 709 sidus
1373 654 1510 709 atra
1554 654 1743 710 nocte
1789 639 2068 710 amicu‘m
2112 654 2452 731 appareat,

1058 766 1203 842 Qua
1245 763 1440 830 tristis
1485 765 1688 830 Orion
1733 764 1948 843 cadit3

2738 765 2810 830 10

972 884 1303 962 Quietiore
1347 904 1468 950 nec
1517 885 1757 950 feratur
1802 906 2126 973 aequore,

1058 1007 1267 1083 Quam
1313 1005 1503 1070 Graia
1547 1006 1863 1071 victorum
1910 1027 2170 1082 manuS,

973 1128 1132 1190 Cum
1176 1124 1385 1191 Pallas
1429 1134 1574 1190 usto
1619 1126 1808 1191 vertit
1849 1126 2010 1192 iram
2057 1126 2138 1193 ab
2182 1126 2296 1192 llio

1076 1248 1144 1310 ln
1190 1246 1448 1332 impiam
1492 1246 1703 1311 Aiacis
1747 1248 1984 1311 ratem!

974 1369 1031 1434 O
1077 1377 1355 1455 quantus
1402 1366 1591 1432 instat
1632 1366 1863 1432 navitis
1908 1366 2111 1432 sudor
2154 1369 2282 1433 tuis

2772 1372 2802 1388 υ

2727 1371 2809 1435 ’lo

1060 1487 1328 1574 Tibique
1373 1486 1579 1574 pallor
1625 1485 1837 1552 luteus

770 1677 820 1727 8.
869 1676 1038 1738 Freyit
1080 1672 1275 1723 Plotius
1309 1687 1361 1738 p.
1402 1672 1546 1723 ⁴647.
1584 1675 1625 1723 P
1647 1711 1659 1735 ,
1718 1674 1871 1723 Vertit
1910 1673 1996 1724 vel
2040 1675 2229 1726 Sternit
2271 1676 2576 1726 dubitanter
2617 1690 2746 1740 pro-

703 1751 882 1815 posuit
903 1747 1166 1799 Bentleius
1186 1785 1198 1806 ,
1223 1745 1422 1809 Plana-'t
1443 1749 1662 1797 auctore
1682 1745 2012 1798 Wakefieldo
2035 1749 2219 1799 Bothe.
2261 1751 2339 1812 (Ut
2363 1763 2460 1801 nos
2475 1789 2486 1810 ,
2507 1751 2733 1802 BbSTcd

703 1837 827 1874 cum
861 1823 1055 1874 ceteris
1091 1821 1257 1872 Codd.
1297 1820 1473 1882 notis.)
1511 1845 1565 1856 -
1605 1823 1700 1872 Vv.
1742 1821 1823 1898 44.
1863 1823 2068 1873 48-20.
2106 1824 2158 1873 in
2193 1825 2232 1874 B
2268 1825 2480 1875 desunt.

705 1991 736 2040 8
758 2015 787 2025 -
811 1989 889 2038 40.
927 1986 1155 2051 Frangit]
1182 1988 1314 2037 Cum
1340 1988 1390 2036 vi
1415 1988 1608 2052 repetit
1632 2001 1681 2036 v.

639 2065 901 2127 ftanyere,
965 2061 1108 2125 quod
1165 2060 1321 2123 longe
1389 2061 1691 2123 significan-

640 2140 745 2188 tius
780 2138 862 2186 est
900 2134 1232 2199 improbabili
1268 2133 1352 2184 illa
1377 2136 1686 2185 coniectura

639 2211 852 2274 Planyit.
901 2237 954 2245 —
1014 2209 1298 2270 armenta]
1355 2210 1687 2258 «commotas

641 2286 710 2336 ab
745 2282 1002 2347 Aquilone
1043 2285 1099 2333 et
1138 2286 1543 2346 conquassatas.
1567 2301 1590 2326 n
1631 2311 1686 2318 —

640 2362 742 2409 Nec
774 2359 909 2407 sidus
930 2384 960 2394 -
981 2383 1011 2393 -
1038 2357 1273 2419 amicum]
1314 2355 1594 2415 «salutare,
1635 2359 1693 2405 ut

643 2434 832 2484 Castor
877 2434 932 2482 et
965 2429 1171 2490 Pollux,
1228 2443 1292 2479 ex
1335 2444 1400 2480 ea
1433 2429 1564 2480 caeli
1600 2444 1693 2481 re·-

641 2511 797 2572 gione
832 2508 881 2557 ei
915 2510 1193 2568 appareat,
1242 2504 1333 2554 ubi
1368 2505 1562 2555 occidit
1593 2508 1693 2556 tri-

643 2584 758 2644 stis,
796 2581 1088 2646 perniciem
1122 2580 1377 2639 afferens»,
1414 2581 1585 2629 nautis
1616 2582 1695 2630 in-

641 2658 796 2721 festus
867 2655 977 2719 (Ep.
1023 2655 1113 2713 45,
1160 2652 1229 2716 7.)
1281 2654 1488 2703 Orion.»
1545 2654 1686 2717 Virg.

642 2733 774 2781 Aen.
812 2732 867 2790 4,
904 2729 1033 2779 535:
1069 2727 1321 2777 nimbosus
1342 2729 1512 2778 Orion.
1567 2730 1692 2778 Por-

641 2804 872 2869 phyrion
895 2802 1113 2867 quidem
1136 2801 1362 2865 explicat
1395 2816 1498 2863 qua
1519 2807 1688 2861 ποοιος

644 2878 740 2929 sed
775 2879 1049 2941 praestare
1084 2876 1295 2925 videtur
1327 2874 1489 2925 altera
1533 2877 1687 2925 ratio.

713 2953 791 3002 43.
838 2952 916 3002 44.
955 2952 1079 3001 Cam
1114 2952 1167 2999 P.
1193 2950 1430 3000 --iram
1474 2949 1538 2999 ab
1572 2949 1689 3013 Ilio]

645 3027 873 3076 Minerva
884 3064 895 3086 ,
918 3026 1064 3089 prius
1073 3024 1311 3074 Troianis
1331 3025 1460 3073 irata
1470 3026 1693 3088 propter

645 3099 845 3150 Paridis
869 3098 1148 3157 iudicium,
1182 3098 1373 3148 eadem
1404 3099 1481 3147 ira
1502 3111 1694 3161 perse-

645 3176 768 3223 cuta
803 3175 886 3222 est
903 3174 1134 3221 Graecos
1167 3172 1220 3221 in
1257 3172 1484 3233 patriam
1506 3185 1694 3222 rever-

646 3249 821 3297 tentes
838 3284 850 3305 ,
883 3248 1166 3309 propterea
1193 3245 1339 3307 quod
1364 3246 1492 3295 Aiax
1520 3247 1696 3296 minor

646 3318 1003 3372 Cassandram
1026 3318 1161 3368 deae
1184 3316 1481 3382 supplicem
1500 3319 1553 3367 in
1577 3319 1693 3368 eius

645 3393 846 3459 templo
880 3391 1117 3443 violarat.
1172 3392 1363 3454 Odyss.
1390 3390 1450 3453 δ,
1487 3394 1584 3443 5οΞ
1607 3405 1689 3454 sq.

643 3469 787 3530 Virg.
822 3470 954 3518 Aen.
995 3469 1054 3527 4,
1092 3467 1181 3517 39;
1216 3467 1446 3518 Pallasne
1481 3478 1695 3516 anuo-ere

645 3543 851 3591 classem
893 3542 1135 3605 Amicum
1178 3546 1329 3602 acque
1363 3543 1497 3603 ipsos
1529 3540 1696 3602 potuit

643 3617 959 3680 submergere
999 3621 1155 3678 pomo
1203 3617 1356 3665 Unius
1398 3615 1458 3665 ob
1501 3627 1695 3663 mm

645 3696 693 3741 et
732 3691 900 3753 svn-im
935 3689 1104 3739 Aiacis
1137 3689 1297 3739 Oilei?
1352 3690 1592 3751 Propert.
1631 3687 1690 3747 3,

646 3765 703 3824 7,
742 3763 835 3813 39:
872 3762 1577 3824 Samammnphatoeroeaore
1601 3760 1697 3810 Ca-

638 3836 837 3899 phar-ea
851 3849 1066 3898 puppes,
1102 3836 1375 3898 Naufraya
1408 3847 1524 3884 cum
1551 3838 1696 3884 vasto

647 3910 866 3961 Graecia
905 3915 1072 3960 tracta
1113 3910 1220 3959 salo
1263 3914 1351 3959 est.
1411 3909 1486 3959 De
1521 3908 1695 3959 Aiacis

647 3985 879 4034 facinore
930 3984 1075 4034 haud
1123 3996 1246 4033 raro
1289 3982 1360 4033 ab
1401 3980 1694 4033 artificibus

647 4059 878 4121 antiquis
911 4061 964 4108 in
998 4056 1336 4122 anaglyphis,
1377 4056 1596 4108 vasibus
1628 4069 1693 4106 ac

647 4133 874 4196 gemmis
908 4144 1165 4196 expresso
1199 4131 1293 4182 cfr.
1332 4130 1568 4181 Gerbard
1600 4132 1696 4181 Van

647 4220 779 4270 sona.
818 4207 901 4257 ui.
941 4220 993 4270 p.
1032 4205 1145 4257 447.
1184 4206 1310 4255 Aiax
1333 4204 1694 4256 Cassandram

1762 1990 1974 2053 rapiens
2009 1993 2092 2042 est
2124 1991 2177 2042 in
2211 1990 2449 2056 Gerhard
2483 1996 2589 2041 ane.
2627 1993 2807 2042 Bildw.

1761 2064 1818 2113 T.
1867 2064 2063 2114 XXVII.
2115 2063 2162 2113 4.
2229 2065 2481 2115 Ceterum
2533 2066 2813 2117 manifesto

1763 2150 1913 2187 mera
1947 2139 2028 2188 est
2071 2139 2426 2202 comparatio,
2476 2141 2530 2189 et
2570 2142 2814 2203 precario

1764 2211 2121 2263 Scholastieus
2162 2212 2379 2275 quidam
2404 2226 2573 2277 nuper
2596 2218 2817 2265 conten-

1764 2285 1841 2335 dit
1885 2286 2225 2336 festivitatem
2269 2288 2428 2337 totius
2463 2289 2712 2338 carminis
2759 2290 2813 2338 in

1765 2374 1831 2409 eo
1854 2362 2190 2424 potissimum
2214 2362 2470 2410 contineri
2486 2400 2498 2419 ,
2531 2361 2676 2424 quod
2701 2361 2815 2412 Pal-

1764 2434 1842 2486 las
1892 2433 2073 2484 ulcisci
2124 2433 2322 2484 debeat
2370 2436 2662 2497 Maevium,
2722 2437 2814 2501 qui

1765 2507 1935 2559 malos
1957 2509 2008 2557 in
2031 2509 2202 2573 ipsam
2220 2522 2410 2560 versus
2428 2511 2810 2573 composuerit.

1833 2583 2006 2632 46·48.
2042 2582 2217 2643 Caletes]
2253 2595 2285 2631 a
2316 2596 2370 2632 ν.
2407 2584 2583 2644 latum,
2621 2584 2811 2644 herba,

1764 2656 1916 2705 cuius
1966 2668 2130 2704 succo
2182 2668 2479 2719 pannorum
2524 2655 2811 2707 infectores

1765 2730 2000 2777 utuntur.
2056 2728 2262 2791 (Wau,
2299 2729 2667 2794 Gilbkraut.)
2724 2732 2819 2781 Est

1765 2802 1920 2864 igitur
1953 2801 2099 2852 color
2132 2815 2381 2861 croceus,
2417 2802 2603 2866 gilvu3,
2641 2802 2815 2867 qualis

1765 2874 1904 2925 solet
1937 2888 2057 2925 esse
2082 2879 2443 2938 arquatorum.
2483 2876 2623 2926 Cels.
2649 2878 2706 2935 3,
2726 2877 2811 2929 24.

1766 2950 2147 3014 Accipiendum
2179 2953 2359 3000 autem
2395 2949 2462 3000 de
2491 2954 2688 3001 summi
2712 2955 2818 3002 tei*

1766 3026 1901 3074 roris
1935 3021 2142 3083 colore,
2188 3036 2294 3073 non
2329 3023 2398 3072 de
2433 3024 2698 3075 morbosis
2732 3025 2816 3075 ia-

1767 3098 1867 3147 ciei
1892 3095 2113 3147 maculis
2128 3134 2140 3157 ,
2171 3097 2358 3147 mortis
2381 3097 2632 3148 naturalis
2655 3099 2815 3148 inter-

1766 3172 1897 3222 dum
1946 3172 2299 3235 praenuntiis,
2357 3172 2417 3220 ut
2464 3170 2628 3221 voluit
2677 3173 2817 3221 Cru-

1767 3246 1942 3309 quius.
2013 3246 2090 3295 De
2126 3244 2276 3294 faciei
2311 3242 2491 3295 colore
2525 3247 2684 3296 etiam
2726 3248 2816 3295 Ti-

1767 3317 1893 3369 bull.
1933 3320 1987 3378 4,
2025 3318 2088 3381 8,
2125 3319 2216 3368 52:
2254 3319 2438 3368 nanum
2470 3319 2817 3381 luteam-pora

1766 3393 1913 3455 tinuit
1956 3405 2118 3442 amor.
2160 3419 2216 3428 —
2252 3392 2357 3455 ilia]
2398 3392 2480 3442 «in
2529 3406 2691 3457 quam
2736 3396 2813 3452 tu,

1767 3465 1927 3515 homo
1962 3464 2298 3527 meticulose,
2337 3479 2689 3530 prorumpere
2723 3480 2817 3517 so-

1765 3539 1874 3597 les3
1913 3538 1996 3589 illa
2031 3542 2141 3589 tam
2173 3539 2477 3603 pudenda.»
2518 3567 2574 3577 -
2609 3556 2711 3590 non
2732 3542 2817 3590 vi-

1766 3613 1891 3677 rilis]
1917 3614 2026 3663 Cic.
2052 3615 2205 3665 Tusc.
2232 3614 2281 3663 2.
2302 3614 2351 3677 5.
2376 3612 2467 3664 54:
2502 3614 2737 3664 Eialatm
2754 3629 2819 3664 ne

1765 3686 2055 3737 nudior-ibin
2077 3688 2277 3748 quidm
2293 3700 2549 3737 concessus
2569 3693 2657 3738 est.
2696 3690 2819 3738 For-

1769 3761 1857 3812 ma
1890 3762 2094 3811 &ilatio
2125 3762 2289 3811 utitur
2321 3762 2429 3811 iam
2463 3761 2630 3812 Plaut.
2661 3764 2815 3827 Capt.

1767 3836 1827 3896 2,
1867 3836 1922 3895 4,
1959 3836 2008 3885 Ἶ.
2050 3834 2379 3899 —avorsan
2417 3837 2541 3899 «qui
2573 3849 2606 3886 a
2638 3837 2820 3900 preci-

1766 3908 1870 3959 bus
1910 3920 2069 3959 aures
2114 3908 2355 3958 avertit.»
2415 3907 2697 3972 Aliquanto
2732 3909 2814 3960 le—

1768 3985 1889 4034 nius
1923 3984 2009 4033 est
2040 3994 2202 4046 quam
2225 3983 2479 4033 acl-sersus.
2517 3983 2623 4034 Cir.
2651 3985 2820 4035 luteis

1765 4059 1947 4121 pretes
1980 4056 2050 4107 ad
2085 4056 2233 4107 Ovid.
2272 4057 2395 4107 Her.
2434 4059 2492 4118 7,
2529 4057 2580 4108 4.

1834 4130 2011 4182 49-24.
2055 4131 2499 4195 Ionias--sinusl
2535 4133 2595 4181 ut
2626 4130 2724 4181 Od.
2753 4133 2813 4193 4,

1768 4204 1858 4265 33,
1898 4205 1987 4255 ⁴6:
2024 4204 2267 4256 Calabros
2296 4206 2451 4256 situs.
2500 4204 2595 4255 Od.
2622 4205 2681 4265 3,
2716 4207 2814 4265 27,
