3234 4975
660 436 785 501 260

1425 436 1680 484 HORATu
1718 434 2052 485 CARMINUM

992 591 1272 656 Tandem
1317 590 1762 677 querelarum,
1811 600 1876 655 et
1921 590 2132 675 potius
2192 609 2357 653 nova

1078 713 1422 778 Cantemus
1466 711 1736 798 Augusti
1781 721 2047 796 tropaea

650 1027 958 1078 structione.
1007 1026 1184 1088 Eurip.
1224 1025 1497 1075 phoeniss,
1537 1023 1692 1072 ⁴07⁴:

1770 1023 1964 1084 facere,
2021 1020 2180 1070 malui
2233 1023 2484 1069 maiorum
2531 1026 2820 1070 nostrorum

648 1097 869 1165 Λήξασ’
894 1094 1161 1169 ὀδυρμῶν
1196 1098 1488 1163 πενθίμων
1517 1111 1577 1146 τε
1598 1093 1696 1146 δα·
1770 1097 1994 1157 evemplo
2043 1109 2253 1159 requam
2303 1096 2356 1143 id
2403 1096 2472 1143 ad
2524 1095 2813 1158 Tigranem,

648 1172 853 1245 κρὺων.
913 1175 997 1222 Sic
1033 1173 1127 1222 Od.
1167 1172 1223 1232 3,
1260 1174 1351 1231 27,
1390 1172 1477 1221 69:
1530 1171 1694 1221 Absti-

643 1251 1001 1299 neto-iramm.
1074 1248 1229 1310 (Virg.
1268 1249 1397 1296 Aen.
1437 1247 1525 1305 ⁴0,
1571 1245 1687 1296 44⁴.

642 1331 833 1385 tenipus
865 1324 1091 1371 desistere
1118 1334 1321 1384 puynae
1349 1324 1433 1370 est
1461 1320 1688 1381 datiVuS,

643 1400 704 1447 ut
750 1399 878 1446 Stat.
917 1394 1081 1446 Theb.
1131 1396 1188 1454 ὅ,
1237 1393 1351 1445 274.
1400 1394 1562 1444 labori
1602 1397 1689 1443 de-

646 1472 783 1520 stuic.
826 1470 930 1521 Cfr.
958 1470 1100 1519 Bach
1122 1482 1217 1517 von
1242 1470 1290 1517 d.
1319 1469 1577 1518 Gebrauch
1600 1470 1691 1517 der

1767 1170 2062 1219 Artavasdis
2087 1170 2276 1234 filium,
2322 1174 2547 1231 nepotem
2592 1170 2820 1233 Tim-anis

1767 1245 1925 1307 repis,
1971 1258 2067 1306 per
2115 1243 2212 1292 Tib.
2251 1245 2524 1303 Neronem,
2581 1244 2666 1304 qm·
2711 1248 2818 1292 tam

1767 1323 1878 1367 erat
1892 1319 2157 1381 priviynus
2176 1331 2339 1377 nicias,
2366 1318 2658 1381 transferre.
2697 1316 2817 1367 Vel-

1765 1390 1850 1440 lei.
1887 1393 1944 1450 2,
1982 1391 2074 1441 94:
2126 1390 2366 1441 Tiberius
2399 1405 2514 1440 cum
2546 1391 2818 1454 leyionibus

1763 1466 2014 1528 inaressus
2044 1466 2359 1525 Armeniam,
2419 1466 2628 1514 redacta
2671 1480 2733 1514 ea
2761 1467 2814 1514 in

640 1546 796 1595 Casus
822 1545 875 1593 in
909 1545 999 1593 der
1036 1543 1125 1592 lat.
1157 1543 1464 1604 Dichterspr.
1491 1557 1544 1606 p.
1584 1541 1686 1606 47.)
1757 1545 2046 1600 potestatem
2075 1541 2127 1587 P.
2163 1539 2217 1588 R.
2253 1552 2464 1601 reanum
2496 1539 2602 1588 eius
2632 1540 2814 1588 Arta-

704 1620 783 1668 ⁴9.
820 1619 1029 1681 Auyusti
1063 1616 1287 1680 tropaea]
1326 1618 1439 1676 Quo
1468 1631 1498 1666 a
1523 1618 1685 1667 nimio
1759 1613 1935 1662 vasdi
1957 1614 2113 1671 dedit;
2139 1611 2230 1661 uhi
2250 1625 2401 1661 error
2417 1613 2628 1662 videtur
2644 1615 2810 1677 ipsius

636 1692 780 1742 luctu
814 1693 1048 1741 amicum
1084 1692 1312 1751 avertat,
1350 1704 1476 1740 eum
1510 1691 1687 1740 horta-

636 1769 748 1825 tur,
782 1769 841 1815 ut
861 1779 1049 1815 secum
1073 1766 1224 1828 quasi
1248 1766 1546 1815 certaturus
1571 1778 1687 1813 car-

636 1841 778 1890 mine
814 1842 1032 1903 tropaea
1068 1837 1151 1887 illa
1187 1837 1449 1898 celebret,
1488 1838 1683 1903 duplex

636 1915 715 1963 sic
766 1914 1101 1976 propositum
1146 1925 1472 1974 assequens,
1525 1915 1586 1962 ut
1630 1917 1684 1963 et

632 1989 928 2048 Augustum
984 1988 1205 2049 propter
1265 1999 1354 2036 res
1419 1999 1680 2050 prospere

631 2063 809 2123 gestas
843 2058 1057 2121 oblique
1093 2057 1289 2119 laudet,
1328 2063 1383 2109 et
1415 2062 1680 2123 poeticam

630 2134 793 2197 Valgii
852 2132 1154 2184 facultatem
1210 2135 1517 2198 praedicet,
1578 2136 1677 2184 etsi

630 2207 799 2271 probe
835 2206 1040 2257 sciebat
1074 2222 1173 2257 nec
1208 2209 1307 2258 sihi
1343 2210 1679 2272 propositum

630 2294 753 2331 esse
790 2283 1006 2344 Augusti
1029 2284 1374 2346 praeconium
1400 2285 1677 2347 perpetuis

628 2357 934 2420 panegyrici
976 2358 1186 2419 generis
1229 2358 1555 2407 carminibus
1598 2359 1678 2408 fa-

629 2445 755 2481 cere
801 2444 977 2495 neque
1026 2432 1078 2480 id
1119 2445 1377 2481 ausurum
1413 2432 1672 2496 Valgium,

629 2507 718 2568 qui
766 2520 885 2557 sese
932 2508 1255 2557 continuisse
1299 2508 1434 2556 intra
1478 2507 1675 2570 elegias

626 2579 854 2630 videtur.
904 2583 1238 2644 Quamquam
1274 2582 1434 2630 etiam
1470 2583 1520 2631 in
1558 2580 1678 2631 tali-

624 2654 756 2715 bus,
795 2654 894 2704 etsi
940 2656 1180 2705 tenuiore
1226 2653 1370 2715 stile,
1421 2657 1673 2718 princeps

621 2730 705 2778 vir
727 2728 971 2779 laudibus
997 2729 1171 2779 efferri
1197 2733 1421 2792 poterat.
1488 2732 1674 2780 Omnia

622 2803 757 2853 haec
804 2802 998 2853 blande
1048 2805 1208 2866 atque
1260 2803 1492 2864 urbane,
1548 2817 1673 2854 cum

622 2877 783 2927 nimia
819 2880 874 2926 et
908 2876 1116 2940 putida,
1171 2879 1230 2925 ut
1271 2877 1430 2938 solet,
1487 2876 1675 2926 adula-

623 2953 764 3001 tione
812 2964 942 3000 usus
989 2951 1219 3013 scriptor
1269 2952 1573 3013 Panegyrici
1621 2952 1670 3000 in

622 3023 904 3074 Messalam
954 3021 1153 3085 (Tibull.
1193 3023 1250 3080 4,
1299 3025 1366 3085 4.)
1413 3026 1531 3073 479ε
1586 3028 1674 3075 Est

620 3098 708 3148 tibi
754 3099 840 3159 qui
879 3098 1034 3158 possit
1077 3099 1276 3159 maynis
1318 3112 1368 3147 se
1413 3101 1688 3163 (κάπρω-εί

620 3171 795 3232 rebus,
838 3172 1071 3234 Valyius,·
1106 3177 1308 3221 aeterno
1334 3174 1549 3234 propior
1571 3190 1668 3234 non

621 3247 751 3295 alter
796 3246 1038 3304 Homerm
1094 3246 1161 3294 de
1214 3260 1320 3308 quo
1372 3246 1490 3298 loco
1542 3251 1669 3299 satis

622 3318 842 3384 quidem
876 3322 998 3370 novi
1024 3321 1210 3383 Ungeri
1238 3323 1532 3385 opiniones,
1570 3325 1669 3374 sed

622 3407 772 3445 meas
807 3407 913 3444 non
949 3395 1102 3445 facio.

685 3467 767 3517 20.
806 3469 888 3517 2⁴.
927 3471 1005 3519 De
1041 3469 1093 3519 h.
1130 3469 1163 3518 1.
1203 3484 1308 3522 non
1344 3473 1458 3522 sine
1496 3473 1669 3523 fructu

621 3540 901 3592 consulere
938 3557 1080 3593 nunc
1122 3547 1269 3608 potui
1314 3547 1485 3608 Unger
1517 3548 1578 3595 V.
1606 3549 1664 3596 R.

620 3630 672 3679 p.
700 3615 943 3666 345-364.
976 3644 1029 3653 —
1053 3619 1282 3683 tropaea]
1305 3624 1365 3670 ut
1386 3620 1453 3670 de
1475 3621 1668 3670 eadem

619 3702 680 3739 re
716 3690 856 3752 Virg.
896 3692 988 3740 Ge.
1026 3691 1084 3750 3,
1134 3691 1223 3742 32:
1278 3695 1343 3742 Et
1383 3695 1481 3743 duo
1512 3700 1670 3756 rapta

617 3776 776 3812 manu
804 3764 996 3813 diverso
1018 3779 1085 3815 ex
1105 3767 1239 3816 hoste
1259 3772 1484 3829 tropaea.
1523 3770 1670 3817 Nova

622 3838 893 3900 (recentia)
941 3843 1123 3889 autem
1172 3845 1388 3904 tropaea
1432 3844 1667 3906 primum

619 3912 745 3961 sunt
789 3913 1133 3972 Armeniaca,
1183 3915 1250 3964 de
1298 3915 1494 3977 quihus
1534 3916 1665 3979 Epp.

623 3987 678 4044 ⁴,
727 3985 815 4046 ⁴2,
861 3987 953 4035 26:
1014 3988 1192 4038 Claudi
1234 3990 1418 4038 virtute
1458 3990 1672 4038 Neronis

617 4060 882 4110 Armenius
929 4063 1103 4111 cecidit
1155 4063 1227 4124 (a.
1265 4076 1318 4112 u.
1357 4061 1518 4125 734),
1574 4062 1668 4113 uhi

618 4134 741 4184 vide
778 4135 917 4184 Mon.
957 4137 1153 4196 Ancyr.
1182 4137 1266 4185 ed.
1296 4138 1475 4186 Franz.
1503 4150 1555 4201 p.
1582 4137 1663 4188 35:

617 4208 907 4257 Armeniam
954 4210 1199 4258 maiorem
1252 4209 1504 4271 &iterfecto
1552 4225 1669 4276 reae

614 4283 722 4332 eius
753 4283 975 4332 Artaxia
995 4295 1109 4332 cum
1134 4295 1327 4345 possem
1350 4284 1669 4344 provinciam

1762 1688 2038 1750 scriptoris
2063 1699 2161 1749 pro
2191 1687 2467 1749 Tiyram’.
2522 1688 2646 1737 Tac.
2673 1691 2806 1738 Ann.

1760 1762 1816 1821 2,
1855 1762 1903 1810 3.
1943 1762 2038 1811 Dio
2063 1760 2153 1821 54,
2181 1761 2229 1809 9.
2269 1760 2550 1810 Accedunt
2583 1764 2805 1812 nummi.

1759 1834 1955 1885 Eckhel
1990 1836 2074 1884 VI.
2112 1848 2164 1897 p.
2204 1836 2300 1885 98:
2350 1836 2610 1885 CAESAR.
2646 1837 2801 1886 DIVI.

1757 1910 1813 1958 F.
1850 1910 2049 1959 ARME.
2090 1909 2299 1958 CAPTA.
2364 1910 2629 1972 (Armenia
2666 1923 2806 1972 genu

1758 1984 1894 2031 flexa
1912 1984 2173 2046 porrectis
2193 1983 2504 2046 suppliciter
2521 1983 2806 2045 manibus.)

1755 2058 2065 2107 ARMENIA.
2105 2057 2315 2107 CAPTA.
2374 2058 2617 2119 (Victoria
2659 2062 2807 2107 stans

1757 2130 1989 2181 cultrum
2033 2133 2085 2181 in
2129 2133 2265 2182 tauri
2309 2133 2556 2191 iacentiS,
2609 2133 2662 2182 id
2695 2135 2801 2193 est,

1756 2208 1912 2255 Tauri
1936 2207 2162 2265 montiS,
2189 2205 2428 2268 iugulum
2453 2206 2716 2269 demittit.)
2741 2235 2795 2243 —

1753 2281 2017 2341 Niphates,
2063 2282 2343 2330 Armeniae
2381 2294 2553 2330 mons.
2613 2281 2803 2330 Strabo

1757 2356 1835 2403 Η.
1859 2368 1911 2417 p.
1933 2356 2045 2404 522:
2075 2348 2270 2403 ἔπειτα
2286 2348 2340 2418 (ἡ
2359 2348 2633 2421 Ἀρμενία)
2651 2351 2803 2418 ἐξαί-

1752 2443 1911 2498 ρεται
1961 2426 2134 2477 πλέον
2179 2429 2279 2477 καὶ
2312 2427 2568 2479 καλεῖται
2600 2426 2796 2491 Νιφά-

1753 2519 1870 2568 της.
1928 2519 1979 2567 p.
2019 2503 2147 2553 523:
2209 2498 2246 2567 ἡ
2298 2502 2359 2553 δὲ
2409 2501 2798 2575 προσάρκτιος

1753 2572 1946 2648 ὀρεινὴ
1981 2579 2078 2627 καὶ
2113 2582 2354 2648 τραχεῖα
2397 2581 2494 2628 καὶ
2535 2575 2796 2649 ψυχρά.

1753 2654 1847 2702 Dio
1873 2653 1961 2712 49,
2001 2653 2093 2701 3⁴:
2130 2651 2675 2722 κρυσταλλώδης
2707 2649 2801 2704 ἀεὶ

1752 2727 1892 2776 ποτέ
1940 2725 2075 2775 ἐστι.
2148 2726 2352 2787 Quibus
2405 2742 2434 2777 e
2485 2727 2618 2779 locis
2668 2732 2797 2780 satis

1751 2800 2038 2862 colligitur,
2092 2802 2362 2863 quomodo
2397 2816 2449 2851 v,
2486 2804 2681 2866 riqidus
2713 2804 2797 2853 in-

1751 2874 2152 2937 terpretandum
2176 2876 2269 2934 sit,
2293 2878 2352 2924 ut
2374 2888 2501 2925 vere
2521 2877 2797 2940 proprium

1748 2950 1984 3011 Niphatis
2008 2950 2076 2997 sit
2099 2948 2365 2998 ἐπίθετον
2385 2986 2398 3008 ,
2425 2949 2633 3000 scilicet
2667 2950 2796 2999 «fri-

1748 3022 1960 3084 gidus»,
2015 3020 2098 3070 vel
2142 3021 2337 3085 quibus
2387 3023 2675 3086 ἐπιθέτοις
2723 3024 2792 3073 de

1748 3095 2049 3146 huiusmodi
2096 3096 2351 3147 tractibus
2394 3097 2518 3148 alibi
2553 3101 2789 3158 utuntur,

1743 3171 2000 3235 ylacialiS,
2058 3170 2258 3221 nivalis,
2365 3171 2462 3222 Alii
2530 3171 2796 3236 explicant

1748 3247 1920 3295 «saxis
1963 3246 2075 3294 suis
2126 3257 2247 3295 sese
2291 3244 2395 3295 alte
2431 3245 2788 3308 extollentem,

1746 3319 2024 3378 arduum»,
2064 3321 2122 3368 ut
2155 3320 2262 3369 iam
2295 3321 2554 3370 pisander
2593 3321 2793 3385 Nipha-

1748 3398 1836 3444 ten
1871 3388 2224 3444 ἑϋσκόπελον
2257 3397 2477 3444 vocarat
2508 3394 2652 3459 apud
2674 3397 2793 3445 Ste-

1745 3471 1982 3533 phanum
2005 3470 2130 3530 Byz.
2157 3482 2211 3532 p.
2238 3468 2375 3529 594.,
2414 3470 2465 3518 id
2495 3470 2640 3532 quod
2664 3468 2790 3519 nihil

1745 3542 1907 3592 habet
1957 3542 2180 3605 proprii,
2231 3545 2289 3591 ut
2332 3542 2598 3605 singulare
2631 3544 2790 3593 huius

1745 3619 1939 3668 montis
1962 3618 2032 3667 sit
2051 3615 2334 3667 ἐπίθετον.
2402 3619 2514 3667 Iam
2537 3631 2666 3667 vero
2691 3631 2791 3667 ne-

1744 3694 1855 3755 gari
1907 3706 2010 3742 non
2061 3695 2239 3756 potest
2289 3706 2318 3741 a
2370 3694 2544 3756 poetis
2596 3694 2788 3743 Latinis

1743 3768 2004 3831 Niphaten
2038 3766 2280 3816 habitum
2316 3780 2436 3817 esse
2471 3780 2571 3830 pro
2611 3767 2790 3817 flumi-

1744 3855 1812 3890 ne
1866 3843 2077 3904 (Lucan.
2132 3842 2189 3902 3,
2243 3840 2376 3892 245:
2432 3841 2788 3901 Armeniusque

1741 3921 1907 3965 teneris
1935 3917 2209 3966 volventem
2228 3929 2364 3964 saaea
2383 3916 2650 3977 Niphaten.
2705 3915 2788 3964 Si-

1741 3988 1842 4040 lius
1879 3990 1966 4050 ⁴3,
2005 3990 2135 4039 765:
2189 3990 2381 4039 Pellaeo
2405 3996 2559 4051 ponte
2590 3989 2787 4051 Nipha-

1740 4069 1821 4114 ten
1852 4065 2116 4114 Asci-inxit.
2187 4066 2372 4114 iuven.
2413 4064 2470 4125 6,
2509 4063 2638 4115 409:
2690 4064 2788 4112 Isso

1739 4140 1989 4201 Niphaten
2041 4139 2100 4189 In
2125 4139 2339 4201 populos
2368 4150 2651 4202 magnoque
2685 4137 2786 4186 illic

1738 4218 1920 4262 cuncta
1940 4227 2073 4264 arva
2093 4215 2248 4264 tenori
2263 4213 2481 4264 Diluvio.
2510 4211 2781 4263 Claudian.

1739 4288 1822 4336 111.
1840 4289 1997 4338 Cons.
2016 4289 2148 4338 Hon.
2165 4289 2221 4338 7⁴
2244 4303 2255 4336 :
2276 4289 2411 4338 vada
2429 4287 2617 4348 Caspia
2631 4285 2782 4345 Medi,
