3234 4975
1222 412 1424 462 LIBER.
1498 412 1693 462 CARM.
1735 413 1795 461 11.

860 569 1222 634 Certantem
1267 578 1333 633 et
1375 586 1565 631 uvam
1610 586 1972 653 purpurae,

2478 410 2602 473 653

2518 570 2601 630 20

772 688 914 766 Qua
958 698 1333 754 muneretur
1372 697 1475 762 te,
1525 686 1785 773 Priape,
1833 697 1898 753 et
1943 696 2032 758 te,
2081 698 2264 774 pater

854 807 1146 884 Silvane,
1194 818 1364 875 tutor
1407 808 1666 874 finium!

772 927 956 995 Libet
998 929 1213 995 iacere
1257 929 1453 995 modo
1500 928 1623 995 sub
1669 929 1932 1016 antiqua
1972 901 2155 1004 ilice,

855 1049 1044 1116 Modo
1089 1050 1153 1114 in
1196 1049 1404 1116 tenaci
1449 1050 1755 1137 gramine.

768 1170 1099 1236 Labuntur
1139 1169 1282 1237 altis
1327 1171 1580 1238 interim
1625 1170 1783 1258 ripis
1831 1190 2079 1257 aquae,

2515 1172 2598 1235 25

858 1290 1231 1369 Queruntur
1275 1290 1337 1356 in
1381 1290 1560 1358 silvis
1604 1312 1793 1369 aveS,

561 1489 642 1538 20.
674 1500 912 1550 purpura
943 1485 1126 1537 Bland.
1165 1488 1430 1551 quattuor.
1471 1487 1550 1550 (Ut
1582 1500 1710 1548 nos,
1748 1471 1931 1548 nostri,
1967 1485 2184 1539 Bentleii
2221 1491 2275 1539 et
2307 1491 2536 1541 Pottierii

498 1561 685 1623 Codd.)
729 1588 777 1599 -
839 1562 920 1611 24.
962 1562 1083 1623 Quis
1114 1563 1332 1612 auctore
1369 1562 1754 1624 Cuninghamio
1790 1563 1842 1611 F.
1901 1588 1955 1599 -
2017 1563 2098 1613 25.
2135 1564 2261 1613 rivis
2292 1562 2530 1614 Blandin.

496 1636 800 1700 antiquiss,
840 1635 1038 1686 «Codd.
1078 1634 1310 1686 nonnulli
1362 1635 1523 1685 etiam
1565 1635 1946 1698 antiquissimi»
1999 1635 2251 1697 Bentleii,
2307 1638 2536 1688 Pottierii

495 1711 746 1760 undecim
768 1748 780 1769 ,
820 1711 937 1760 Fea.
975 1709 1134 1773 (Ripis
1169 1709 1382 1760 firmant
1413 1709 1650 1773 quinque
1687 1710 1832 1773 mei.)

431 1888 484 1934 et
511 1885 659 1934 Ovid.
693 1885 816 1935 Met.
841 1884 899 1944 8,
927 1884 1059 1934 676:
1096 1886 1160 1934 Ec
1191 1885 1251 1934 do
1274 1898 1477 1947 purpu-
1553 1884 1829 1934 umbrosa.
1895 1913 1949 1921 —
2009 1887 2203 1950 tenaci]
2265 1887 2381 1935 «im
2435 1887 2603 1937 Boden

429 1961 528 2008 reis
547 1960 778 2008 collectae
797 1959 979 2007 vicibus
998 1972 1142 2008 uvae.
1196 1958 1476 2009 Cornelius
1548 1958 1893 2021 [amatunam
1930 1971 2177 2022 «gramen
2207 1958 2344 2009 adeo
2372 1959 2600 2010 densum

429 2036 660 2083 Severus
703 2034 755 2082 in
806 2031 984 2082 libello
1035 2033 1104 2083 de
1155 2046 1274 2095 gen.
1328 2047 1472 2083 nom.

431 2107 515 2156 ed.
553 2108 727 2171 Haupt
758 2119 875 2171 pag.
915 2106 1014 2157 94:
1057 2145 1067 2156 .
1111 2145 1123 2156 .
1165 2145 1176 2156 .
1222 2144 1233 2156 .
1274 2121 1479 2169 purpu-

425 2182 527 2230 reis
548 2181 816 2242 qenwnavit
834 2181 1104 2242 pampinus
1121 2182 1248 2229 uvis.
1287 2182 1477 2230 Nostro

428 2253 547 2304 loco
578 2253 749 2302 Codd.
785 2252 906 2316 aliq.
933 2266 1197 2314 pur-parm
1241 2254 1338 2302 sed
1378 2254 1473 2303 cfr.

429 2326 523 2376 Od.
544 2329 593 2386 2,
617 2327 665 2385 6,
687 2327 769 2374 45.
797 2327 889 2389 Ep.
918 2326 1000 2384 44,
1024 2326 1102 2375 48.
1125 2327 1230 2374 Sat.
1252 2327 1302 2384 2,
1322 2327 1372 2384 5,
1395 2327 1474 2376 49.

493 2399 670 2449 24-24.
726 2399 855 2463 Qua]
900 2399 1061 2461 Magis
1095 2399 1304 2462 poetica
1343 2400 1477 2450 ratio

429 2474 668 2534 videtur,
706 2473 765 2523 ut
798 2487 950 2538 pron.
989 2471 1268 2524 relativum
1309 2472 1474 2524 forma

429 2562 523 2599 sua
554 2549 815 2597 exteriore
840 2547 908 2596 ad
944 2549 1246 2611 proximum
1270 2550 1477 2598 tantum

429 2634 625 2672 nomen
662 2621 950 2681 reseratur,
990 2633 1152 2683 quam
1187 2623 1244 2671 ut
1278 2621 1479 2685 ample·

428 2699 638 2746 ctamur
686 2707 1142 2758 supervacaneam
1205 2697 1478 2746 coniectu-

427 2783 545 2821 ram
579 2770 705 2831 quis.
747 2795 802 2804 —
837 2768 1043 2832 Priapo]
1080 2769 1251 2832 Priap.
1284 2769 1373 2829 82,
1412 2768 1472 2819 4:

427 2844 665 2894 Assiduus
711 2847 875 2891 custos
920 2842 1061 2891 ruris
1101 2846 1158 2891 ut
1199 2855 1300 2892 esse
1336 2843 1473 2892 velis.

429 2919 649 2981 Priapus
699 2918 752 2966 in
803 2916 1004 2979 Meyeri
1054 2914 1266 2965 Anthol.
1315 2917 1373 2966 Ι..
1409 2918 1471 2967 Ν.

428 2993 586 3042 4698ι
624 2993 749 3042 Mihi
781 2990 972 3040 corolla
995 2991 1140 3053 picta
1170 3004 1287 3041 vero
1321 2992 1477 3054 poni-

426 3071 538 3127 tur,
574 3067 699 3116 Mihi
731 3065 913 3115 rubens
945 3067 1109 3115 arma
1129 3065 1230 3114 solo
1258 3066 1472 3127 fervido,

424 3140 549 3189 Mihi
563 3140 752 3190 virente
772 3139 930 3189 atacis
944 3152 1048 3189 uva
1062 3139 1325 3202 pampino,
1350 3140 1477 3189 mhi

426 3214 612 3276 ylauca
650 3216 779 3263 duro
817 3214 953 3263 oliva
990 3218 1131 3263 cocta
1164 3214 1373 3276 frigora
1416 3241 1471 3249 —

423 3286 586 3349 pater]
622 3300 909 3337 commune
939 3287 1164 3337 deorum
1188 3286 1470 3338 ἐπίθετον.

431 3386 486 3394 -
507 3360 725 3423 Silvano]
745 3361 884 3423 virg.
909 3363 1044 3411 Aen.
1067 3361 1115 3421 8,
1138 3361 1226 3410 604
1254 3376 1264 3409 :
1294 3360 1477 3424 (Silva-

427 3432 511 3494 no)
537 3432 1087 3495 Ammumpocorisque
1108 3435 1223 3492 ἀοος
1251 3435 1303 3484 h.
1326 3433 1358 3484 l.
1380 3471 1392 3494 ,
1419 3435 1479 3482 ut

426 3504 548 3556 alibi
567 3507 864 3566 Terminu3‚
887 3508 970 3556 est
985 3512 1121 3556 lutor
1131 3508 1325 3570 finium.
1354 3508 1470 3557 Vet.

428 3582 578 3631 Auct.
607 3580 675 3629 de
701 3580 871 3647 Limit.
893 3593 945 3643 p.
967 3580 1082 3630 294.
1105 3583 1281 3631 Goes.:
1310 3582 1481 3631 Omnis

421 3654 659 3718 possessio
708 3659 810 3702 tres
853 3653 1086 3702 Siluanos
1129 3653 1300 3713 habea·
1348 3667 1479 3704 unus

424 3730 611 3779 dicitur
650 3729 971 3787 domesticus,
1017 3728 1313 3789 possessioni
1354 3743 1476 3777 con-

424 3806 674 3861 secratu&
721 3802 851 3851 altor
883 3801 1068 3850 dicitur
1100 3803 1341 3865 apr-estis,
1372 3815 1475 3862 pa-

423 3876 662 3928 stionibus
692 3880 1037 3933 consecratus:
1089 3876 1266 3924 tertius
1291 3876 1477 3923 dicitur

424 3951 705 4009 orientalis,
775 3950 858 3998 cui
912 3954 984 3998 ost
1031 3949 1086 3998 s'n
1133 3949 1346 4012 confinio
1402 3949 1478 3997 lu-

424 4039 512 4076 cus
536 4025 745 4088 positus.
785 4024 1046 4086 inscriptt.
1086 4036 1158 4072 m.
1186 4024 1295 4072 Lat.
1323 4022 1469 4071 ⁴643:

424 4099 631 4150 Silvano
661 4111 813 4148 sacra
852 4097 1105 4147 semicluso
1150 4096 1362 4159 frasinu
1411 4096 1476 4144 Et

422 4175 569 4224 huius
609 4173 703 4223 alti
741 4184 931 4222 summo
970 4176 1134 4220 mastos
1171 4169 1373 4220 hortuli.
1418 4196 1471 4205 -

427 4246 655 4310 antiqua]
692 4248 745 4297 et
778 4247 1066 4311 propterea
1098 4242 1276 4310 patula
1312 4244 1475 4305 atque

1553 2046 1617 2082 ac
1669 2034 1902 2096 spissum
1925 2072 1937 2092 ,
1991 2036 2050 2083 ut
2097 2034 2183 2083 vix
2217 2048 2248 2084 e
2283 2033 2397 2084 solo
2448 2033 2602 2084 evelli

1553 2108 1736 2170 possit,
1789 2121 1853 2156 ac
1899 2109 2120 2170 propter
2154 2108 2256 2158 hoc
2291 2108 2465 2172 ipsum
2501 2109 2604 2157 ho—

1554 2181 1681 2229 mini
1714 2181 1767 2229 in
1804 2195 1869 2230 eo
1903 2182 2094 2231 iacenti
2130 2181 2339 2232 mol-lius
2373 2183 2603 2244 gratius-

1553 2266 1659 2315 que
1696 2253 1869 2303 cubile
1903 2254 2163 2317 praebeat
2196 2268 2359 2317 quam
2381 2268 2600 2318 gramen

1553 2339 1787 2375 rarum.»
1813 2326 1977 2377 Aliter
1998 2326 2395 2390 Dillenburger:
2427 2328 2602 2391 «quod

1553 2399 1803 2450 euntibus
1849 2401 2292 2464 impedimentum
2340 2403 2424 2451 est
2472 2415 2602 2466 pro-

1553 2473 1808 2535 cedendi,
1847 2474 1989 2537 quod
2023 2474 2192 2537 pedes
2216 2474 2367 2539 quasi
2403 2476 2599 2525 tenet.»

1553 2550 1738 2599 Miram
1774 2549 2032 2598 Torrentii
2078 2549 2598 2613 interpretationem:

1556 2620 1733 2684 «quod
1766 2621 2118 2673 recubantem
2153 2625 2326 2671 virore
2360 2635 2459 2672 suo
2498 2622 2602 2671 ob-

1552 2693 1716 2744 lectat
1748 2697 1803 2743 et
1836 2695 2059 2754 retinet;
2079 2712 2105 2739 »
2156 2694 2413 2758 optimam
2447 2696 2604 2744 vocat

1551 2767 1768 2817 Mohrus
1802 2780 1856 2830 p.
1894 2767 1977 2818 36.

1616 2843 1699 2889 25.
1737 2842 1819 2891 26.
1856 2842 2078 2908 mmm]
2115 2841 2275 2891 «dum
2299 2843 2497 2891 stratus
2520 2844 2604 2892 est

1551 2916 1605 2964 in
1658 2915 1881 2965 herba.»
1937 2942 1993 2952 —
2047 2915 2381 2978 aleis-ripis]
2431 2914 2599 2974 Altae,

1553 2988 1830 3050 excelsae,
1882 2990 2028 3053 ripae
2081 2991 2300 3053 propter
2345 2989 2507 3037 flores
2549 2990 2605 3038 et

1549 3062 1792 3125 virgulta,
1820 3062 2015 3127 quibus
2037 3064 2259 3113 vestitae
2278 3065 2417 3119 sunt,
2439 3062 2603 3112 etiam

1551 3139 1773 3201 propter
1834 3151 1997 3201 rupes
2070 3139 2436 3201 prominentes
2502 3149 2602 3185 ne-

1553 3212 1665 3261 scio
1700 3212 1828 3274 quid
1862 3211 2064 3261 habent
2095 3213 2226 3275 grati
2262 3211 2329 3260 ad
2380 3223 2603 3260 sensum

1552 3286 1920 3345 amoenitatis;
1983 3285 2106 3336 nihil
2162 3287 2344 3335 contra
2402 3284 2602 3333 tristius

1552 3362 1774 3423 aspectu
1796 3361 1925 3424 ripis
1949 3360 2229 3409 fluminum
2253 3355 2606 3419 marginibus—

1554 3447 1659 3497 que
1694 3434 1931 3482 rivorum
1967 3432 2268 3495 depressiS‚
2307 3428 2508 3479 ulvosis
2538 3441 2601 3478 ac

1551 3505 1837 3571 paludosis.
1908 3507 1973 3555 Et
1995 3517 2156 3567 quam
2183 3505 2423 3553 contorta
2446 3514 2604 3565 prae-

1553 3583 1702 3630 terea
1754 3580 1838 3629 est
1882 3577 2048 3628 altera
2094 3575 2250 3627 lectio
2295 3576 2411 3624 altis
2447 3576 2603 3638 (pro-

1553 3652 1759 3713 fundis)
1815 3652 1942 3700 rivis
1995 3649 2234 3700 labuntur
2286 3650 2484 3710 aquae!
2544 3673 2598 3684 —

1553 3726 1806 3790 Exempla
1839 3728 2020 3775 autem
2069 3738 2100 3774 a
2148 3725 2248 3774 Fea
2299 3722 2452 3773 allata
2495 3735 2603 3772 non

1549 3800 1805 3864 probant,
1861 3798 2005 3861 quod
2040 3796 2126 3847 ille
2160 3798 2445 3861 probatum
2480 3796 2599 3857 ivit,

1550 3874 1680 3923 altos
1716 3874 1853 3922 rivos
1884 3884 1982 3935 pro
2014 3872 2139 3920 rivis
2172 3870 2236 3919 ab
2270 3871 2386 3919 altis
2416 3871 2604 3920 monti-

1550 3946 1641 3996 bus
1684 3945 2006 4010 defluentibus
2046 3944 2148 3994 dici
2201 3957 2377 4007 posse.
2430 3943 2597 3994 Codd.

1550 4021 1682 4071 item
1717 4019 2000 4069 auctoritas
2036 4018 2248 4068 nostrae
2284 4015 2407 4067 lect.
2442 4017 2599 4068 favet.

1557 4122 1610 4130 —
1652 4092 1965 4155 Queruntur]
2011 4092 2095 4142 Sic
2137 4087 2458 4162 μύρεσθαι,
2502 4108 2603 4155 μι-

1551 4168 1827 4237 νυρίζειν,
1901 4165 1969 4216 de
2027 4165 2241 4218 avibus:
2388 4166 2399 4178 ⁶

1551 4244 1700 4301 nunt,
1740 4244 1797 4291 ut
1831 4241 1983 4303 queri
2000 4240 2299 4300 videantur,
2338 4239 2603 4304 imprimis
