3234 4975
1244 370 1364 420 un.
1404 371 1464 419 ll.
1536 372 1594 419 C.
1635 370 1718 419 111.

966 525 1215 590 Divitiis
1260 526 1542 612 potietur
1584 525 1796 592 heres,

2500 366 2612 433 23⁴

2540 527 2624 591 ΞΟ

801 683 1081 749 Dives-ne
1127 684 1342 770 prisco
1387 692 1574 749 natus
1620 683 1702 750 ab
1749 684 2011 759 Inacho,

796 802 892 868 Nil
940 804 1227 879 interest,
1277 824 1358 869 an
1403 824 1655 891 pauper
1701 815 1763 870 et
1807 804 2022 870 infima

881 927 977 991 De
1021 936 1211 1012 gente
1256 923 1378 991 sub
1423 924 1573 990 divo
1624 926 1926 1001 moreris,

965 1046 1231 1112 Victima
1275 1044 1362 1110 nil
1408 1044 1771 1112 miserantis
1816 1048 1989 1114 Orci.

798 1206 1041 1271 Omnes
1087 1203 1321 1269 eodem
1365 1205 1691 1291 cogimur,
1740 1205 2030 1270 omnium

2543 1207 2625 1271 25

796 1327 1101 1392 Versatur
1144 1346 1309 1391 urna
1355 1324 1567 1391 serius
1612 1325 1796 1392 ocius

881 1446 1038 1512 Sors
1084 1446 1333 1513 exitura
1378 1456 1442 1512 et
1488 1466 1605 1511 nos
1653 1446 1716 1510 in
1762 1457 2097 1513 aeternum

528 1655 609 1703 ἢ.
646 1654 783 1703 Nihil
803 1654 858 1703 T.
887 1681 939 1689 -
966 1653 1048 1703 23.
1075 1654 1158 1702 dio
1181 1654 1237 1714 Β,
1265 1654 1345 1703 Ct.
1372 1680 1425 1689 —
1451 1653 1533 1702 26.
1560 1666 1698 1703 unta
1718 1658 1766 1703 et
1784 1654 1943 1704 sorim
1964 1655 2016 1712 S,
2043 1653 2190 1705 solus
2213 1656 2353 1705 inter
2387 1667 2557 1705 meos,

457 1838 671 1902 antiqua
706 1839 875 1889 forma
911 1840 1096 1888 lavere.
1126 1866 1183 1874 —-
1210 1837 1372 1888 Villae
1409 1850 1510 1887 au·
1582 1838 1670 1887 ⁴9:
1702 1832 1938 1902 Ἀφνεὸς
1973 1835 2242 1911 πενιχρός
2277 1854 2336 1890 τε
2369 1840 2626 1892 θάνατον

458 1915 567 1962 tem
601 1914 823 1977 propter
845 1913 1078 1963 Tiberim
1113 1913 1245 1963 sitae
1269 1912 1339 1963 ob
1365 1925 1510 1962 com-

460 1990 668 2110 ati—affl
702 1986 1009 2038 facilitatem
1043 1988 1222 2051 magni
1254 1988 1508 2037 aestima-

526 2171 603 2221 49.
621 2172 1124 2236 exstructis-Divitiis]
1143 2172 1379 2221 «acervis
1393 2172 1508 2220 auri

456 2247 789 2310 argentique,
836 2260 1116 2306 vasorum,
1160 2247 1324 2296 vestis
1369 2248 1510 2296 stra-

457 2320 608 2385 gulae
643 2325 745 2372 cet.
783 2320 1179 2372 accumulatis.»
1233 2322 1319 2371 Sic
1349 2333 1510 2384 auge-

456 2400 543 2447 tur
574 2396 852 2460 splendida
887 2409 1051 2460 opum
1084 2398 1289 2459 imago;
1327 2409 1504 2459 neque

456 2471 824 2535 accipiendum
849 2470 916 2522 de
947 2472 1075 2536 ipsis
1098 2470 1232 2523 villis
1255 2483 1319 2521 ac
1342 2470 1504 2521 domo

458 2546 684 2608 urbana,
718 2560 851 2610 quas
875 2546 1133 2597 heredem
1156 2559 1329 2609 aeque
1352 2559 1507 2596 secu-

456 2624 538 2671 tas
573 2634 693 2671 esse
730 2635 828 2685 per
861 2634 920 2672 se
958 2619 1272 2684 intelligitur.
1333 2621 1503 2670 Etiam

456 2696 561 2745 Sat.
600 2695 659 2756 2,
716 2695 776 2754 3,
831 2695 911 2744 96.
968 2695 1096 2745 dixit
1144 2695 1346 2744 divitias
1381 2708 1504 2743 con-

454 2774 660 2818 struere.

519 2881 600 2929 24.
638 2880 837 2943 Inacho]
876 2880 1090 2930 «Utrum
1124 2878 1209 2929 vel
1244 2880 1503 2943 antiquis-

457 2954 590 3003 sima
623 2954 787 3016 stirpe
823 2956 970 3003 ortus
1006 2955 1097 3013 sis,
1135 2957 1210 3014 ut,
1246 2957 1393 3017 puta,
1432 2955 1500 3004 ab

457 3027 649 3077 inacho
684 3026 787 3086 illo,
825 3028 1001 3091 prisco
1036 3029 1352 3090 Argivorum
1374 3043 1501 3093 rege

457 3103 593 3151 cet.»
639 3102 779 3164 Virg.
818 3105 949 3151 Aen.
972 3103 1047 3162 -7,
1095 3102 1220 3152 37⁴:
1271 3103 1339 3152 Et
1375 3105 1505 3154 Tur-

454 3191 547 3236 no,
600 3177 642 3225 si
680 3178 855 3238 prima
897 3177 1072 3225 doum-3
1104 3182 1364 3239 repetatur
1395 3180 1504 3228 ori-

453 3264 545 3313 9⁰,
580 3251 794 3301 Inachus
814 3251 1130 3312 Acrisiusque
1150 3257 1342 3314 patres,
1385 3255 1504 3303 «Dt-

450 3337 535 3375 vcs
566 3327 747 3375 autem
780 3324 865 3376 vel
898 3324 1048 3385 ideo,
1089 3326 1235 3389 quod
1268 3341 1333 3377 ex
1366 3329 1505 3377 anti-

453 3400 711 3462 quissima
758 3402 814 3450 et
846 3400 1172 3452 nobilissima
1207 3404 1364 3464 gente
1404 3403 1505 3453 de-

452 3473 685 3524 scendis.
701 3493 725 3519 n
794 3476 914 3526 Vim
959 3476 1226 3540 poeticam
1270 3476 1504 3541 infrege-

453 3551 593 3610 runt,
620 3549 711 3612 qui
735 3550 1108 3599 coniecerunt:
1147 3551 1374 3612 Divesne,
1392 3553 1505 3614 pri-

451 3635 532 3671 sco
565 3628 611 3673 et
642 3629 820 3682 ηαιαες
859 3624 990 3674 item
1012 3624 1275 3685 Bosscha,
1311 3639 1506 3691 propo-

454 3709 617 3747 nens:
682 3698 923 3759 Divesne,
983 3699 1155 3761 prisco
1220 3704 1371 3749 natus
1435 3715 1503 3749 an

452 3772 650 3820 Inacha.
678 3774 908 3824 Inachus
926 3775 1107 3823 autem
1130 3774 1339 3837 priscae
1364 3776 1502 3824 vitae

453 3845 723 3907 quoddam
742 3847 897 3909 quasi
918 3848 1193 3910 specimen
1211 3851 1327 3898 erat
1342 3850 1502 3899 etiam

453 3918 595 3982 apud
641 3921 887 3971 Graecos.
949 3921 1055 3972 Cfr.
1102 3922 1277 3973 Schol.
1313 3924 1499 3974 Venet.

453 3992 520 4042 ad
545 3993 808 4057 Aristoph.
829 3997 949 4045 Pac.
971 3996 1084 4047 53⁴.
1118 4024 1172 4032 —
1199 4011 1269 4046 an
1284 3999 1502 4064 pauper]

454 4068 546 4119 lob
591 4069 650 4128 3,
707 4070 1046 4121 ⁴9:1³amus
1087 4077 1133 4123 et
1176 4087 1394 4137 mamm
1436 4075 1505 4123 ibi

455 4144 524 4208 (in
573 4143 726 4206 Orco)
772 4146 1009 4207 aequales
1050 4152 1189 4207 sunt,
1243 4153 1290 4197 et
1336 4161 1508 4199 servus

1580 1908 1739 1983 πάρα
1772 1910 1947 1979 Θαμὰ
1985 1916 2229 1966 νέονται.

1645 1988 1727 2038 23.
1797 1989 1888 2039 sub
1951 1990 2088 2054 divo]
2155 1990 2247 2039 Est
2301 1991 2626 2040 Graecorum

1579 2057 1890 2133 ὑπαίθριον
1929 2061 2203 2114 διατελεῖν
2239 2061 2439 2113 Philon.
2501 2066 2622 2126 Leg.

1580 2136 1650 2185 ad
1694 2138 1880 2188 Caium
1921 2150 1976 2202 p.
2017 2139 2128 2189 400.
2166 2138 2339 2201 Lips.;
2386 2138 2439 2187 in
2479 2150 2624 2201 pros.

1580 2211 1712 2260 orat.
1775 2212 1907 2261 «hac
1948 2211 2068 2262 luce
2111 2211 2329 2271 fruaris,
2383 2212 2438 2261 in
2471 2211 2628 2261 terris

1577 2288 1926 2336 verseris.»—
1944 2286 2172 2349 moreris]
2194 2286 2302 2336 Cic.
2321 2285 2389 2335 de
2407 2297 2521 2335 sen.
2534 2284 2624 2335 23:

1579 2359 1936 2409 Commorandi
1967 2366 2161 2410 natura
2182 2360 2520 2410 deversorium
2539 2373 2628 2409 no-

1577 2433 1675 2496 bis,
1711 2449 1814 2484 non
1844 2435 2103 2484 habitandi
2136 2434 2299 2483 locum
2331 2434 2477 2483 dedit.

1644 2508 1726 2559 24.
1762 2510 1838 2558 nil
1857 2509 2156 2573 miserantis]
2183 2508 2397 2559 Hesiod.
2425 2508 2621 2572 Theog.

1579 2581 1694 2632 456.
1712 2583 1780 2634 de
1794 2585 1959 2634 Orco:
2001 2582 2199 2648 νηλεὲς
2216 2574 2361 2653 ἦτορ
2384 2577 2555 2642 ἔχων.

1643 2659 1725 2706 25.
1762 2658 2008 2721 coyimur]
2045 2658 2260 2720 «Gregis
2293 2659 2459 2708 instar
2479 2669 2628 2707 com-

1577 2730 1849 2794 pellimur,
1897 2728 2303 2797 συναγόμεθα,
2341 2744 2505 2781 aurea
2541 2730 2626 2781 illa

1576 2806 1822 2856 Mercurii
1855 2802 2263 2871 ψυχοπομποῦ
2292 2806 2491 2868 virga.»

1641 2883 1724 2931 26.
1761 2882 1843 2930 27.
1889 2882 2126 2931 Versatur
2156 2881 2307 2945 uma]
2335 2880 2622 2943 Cogitanda

1576 2956 1879 3008 Necessitas
1896 2955 2015 3017 dea,
2037 2956 2245 3024 Μοῖρα,
2265 2955 2621 3026 Εἱμαρμένη,

1576 3042 1716 3093 quae
1732 3043 1922 3080 urnam
1941 3031 2103 3090 tenet,
2131 3031 2182 3080 in
2206 3043 2367 3094 quam
2386 3031 2626 3080 omnium

1576 3104 1856 3154 hominum
1912 3107 2086 3154 sortes
2148 3106 2419 3154 coniectae
2475 3106 2621 3165 sunt,

1579 3190 1849 3241 quamque
1861 3178 2192 3229 continenter
2201 3185 2386 3240 versat,
2404 3174 2622 3237 πάλλει,

1576 3253 1761 3315 quatit.
1851 3253 1963 3302 Iam
2030 3253 2181 3303 cuius
2247 3266 2444 3303 nomen
2502 3252 2626 3303 inde

1575 3327 1682 3376 exit
1715 3328 1835 3390 (hoc
1867 3339 1920 3375 v.
1957 3330 2232 3391 proprium
2267 3328 2334 3378 de
2369 3330 2512 3378 sorte
2560 3340 2626 3376 ex

1575 3416 1710 3452 urna
1764 3400 2095 3465 exsiliente),
2155 3404 2279 3453 huic
2335 3399 2490 3452 fatale
2541 3403 2625 3451 est

1578 3476 1733 3526 mori.
1793 3475 1887 3526 Od.
1927 3476 1987 3534 3,
2027 3478 2085 3537 4,
2124 3478 2214 3527 46;
2267 3476 2421 3525 Οηιηο
2452 3488 2627 3536 capam

1575 3557 1738 3601 movet
1779 3565 1917 3600 arna
1959 3563 2152 3600 nomen.
2224 3551 2425 3599 Seneca
2462 3550 2619 3599 Herc.

1578 3625 1679 3675 fur.
1719 3627 1805 3675 494
1831 3640 1842 3674 ;
1880 3627 2069 3688 Recipit
2095 3624 2306 3687 populos
2337 3637 2472 3672 urna
2492 3622 2625 3672 cita-

1577 3707 1668 3752 tos.
1721 3704 1847 3752 Stat.
1876 3702 1996 3752 Silv.
2025 3704 2074 3761 2,
2114 3702 2161 3762 4,
2199 3700 2311 3750 2⁴9.
2351 3698 2496 3749 idem
2520 3700 2626 3758 ,tri-

1577 3777 1760 3827 buitur
1781 3779 1981 3827 Aeaco:
2007 3775 2187 3824 ibirnus
2207 3787 2390 3835 omnes,
2413 3773 2625 3824 Ibirnas:

1576 3852 1828 3900 immensis
1859 3864 2046 3900 urnam
2079 3850 2245 3910 quatit
2263 3849 2455 3898 Aeacus
2474 3848 2620 3899 ulnis.

1583 3952 1639 3961 —-
1664 3926 1824 3974 serius
1856 3924 2017 3987 ocius]
2052 3922 2199 3973 ovid.
2238 3924 2359 3975 Met.
2402 3924 2494 3984 40,
2531 3922 2621 3973 33;

1580 4000 1763 4049 Omma
1824 3998 2058 4048 deborram·
2112 3997 2252 4048 vobis
2295 3997 2627 4060 patellamque

1579 4075 1767 4125 morati
1800 4074 1972 4123 Serius
2005 4078 2097 4122 am
2132 4073 2278 4123 citius
2306 4074 2469 4123 sedem
2495 4086 2626 4134 pro-

1571 4161 1817 4213 peramus
1870 4148 1939 4196 ad
1984 4161 2170 4206 “nanu
2230 4148 2489 4198 Tendimus
2533 4147 2627 4195 huc

451 4218 575 4270 liber
608 4233 641 4268 a
676 4220 877 4270 domino
909 4234 1015 4271 suo.
1089 4220 1235 4272 pind.
1274 4223 1425 4275 Nem.
1453 4225 1503 4286 7,
1581 4236 1764 4274 omnes.
1809 4249 1862 4258 -
1902 4223 2109 4273 Recita:
2157 4223 2345 4274 aetern'
2377 4220 2621 4271 Exilium.
