3234 4975
1270 400 1387 449 ΗΒ.
1420 399 1505 448 Ill.

1578 397 1638 449 c,
1676 399 1758 467 ill.
2478 396 2603 461 353

772 553 1071 620 Mercede
1116 564 1304 641 pacta
1347 552 1746 627 Laomedon,
1797 552 1948 618 mihi

865 676 1227 763 Castaeque
1272 674 1644 740 damnatum
1690 674 2013 739 Minervae

943 797 1103 862 Cum
1147 794 1389 883 populo
1433 806 1498 862 et
1540 794 1709 861 duce
1755 794 2180 862 fraudulento.

773 957 906 1019 lam
950 973 1072 1020 nec
1116 954 1451 1020 Lacaenae
1498 952 1797 1040 splendet
1841 952 2172 1019 adulterae

777 1077 1092 1141 Famosus
1137 1074 1377 1161 hospes
1421 1094 1544 1141 nec
1588 1074 1823 1140 Priami
1868 1073 2101 1140 domus

866 1196 1133 1262 Periura
1176 1215 1507 1282 pugnaces
1551 1194 1830 1262 Achivos

948 1316 1286 1383 Hectoreis
1331 1315 1565 1403 opibus
1609 1315 1927 1402 refringit,

579 1497 660 1548 23.
702 1498 997 1547 damnatam
1027 1493 1264 1546 malebat
1295 1493 1463 1546 Bentl.
1508 1522 1563 1532 —
1599 1494 1682 1543 27.
1719 1494 1903 1543 Peiura
1934 1494 1991 1543 T.

443 1655 615 1706 CLXX
641 1682 695 1691 -
722 1654 980 1706 CLXXVI.
1007 1692 1018 1714 ,
1092 1653 1294 1704 Paridis
1359 1653 1493 1702 iudi-

443 1730 584 1779 cium
618 1730 670 1779 in
705 1726 1005 1791 anaglypho
1039 1726 1181 1791 a'pud
1205 1726 1492 1790 lnghirami

444 1803 558 1853 Gal.
596 1804 703 1852 Om.
745 1804 782 1852 1.
820 1803 876 1851 T.
915 1802 964 1851 9.

506 1878 563 1926 2⁴
578 1876 720 1926 —23.
758 1877 815 1925 In
829 1875 1104 1940 pulverem]
1129 1873 1273 1925 Iliad.
1299 1892 1340 1935 ι,
1365 1874 1490 1925 393;

446 1947 613 2000 πόλιν
666 1947 728 2000 δέ
782 1962 846 1998 τε
900 1949 1013 2019 πῦρ
1067 1942 1375 2014 ἀμαθύνει.
1433 1976 1488 1984 -

444 2039 511 2075 ex
539 2024 652 2089 quo]
691 2025 866 2088 Haupt
897 2023 1009 2073 volt
1041 2037 1107 2072 az:
1139 2038 1271 2086 ραας
1308 2038 1374 2074 av
1396 2035 1495 2084 quo

446 2098 737 2162 significat:
799 2098 938 2147 «iam
981 2097 1106 2148 inde
1154 2112 1220 2148 ex
1253 2111 1318 2149 eo
1354 2101 1495 2148 tem-

447 2186 576 2237 pore
596 2210 608 2233 ,
686 2185 793 2235 quo
843 2172 1077 2236 primum
1128 2171 1272 2221 fraus
1323 2170 1407 2221 illa
1465 2184 1494 2220 a

450 2245 810 2296 Laomedonte
847 2246 1136 2295 commissa
1171 2247 1282 2306 est,
1319 2245 1494 2308 gravis

446 2319 573 2370 ultio
607 2321 791 2369 Troiae
840 2318 1180 2380 imminebat,
1234 2332 1374 2382 quae
1410 2332 1498 2368 ca-

446 2394 651 2445 lamitas
687 2394 906 2443 tandem
947 2396 1070 2456 post
1113 2392 1353 2442 ultimam
1393 2395 1499 2442 Pa-

445 2469 574 2519 ridis
624 2467 837 2532 culpam
891 2479 1012 2517 eam
1057 2466 1291 2517 afflixit.»
1360 2469 1498 2518 Lao-

450 2543 646 2594 medon
682 2542 888 2593 scilicet
919 2543 1224 2604 Neptunum
1261 2543 1316 2591 et
1346 2540 1501 2605 Apol-

446 2616 637 2677 linem,
710 2618 800 2679 qui
854 2614 1001 2663 urbis
1051 2615 1263 2664 moenia
1315 2616 1363 2664 ei
1404 2628 1501 2663 ex-

448 2692 785 2746 struxerant,
841 2686 1022 2736 debita
1067 2688 1322 2738 mercede
1363 2687 1503 2737 frau-

449 2766 594 2815 davit
627 2775 829 2824 eosque
866 2774 1031 2823 regno
1067 2760 1281 2825 expulit.
1354 2760 1498 2812 Iliad.

446 2855 494 2902 φ
515 2876 530 2898 ,
554 2838 670 2889 442.
706 2836 854 2887 Pind.
883 2834 959 2885 Ol.
986 2836 1017 2885 8
1035 2874 1046 2893 ,
1073 2835 1155 2884 3⁴.
1194 2836 1343 2885 Ovid.
1370 2837 1497 2886 Met.

450 2915 530 2976 Η,
571 2912 682 2962 499.
725 2935 782 2947 —-
819 2908 1061 2972 destituit]
1099 2909 1262 2960 Nobis
1286 2909 1502 2974 proprie

450 2989 626 3038 esset:
689 3000 816 3035 «von
849 2986 960 3034 dem
993 2984 1308 3047 bedunqenen
1340 2984 1504 3033 Lohno

449 3061 847 3124 hinweqstetlte.»
887 3061 948 3111 Ut
963 3059 1068 3119 hic,
1097 3059 1205 3108 Cic.
1225 3072 1324 3123 pro
1343 3060 1497 3108 Rosc.

449 3139 566 3185 Am.
603 3135 700 3186 40:
758 3136 975 3184 homines
1023 3134 1383 3183 honestissinm
1410 3160 1440 3170 -
1472 3160 1503 3169 -

451 3210 669 3271 decepit,
706 3210 940 3259 destituit.
973 3235 1026 3245 -—
1078 3207 1376 3272 Castaque]
1402 3208 1502 3258 Mi-

450 3296 616 3333 nerva
647 3296 865 3346 semper
897 3284 1113 3344 innupta
1148 3283 1294 3346 (Aen.
1321 3284 1372 3343 2,
1398 3281 1499 3343 3⁴.)

450 3359 830 3421 praeterquam
866 3359 918 3406 in
947 3358 1154 3407 arcanis
1176 3355 1499 3421 quibusdam

450 3428 690 3496 μύθοις,
744 3434 803 3481 ut
853 3431 904 3479 in
957 3430 1042 3480 illo
1090 3431 1157 3481 de
1205 3427 1335 3503 ἱερῷ
1384 3432 1499 3480 eius

450 3500 619 3570 γάμῳ
671 3517 796 3553 cum
831 3502 1079 3552 Hercule.
1125 3504 1365 3555 Ger-hard
1399 3506 1503 3556 Va-

450 3593 663 3642 senqem.
701 3579 758 3627 Τ.
793 3577 875 3626 36.
911 3590 966 3639 p.
995 3576 1108 3627 ⁴42.

517 3652 600 3702 24.
647 3653 770 3701 duce
799 3648 1147 3714 fraudulento]
1184 3651 1352 3701 Nolim
1375 3664 1501 3702 cum

453 3724 568 3776 aliis
603 3724 867 3789 explicare
902 3724 970 3774 de
995 3725 1222 3784 Priam0,
1259 3737 1385 3787 rege
1420 3726 1504 3774 in-

454 3804 609 3852 sonte
632 3816 644 3860 ;
682 3801 750 3850 ita
780 3801 923 3851 enim
946 3801 1076 3849 Iuno
1103 3799 1263 3847 nimia
1287 3799 1503 3849 iracun-

454 3874 540 3925 dia
572 3877 734 3937 atque
770 3874 891 3924 odio
926 3873 1150 3936 abrepta
1185 3871 1500 3935 fingeretur;

452 3948 552 4000 sed
604 3961 704 4013 per
769 3947 1041 4012 quandam
1109 3944 1501 4016 βραχυλογίαν

454 4023 655 4074 dictum
688 4026 818 4087 puto
868 4037 968 4087 pro
1019 4023 1137 4072 his:
1194 4020 1352 4071 «Ilion
1402 4020 1501 4069 da-

453 4101 697 4148 mnatum
730 4102 925 4149 cuncto
958 4111 1085 4149 cum
1118 4095 1341 4161 populo,
1381 4094 1501 4144 ideo

383 4185 390 4190 ·
453 4172 597 4236 quod
633 4172 742 4223 dux
792 4174 937 4234 eius,
998 4170 1302 4222 Laomedon
1326 4208 1338 4232 ,
1391 4171 1499 4219 tam

453 4246 820 4297 fraudulentus
870 4245 992 4306 ruit,
1045 4247 1098 4296 in
1133 4258 1295 4309 quem
1331 4257 1499 4294 unum

624 4340 805 4383 Hom-r.
843 4349 950 4383 voi..
986 4338 1000 4381 Ι
1073 4349 1149 4385 ει).
1185 4347 1338 4382 aaron
1373 4334 1441 4381 nl.

1564 1651 1755 1702 recidit
1788 1652 1977 1702 excidii
2000 1652 2257 1703 Troianae
2280 1652 2429 1702 urbis
2461 1652 2617 1717 culpa

1566 1727 1741 1776 omnis
1775 1728 1936 1790 atque
1982 1728 2318 1790 ignominia.»
2388 1729 2464 1777 Ita
2508 1728 2619 1778 fere

1566 1800 1674 1850 iam
1708 1799 2018 1851 Lambinus.

1630 1875 1714 1924 25.
1751 1875 2028 1940 Lacaenae]
2065 1873 2462 1940 Simplicissima
2488 1877 2622 1925 ratio

1568 1950 1677 2009 est,
1714 1952 1775 1998 ut
1808 1951 2216 1999 construamus:
2265 1950 2438 2010 hospes
2469 1950 2622 1999 adul—

1566 2028 1704 2073 terae
1735 2025 1999 2073 Lacaenae
2034 2022 2229 2087 (genit.)
2251 2062 2264 2082 ,
2316 2037 2426 2072 non
2457 2036 2618 2075 vero:

1565 2097 1784 2159 splendet
1804 2097 2062 2147 adnatet-ae
2098 2097 2313 2161 (dativ.),
2352 2096 2498 2161 quod
2523 2111 2621 2148 ex-

1566 2171 1798 2236 plicant,
1872 2174 2065 2223 «iactat
2113 2184 2172 2222 se
2223 2170 2509 2236 pulchrum
2560 2186 2626 2223 ac

1569 2246 1795 2295 nitidum
1818 2245 2050 2296 Helenae
2073 2260 2119 2305 3»
2155 2245 2273 2296 vel:
2315 2245 2625 2297 «adulterae

1568 2322 1792 2383 propter
1842 2320 2084 2383 corporis
2132 2319 2360 2370 formam
2396 2319 2624 2383 placet.»

1570 2393 1830 2455 Splmtdet,
1908 2396 1967 2443 ut
2018 2404 2119 2443 nos
2175 2394 2591 2457 interpretamur
2612 2433 2624 2456 ,

1573 2464 1816 2517 absolute
1867 2468 1983 2518 est:
2044 2480 2181 2517 «non
2233 2468 2340 2518 iam
2385 2467 2629 2532 superbit

1574 2542 1813 2604 corporis
1850 2541 2018 2592 forma
2054 2543 2251 2591 Paris.»
2333 2540 2629 2612 Τραγικώ-

1572 2629 1749 2665 varon
1798 2617 1980 2665 autem
2028 2615 2095 2664 de
2154 2615 2357 2666 Paridis
2415 2617 2629 2667 interitu

1573 2686 1769 2753 μῦθον
1785 2689 1863 2739 sic
1882 2690 2094 2738 enarrat
2110 2687 2359 2738 Welcker
2372 2703 2452 2753 φη
2476 2690 2627 2753 Traq.

1577 2759 1757 2825 Suppl.
1813 2763 1874 2811 11.
1929 2763 2014 2811 111.
2067 2773 2123 2825 p.
2178 2760 2339 2811 ⁴⁴46:
2403 2763 2550 2812 Paris
2599 2777 2631 2812 a

1575 2834 1866 2886 Philocteta
1915 2836 2183 2886 sauciatus
2226 2836 2294 2885 ad
2341 2836 2628 2899 Oenonen,

1577 2924 1743 2974 quam
1776 2911 1924 2974 prius
1958 2910 2234 2960 amaverat
2266 2923 2513 2975 quaeque
2564 2926 2633 2963 ex

1577 2987 1806 3036 fatorum
1850 2985 2073 3035 decreto
2124 2984 2235 3035 sola
2279 2999 2403 3036 eum
2438 2999 2630 3037 sanare

1574 3061 1815 3124 poterat,
1866 3059 2131 3121 confugit,
2181 3058 2278 3109 sed
2329 3058 2398 3109 ab
2435 3074 2500 3111 ea
2535 3073 2630 3111 su-

1575 3134 1746 3198 perbe
1803 3134 2037 3184 reiectus
2095 3135 2351 3194 moritur;
2432 3135 2627 3185 deinde

1576 3208 1695 3270 illa,
1749 3206 2074 3271 poenitentia
2130 3210 2301 3268 tacta,
2361 3208 2464 3259 sibi
2512 3211 2627 3273 ipsa

1576 3285 1809 3332 mortem
1844 3282 2143 3331 consciscit.
2233 3281 2339 3332 Cfr.
2376 3284 2623 3333 Parthen.

1575 3358 1726 3407 Narr.
1765 3355 1814 3407 4.
1856 3357 2077 3416 Quintus
2113 3356 2220 3405 Sm.
2262 3355 2351 3415 ⁴0,
2389 3355 2504 3406 235.

1641 3431 1722 3481 28.
1758 3428 2018 3493 refringit]
2056 3442 2136 3492 pr.
2178 3429 2276 3476 «ita
2318 3428 2532 3491 frangit,
2573 3433 2631 3481 ut

1575 3503 1771 3555 fractus
1806 3514 2079 3564 nunquam
2114 3514 2173 3551 se
2209 3499 2418 3563 colligat
2450 3514 2514 3551 ac
2535 3515 2628 3552 re-

1575 3580 1791 3640 surgat3
1829 3576 2091 3639 reprimit,
2128 3574 2413 3623 retundit.»
2466 3576 2622 3640 Prop.

1574 3653 1630 3714 3,
1669 3653 1729 3713 3,
1768 3650 1864 3701 44:
1926 3650 2214 3699 Teutonicas
2246 3650 2407 3697 Roma
2436 3649 2626 3711 refrin-

1572 3731 1663 3790 ραι
1695 3738 1823 3787 opes,
1894 3726 2126 3786 Utroque
2162 3723 2343 3771 autem
2376 3721 2625 3775 membro

1574 3799 1760 3850 Troiae
1784 3798 2049 3848 excidium
2067 3791 2427 3867 παραφράζει
2443 3800 2620 3861 poeta,

1574 3870 1786 3922 duobus
1795 3873 2141 3922 Troianorum
2157 3871 2482 3935 principibus
2499 3874 2625 3924 viris

1575 3947 1653 3996 sic
1703 3947 2045 3995 memoratis:
2117 3945 2468 3996 «occiderunt
2517 3948 2624 3998 iam

1578 4017 1843 4069 formosus
1888 4018 1973 4068 ille
2006 4020 2183 4080 Paris,
2242 4018 2365 4070 belli
2399 4022 2585 4071 auctor
2606 4059 2618 4083 ,

1575 4092 1894 4142 fortissimus
1914 4094 2124 4155 Hector,
2152 4096 2401 4145 strenuus
2417 4096 2620 4159 patriae

1575 4165 1855 4226 defensor3
1900 4169 2058 4231 atque
2094 4168 2175 4219 his
2210 4183 2240 4220 e
2276 4169 2455 4221 medio
2488 4168 2623 4238 sub-

1573 4241 1692 4292 latis
1726 4241 1918 4293 cecidit
1949 4243 2154 4294 Troia.»

2224 4335 2279 4379 23
