3234 4975
602 367 726 432 484

1377 367 1637 417 HORATu
1672 366 2006 417 CARMINUM

940 526 1151 610 Cogor
1196 520 1485 588 relictos:
1537 541 1819 607 namque
1867 519 2217 605 Diespiter,
2732 518 2770 578 ὅ

938 645 1069 732 igni
1117 664 1391 709 corusco
1437 640 1654 707 nubila
1701 640 1998 707 dividens

1020 763 1445 851 Plerumque,
1494 784 1614 850 per
1657 784 1891 849 purum
1937 772 2232 828 tonantes

1108 886 1249 974 Egit
1293 906 1501 973 equos
1544 883 2008 971 volucremque
2053 904 2345 953 currum.

938 1047 1082 1124 Quo
1127 1044 1315 1110 bruta
1358 1040 1547 1110 tellus
1592 1054 1658 1110 et
1705 1064 1867 1131 vaga
1927 1041 2220 1117 flumina,

728 1238 777 1285 5.
814 1234 1018 1285 relecto-s
1050 1246 1175 1284 cum
1209 1233 1268 1283 N.
1309 1233 1521 1284 Heinsio
1556 1232 1627 1283 ad
1661 1232 1811 1283 Ovid.
1850 1233 1973 1283 Met.
2013 1232 2071 1291 8,
2113 1230 2224 1281 473.
2265 1230 2432 1282 Bentl.
2472 1259 2522 1266 -—
2553 1232 2599 1279 7.
2629 1236 2710 1280 co·

663 1310 836 1359 nantis
867 1308 923 1358 T.

601 1478 826 1537 tionem,
876 1489 1014 1540 quae
1059 1474 1285 1524 deorum
1328 1474 1436 1524 vim
1482 1488 1652 1537 agno-

600 1564 754 1601 scere
788 1564 852 1600 ac
885 1552 971 1614 pie
1002 1548 1178 1599 colere
1203 1562 1301 1599 nos
1324 1548 1502 1608 iubet,
1548 1550 1650 1598 ita-

600 1638 706 1689 que
751 1625 944 1689 (priore
990 1623 1178 1673 erroris
1216 1623 1444 1685 imagine
1478 1623 1649 1685 magis

600 1700 759 1749 etiam
780 1697 1053 1762 explicata)
1069 1711 1229 1760 cogor
1247 1696 1424 1747 denuo
1444 1698 1650 1759 ingredi

599 1786 838 1832 cursum,
874 1784 1038 1836 quem
1061 1770 1436 1834 reliqueram.»
1487 1772 1650 1833 (ailoe

600 1847 727 1897 dicit
759 1849 943 1910 poeta,
995 1860 1053 1897 se
1089 1848 1233 1895 retro
1268 1846 1544 1908 navigare,
1591 1848 1652 1894 ut

600 1923 652 1971 in
686 1924 918 1981 rectam,
957 1934 1117 1984 quam
1153 1923 1308 1970 antea
1336 1922 1543 1971 temere
1567 1933 1653 1969 re-

601 1994 854 2059 liquerat,
890 1994 1033 2045 viam
1057 1994 1246 2044 redeat
1268 1996 1428 2056 atque
1453 1993 1648 2043 deinde

600 2071 779 2121 denuo
813 2083 936 2120 eam
968 2071 1382 2134 persequatur.»
1441 2068 1649 2130 Reum.)

601 2145 800 2196 Heinsii
850 2143 1176 2207 Bentleiique
1234 2144 1371 2193 coni.
1424 2142 1652 2206 probata

602 2220 763 2270 etiam
810 2232 841 2267 a
887 2217 1191 2268 Marklando
1242 2216 1312 2267 ad
1362 2218 1489 2266 Stat.
1525 2229 1646 2280 pag.

600 2292 717 2343 283.
743 2292 958 2353 Dresd.,
992 2293 1181 2341 iterare
1208 2290 1427 2351 relecto-3,
1461 2288 1650 2340 falsam

601 2366 830 2431 praebet
878 2367 1197 2417 sententiam
1219 2403 1231 2426 ,
1292 2377 1417 2414 cum
1464 2364 1654 2413 iterare

601 2442 806 2492 retectos
836 2454 1011 2492 cursus
1049 2439 1175 2491 nihil
1210 2439 1352 2490 aliud
1387 2439 1454 2490 sit
1487 2450 1652 2503 quam

601 2516 821 2579 relegere
851 2529 1028 2565 curs-us
1058 2514 1172 2575 vel,
1228 2515 1271 2565 si
1314 2514 1484 2565 mavis
1528 2525 1652 2562 cum

603 2589 861 2649 Bentleio,
898 2591 988 2654 qui
1022 2590 1244 2654 recepit,
1279 2590 1539 2652 reloqendo
1566 2589 1658 2636 ite-

602 2680 750 2728 rare,
788 2666 1031 2729 adeoque
1067 2666 1212 2715 idem
1245 2677 1433 2715 rursus
1467 2677 1531 2713 ae
1569 2677 1656 2711 re-

603 2747 825 2791 trorsum
876 2741 991 2790 vela
1048 2741 1200 2800 dare,
1272 2739 1442 2790 inanis
1497 2738 1658 2801 igitur

605 2813 968 2880 ταυτολογία.
1026 2815 1215 2864 Nostra
1261 2815 1443 2863 contra
1487 2814 1659 2862 inter-

604 2891 830 2950 pretatio
864 2892 1149 2952 utramque
1185 2889 1458 2938 notionem
1494 2899 1659 2936 accu-

604 2967 719 3014 rate
755 2964 1047 3027 distinguit:
1088 2964 1317 3013 «reverti
1351 2962 1421 3013 ab
1452 2974 1655 3018 errore;

608 3051 791 3089 veram
831 3039 974 3087 viam
1017 3050 1204 3088 rursus
1238 3038 1444 3100 sequi.»
1505 3034 1658 3095 Quod

607 3116 788 3163 autem
836 3124 1041 3161 cursum
1093 3112 1332 3175 (navigii)
1378 3112 1662 3172 relinquero

607 3188 784 3238 minus
819 3186 999 3236 Latine
1033 3185 1233 3234 dictum
1267 3187 1539 3249 putarunt,
1583 3184 1662 3233 ni-

608 3263 714 3312 mia
736 3261 977 3326 profecto
1001 3261 1117 3311 erat
1132 3258 1333 3322 religio,
1360 3271 1485 3309 cum
1500 3259 1658 3319 viam,

606 3339 705 3388 iter
734 3335 1016 3397 relinquere
1057 3335 1205 3385 recte
1250 3332 1483 3393 dicatur,
1530 3333 1662 3382 item

607 3424 810 3462 ctu-sm
852 3411 1068 3459 retinere
1101 3409 1209 3458 Cic,
1248 3407 1318 3457 ad
1350 3407 1453 3458 Att.
1487 3408 1549 3466 2,
1587 3407 1659 3466 3.,

609 3500 815 3537 cursum
847 3486 985 3547 seque·
1018 3484 1165 3534 Offic.
1193 3486 1250 3543 4,
1288 3482 1401 3542 33.,
1439 3481 1532 3532 ubi
1555 3495 1663 3531 non

611 3564 791 3612 actum
842 3558 1122 3618 currendi,
1179 3558 1277 3610 sed
1326 3559 1500 3617 viam,
1555 3570 1664 3619 qua

611 3637 870 3696 curritur,
908 3634 1184 3699 significat.

675 3712 724 3761 ὅ.
763 3710 1026 3776 Diespiter]
1074 3709 1241 3759 Varro
1290 3710 1344 3757 L.
1382 3708 1437 3757 L.
1479 3707 1541 3765 ὅ,
1580 3705 1662 3756 66.

612 3792 814 3846 Muell.:
852 3793 1118 3856 Antiquitas
1144 3792 1276 3842 Iovis
1306 3803 1510 3844 nomen:
1544 3801 1669 3838 nam

614 3870 733 3919 olim
774 3869 967 3917 Diiovi-5
1008 3873 1056 3917 ot
1098 3866 1348 3928 mespttor
1380 3865 1568 3922 dictu-3,
1614 3863 1670 3911 id

613 3947 683 3992 est
724 3942 829 3991 dies
871 3942 1046 4004 (genit.
1089 3941 1276 4005 antiq.)
1314 3943 1483 4000 potor.
1561 3935 1667 3986 Sed

616 4028 758 4067 nunc
792 4017 999 4066 constat
1032 4027 1229 4065 nomen
1262 4013 1513 4074 Diespiter
1542 4010 1668 4062 nihil

617 4088 832 4141 differre
856 4102 886 4139 a
918 4091 1245 4139 Graecorum
1278 4082 1423 4150 Ζεὺς
1457 4082 1667 4158 πατήρ,

617 4168 649 4217 i.
680 4179 728 4215 e.
759 4162 952 4216 Coelus
987 4165 1156 4227 pater.

1718 1487 1814 1538 per
1829 1487 2018 1536 purum
2036 1475 2137 1523 cet.
2155 1470 2505 1536 explicantes:
2536 1484 2673 1521 «non
2692 1484 2778 1521 se-

1725 1546 1885 1598 mel.»
1911 1548 2178 1597 Sententia
2196 1549 2294 1597 est:
2315 1546 2580 1609 «luppiter
2593 1545 2779 1609 Fulgu-

1723 1626 1886 1682 rator‚
1906 1623 1998 1685 qui
2017 1622 2126 1672 sere
2141 1633 2360 1685 semper
2372 1619 2544 1670 nubes
2558 1619 2776 1670 fulmine

1726 1696 1967 1757 diffindit,
1994 1696 2152 1746 hodie
2173 1708 2272 1758 per
2294 1694 2508 1755 sudum,
2536 1694 2603 1743 de
2623 1692 2774 1743 caelo

1727 1770 1990 1831 innubi10,
2032 1768 2234 1820 fulmen
2269 1771 2470 1820 misit.»
2516 1769 2779 1819 Huiusce-

1725 1847 1871 1898 modi
1906 1848 2087 1896 autem
2134 1843 2350 1895 fulmina
2393 1858 2492 1909 pro
2527 1844 2781 1907 gravissi-

1726 1922 1828 1972 mis
1863 1921 2084 1970 ostentis
2107 1918 2459 1969 habebantur.
2498 1918 2690 1981 Odyss.
2718 1932 2775 1976 v,

1728 1997 1853 2046 ⁴⁴2:
1913 1991 2022 2046 Ζεῦ
2072 1990 2275 2063 πάτερ,
2328 2021 2358 2030 -
2398 2018 2427 2029 -
2460 1983 2532 2042 Ἦ
2574 1988 2778 2058 μεγάλ’

1726 2068 2084 2139 ἐβρόντησας
2139 2064 2234 2118 ἀπ’
2292 2061 2545 2138 οὐρανοῦ
2601 2061 2778 2118 ἀστε-

1727 2142 1991 2215 ρόεντος,
2040 2139 2186 2195 Οὗὸέ
2231 2144 2370 2193 ποθι
2408 2146 2590 2205 νέφος
2622 2141 2775 2193 ἐστὶ·

1727 2220 1894 2289 τέρας
1916 2214 1983 2269 νύ
2009 2233 2115 2285 τεῳ
2138 2215 2270 2268 τόδε
2292 2219 2536 2280 φαίνεις.
2575 2219 2778 2268 Lucan.

1730 2298 1777 2351 4,
1816 2296 1939 2344 525:
1978 2296 2101 2344 ante
2136 2292 2338 2343 bellum
2373 2292 2524 2342 civile
2553 2293 2782 2356 Fulqura

1725 2369 1900 2431 fallaci
1915 2370 2196 2418 micuerunt
2210 2368 2390 2417 crebra
2411 2381 2598 2416 sereno.
2627 2368 2773 2416 Suet.

1730 2444 1826 2494 Tit.
1866 2444 1959 2493 4οε
2016 2444 2237 2506 tristior,
2274 2468 2304 2478 -
2338 2443 2470 2505 quod
2502 2446 2786 2503 tenpestate

1728 2532 1906 2568 serena
1937 2523 2186 2568 tenuerat.
2256 2517 2407 2567 Adde
2448 2514 2542 2566 Iul.
2580 2515 2781 2580 Obseq.

1733 2594 1792 2643 C.
1830 2592 1913 2642 83.
1953 2593 2065 2642 407.
2095 2593 2207 2642 ⁴22.
2243 2592 2380 2643 Voss
2415 2591 2485 2640 ad
2517 2590 2659 2654 Vir-g.
2687 2593 2780 2640 Ge.

1733 2669 1781 2728 4,
1818 2667 1933 2718 487.
1969 2668 2222 2729 Interprr.
2249 2666 2318 2715 ad
2352 2669 2482 2715 Aen.
2521 2666 2570 2726 7,
2611 2665 2724 2715 444.

1797 2743 1847 2792 8.
1874 2739 2143 2803 volucrem]
2170 2739 2313 2790 Plato
2337 2739 2562 2791 Phaedr.
2587 2752 2641 2803 p.
2662 2738 2780 2790 246.

1734 2818 1792 2867 E.
1832 2830 1897 2865 ex
1929 2818 2087 2879 poeta
2124 2814 2324 2877 aliquo:
2368 2810 2403 2862 ὁ
2435 2813 2545 2878 μὲν
2578 2810 2650 2879 δὴ
2686 2814 2788 2878 μέ·-

1733 2906 1840 2958 γας
1873 2884 2106 2978 ἡγεμών
2138 2881 2463 2958 ἐν·οὐρανῷ
2486 2883 2628 2950 Ζεὺς
2650 2902 2786 2953 πτη-

1733 2962 1839 3017 νὸν
1877 2980 2040 3034 αρμα
2060 2959 2334 3016 ἐλαύνων.
2382 2962 2678 3014 celeritatis
2702 2965 2788 3013 est

1735 3039 2062 3105 symbolum,
2100 3040 2159 3088 ut
2190 3037 2339 3088 Ovid.
2377 3038 2514 3087 Fast.
2552 3036 2610 3098 4,
2656 3038 2781 3088 562:

1736 3116 1928 3179 αλὶρονο
1977 3114 2169 3163 tollitur
2211 3125 2315 3162 axo
2359 3112 2518 3162 Ceres.
2573 3111 2669 3175 (Od
2725 3112 2784 3170 4,

1738 3192 1818 3251 42,
1846 3190 1935 3239 58:
1967 3189 2038 3238 Tu
2057 3188 2205 3252 aravi
2228 3200 2386 3236 curru
2408 3187 2602 3248 quaties
2623 3186 2791 3247 Olym-

1730 3278 1870 3329 ρων».
1900 3263 2005 3315 Cfr.
2036 3263 2197 3313 etiam
2227 3261 2446 3321 dem,
2471 3261 2627 3322 Mum.
2651 3260 2786 3322 484.)

1804 3339 1853 3389 9.
1907 3338 2073 3401 bruta]
2126 3337 2222 3386 Od.
2270 3336 2331 3396 3,
2380 3334 2441 3395 4,
2490 3333 2583 3384 45:
2631 3334 2786 3394 iners,

1741 3412 2109 3465 «immobilis»
2125 3412 2309 3462 Festus
2327 3425 2338 3459 :
2363 3411 2580 3460 Brutum
2591 3409 2791 3470 antiqui

1737 3503 1949 3555 gravem
2002 3486 2338 3550 appellabant.
2416 3482 2554 3534 Talis
2609 3486 2790 3533 autem

1741 3567 1825 3616 est
1858 3562 2039 3622 tellus,
2076 3563 2121 3612 si
2157 3572 2281 3610 cum
2308 3557 2527 3622 reliquis
2551 3556 2793 3607 elemen-

1740 3641 1807 3690 tis
1864 3637 2222 3700 comparetur.
2313 3635 2517 3682 Seneca
2572 3632 2787 3693 Thyest.

1744 3712 1889 3764 4020:
1927 3712 2140 3761 Immota
2172 3708 2313 3759 tellus
2332 3707 2533 3769 pondus
2551 3705 2794 3769 ignavum

1741 3784 1916 3837 iaces?

1812 3862 1891 3912 40.
1949 3858 2178 3922 Taenari]
2229 3854 2652 3921 promontorium
2693 3854 2796 3902 La-

1746 3937 1999 3994 conicae,
2054 3932 2212 3983 hodie
2265 3931 2401 3993 Cap
2451 3930 2792 3990 Natapan.

1747 4011 1823 4062 lbi
1847 4009 2076 4073 Neptuni
2098 4004 2355 4070 templum
2379 4015 2546 4066 super
2561 4004 2792 4060 antrum,

1744 4099 1845 4152 per
1878 4083 2022 4148 quod
2056 4079 2310 4132 descendi
2341 4080 2395 4129 in
2417 4079 2615 4128 Orcum
2635 4087 2797 4140 posse

1748 4161 1963 4223 antiqua
2008 4157 2145 4208 fama
2188 4153 2461 4214 tradebat,
2507 4154 2566 4201 ut
2601 4151 2801 4201 fecerat

683 4242 730 4292 7.
769 4240 897 4294 Mire
923 4237 1049 4290 olim
1071 4238 1361 4302 iungebant
1374 4239 1674 4301 plerumque
1706 4290 1714 4299 ,
1748 4232 2003 4286 Hercules
2040 4230 2339 4283 Cerbemm
2371 4226 2496 4279 inde
2532 4225 2800 4277 abductu-
