3234 4975
669 408 791 475 414
1439 405 1693 456 HORATII
1731 403 2065 455 CARMINUM
2129 443 2132 447 .

1328 688 2168 754 mxm

834 861 1112 938 Nullam,
1161 864 1322 928 Vare
1346 913 1361 939 ,
1410 881 1593 927 sacra
1638 860 1764 926 vite
1807 860 1988 947 prius
2032 857 2281 924 severis
2326 856 2629 923 arborem

837 985 1022 1051 Circa
1063 983 1214 1049 mite
1259 981 1469 1049 solum
1513 981 1766 1047 Tiburis
1810 990 1875 1047 et
1915 979 2172 1045 moenia
2217 978 2416 1045 Catili.

796 1182 969 1232 XVIII.
1039 1183 1208 1231 Inscr.
1247 1178 1382 1242 volg.
1451 1179 1527 1228 Aa
1561 1178 1881 1241 Quinctilium
1916 1178 2119 1226 Varavi.
2173 1203 2228 1212 -
2263 1176 2340 1225 Aa
2377 1177 2564 1225 Varum
2605 1176 2764 1236 Quin-

731 1259 922 1308 ctilium
955 1258 1004 1306 S.
1048 1284 1100 1293 —
1147 1254 1429 1316 Alloquitur
1467 1254 1654 1303 Varum
1688 1252 1981 1315 Quintilium
2013 1253 2072 1300 cle
2101 1250 2282 1300 vitibus
2313 1263 2561 1300 sumnam
2599 1251 2764 1299 dicans

730 1332 837 1381 vini
884 1331 968 1380 sod
1008 1343 1121 1380 cam
1162 1330 1309 1379 modo
1346 1328 1650 1389 voluptatem
1695 1329 1752 1377 T.
1808 1355 1860 1363 -
1917 1326 1964 1376 4.
2008 1326 2151 1390 Varo]
2193 1339 2310 1376 vero
2340 1328 2461 1377 Acr.
2499 1323 2759 1389 Porphyr.

738 1434 790 1442 -
828 1406 1015 1455 camilli
1047 1405 1104 1454 T.

732 1583 906 1633 XVIII.
946 1579 1121 1632 Alcaei
1155 1593 1397 1640 carmen,
1434 1580 1584 1629 cuius
1606 1580 1713 1641 pri-

667 1669 788 1707 mus
836 1669 1025 1706 versus
1075 1658 1323 1719 superest
1368 1655 1586 1717 (Fragm.
1624 1651 1705 1704 44.

664 1730 860 1793 Bergk:
943 1728 1143 1794 Μηθὲν
1207 1723 1351 1778 ἄλλο
1416 1723 1711 1797 φυτεύσῃς

666 1801 944 1876 πρότερον
976 1799 1230 1873 δένδριον
1262 1796 1561 1867 ἀμπέλω),
1597 1802 1714 1852 imi-

667 1881 805 1929 tatus
841 1880 1062 1940 eiusque
1096 1876 1181 1926 vel
1214 1879 1446 1928 metrum
1469 1889 1707 1937 servam,

666 1965 837 2002 novus
872 1953 1049 2001 tamen
1081 1953 1133 2001 in
1166 1965 1232 2001 eo
1266 1955 1381 2012 est,
1418 1950 1563 2014 quod
1603 1950 1711 1998 Va-

664 2039 784 2076 rum
819 2024 1045 2089 appellat
1087 2025 1400 2088 Tiburisque
1434 2025 1706 2084 meminit;

663 2100 827 2150 rebus
861 2100 1016 2162 igitur
1047 2100 1416 2163 praesentibus
1449 2101 1503 2148 et
1523 2101 1712 2149 Roma-

664 2176 744 2225 nis
789 2176 1063 2237 antiquum
1125 2178 1385 2225 Graecum
1441 2172 1713 2237 exemplar

664 2248 998 2312 popularium
1020 2262 1239 2299 suorum
1263 2248 1530 2300 mentibus
1546 2247 1710 2297 veluti

665 2324 1071 2387 appropinquat.
1110 2324 1173 2385 (a.
1204 2336 1258 2373 u.
1288 2336 1336 2373 c.
1368 2322 1513 2385 726‘1)
1554 2322 1709 2382 «Quis

669 2398 832 2447 Varus
863 2397 950 2445 hic
984 2396 1154 2458 fuerit,
1191 2410 1296 2447 non
1320 2398 1448 2447 satis
1481 2397 1705 2446 constat.

663 2474 898 2536 Apparet
918 2484 1023 2522 non
1047 2483 1207 2536 posse
1239 2470 1452 2535 intelligi
1480 2473 1533 2522 Ρ.
1557 2471 1712 2534 Quin*

664 2548 854 2596 otiliam
899 2548 1120 2607 Varum,
1166 2559 1217 2596 a.
1255 2545 1369 2596 744.
1413 2545 1707 2607 consulem,

667 2622 758 2683 qui
789 2634 837 2670 a.
866 2621 980 2671 763.
1017 2621 1070 2670 in
1105 2621 1381 2671 Germania
1402 2621 1581 2684 periit;
1608 2633 1710 2669 nec

663 2696 716 2745 P.
748 2695 995 2758 Alfenium
1039 2696 1227 2745 Vanam
1258 2696 1441 2746 ICtum
1479 2693 1711 2744 clarissi-

668 2782 815 2819 mum
838 2809 850 2830 ,
887 2784 997 2821 cos.
1030 2770 1148 2820 suff.
1185 2784 1233 2819 a.
1269 2783 1322 2819 u.
1360 2782 1407 2819 c.
1446 2771 1559 2819 745.
1596 2768 1706 2831 (cfr.

666 2844 853 2894 Biondi
902 2845 1175 2894 Dissertaz.
1222 2843 1330 2893 dell’
1362 2844 1516 2894 Acad.
1566 2845 1706 2894 Rom.

666 2918 929 2967 d'archaol.
999 2918 1114 2967 Vol.
1151 2919 1235 2967 VI.
1271 2931 1325 2981 p.
1364 2918 1496 2980 304.)
1533 2930 1709 2979 neque

667 2991 822 3041 huius
856 2990 1020 3040 filium
1044 2990 1284 3041 eiusdem
1316 2991 1560 3052 nominiS,
1597 3004 1708 3041 cos.

669 3065 789 3117 suff.
827 3077 874 3114 a.
907 3078 960 3113 u.
1000 3078 1046 3113 c.
1086 3066 1198 3115 755.
1271 3066 1538 3127 (Ceterum
1587 3066 1714 3115 scri-

669 3142 824 3203 ptura
891 3139 1112 3201 Alfenius
1166 3152 1262 3201 pro
1321 3138 1447 3190 falsa
1506 3138 1717 3202 Altinius

670 3214 916 3276 (Laurent
942 3213 1078 3262 Fasti
1109 3226 1255 3263 cons.
1290 3227 1338 3263 a.
1367 3213 1500 3276 755.)
1536 3217 1591 3263 et
1606 3213 1718 3264 vol-

670 3286 780 3351 gari
802 3325 813 3346 ,
851 3287 979 3336 item
1012 3285 1157 3347 falsa,
1191 3288 1391 3350 Alfenus
1425 3289 1544 3350 (Sat.
1582 3289 1629 3349 4,
1662 3288 1710 3350 3,

673 3363 805 3424 430.)
840 3362 1020 3411 nititur
1040 3374 1307 3412 marmore
1331 3363 1474 3426 apud
1499 3363 1718 3413 Viscon-

671 3438 804 3487 tium
835 3438 1056 3486 Monam.
1091 3436 1215 3486 Gab.
1256 3450 1310 3500 p.
1359 3437 1462 3498 111.)
1530 3440 1714 3501 Neque

671 3511 883 3562 videtur
915 3512 971 3574 Q.
1004 3510 1144 3560 Atius
1173 3511 1349 3572 Vara-e,
1386 3513 1473 3575 qui
1498 3526 1530 3562 a
1560 3514 1711 3563 Caes.

672 3588 730 3637 B.
770 3589 828 3637 G.
866 3587 914 3647 8,
950 3586 1031 3636 28.
1071 3588 1125 3635 et
1155 3587 1214 3636 B.
1252 3587 1310 3637 C.
1347 3586 1396 3646 3,
1438 3586 1518 3637 37.
1574 3601 1719 3638 com-

673 3664 1020 3712 memoratur.
1073 3659 1219 3711 Multi
1248 3661 1304 3711 L.
1343 3661 1531 3711 Vanam
1561 3661 1719 3712 intel-

674 3734 856 3799 ligunt,
894 3749 1057 3800 quem
1090 3734 1298 3796 Quintil.
1327 3736 1376 3797 6,
1412 3735 1461 3798 3,
1497 3736 1577 3790 78,
1604 3738 1722 3801 phi-

674 3808 959 3874 losophum
1018 3810 1338 3874 Epicureum
1390 3812 1444 3860 et
1489 3810 1547 3861 C.
1606 3811 1719 3861 Iulii

678 3885 919 3935 Caesaris
948 3886 1178 3937 amicum
1206 3884 1450 3950 appellat.
1497 3886 1623 3937 Mihi
1645 3888 1722 3936 vi-

677 3958 834 4009 detur
866 3972 986 4010 esse
1012 3961 1321 4022 Quinctilius,
1357 3973 1520 4022 quem
1541 3961 1716 4013 Schol.

679 4034 859 4084 Horat.
896 4036 953 4083 et
981 4034 1128 4084 Serv.
1166 4035 1237 4085 ad
1267 4036 1409 4100 virg.
1431 4035 1538 4086 Ecl.
1557 4038 1606 4097 δ,
1633 4038 1716 4088 20.

685 4110 872 4161 Vanam
900 4107 1180 4172 appellant.
1229 4110 1343 4160 Fuit
1372 4111 1418 4160 is
1449 4111 1644 4175 Virgilii
1669 4115 1723 4163 et

681 4182 879 4234 Horatii
905 4182 1127 4242 amicus,
1163 4186 1217 4232 et
1253 4188 1442 4236 acutus
1469 4199 1722 4237 severus-

681 4271 786 4323 que
822 4257 1118 4307 carminum
1145 4257 1300 4308 iudex
1356 4261 1429 4322 (A.
1463 4262 1519 4309 P.
1563 4259 1718 4322 438.),

1784 1591 1948 1641 quem
1978 1591 2027 1627 a.
2066 1577 2178 1627 730.
2216 1579 2487 1626 mortuum
2519 1576 2694 1626 Horat.
2724 1575 2821 1625 Od.

1787 1653 1834 1714 4,
1880 1651 1962 1704 24.
2015 1652 2195 1702 deflet.
2281 1651 2433 1702 Idem
2476 1649 2620 1700 haud
2664 1649 2827 1699 dubie

1786 1729 1884 1787 est,
1919 1728 2011 1790 qui
2042 1726 2208 1789 Epod.
2235 1727 2284 1776 ὅ.
2324 1727 2825 1776 commemoratur.»

1786 1801 1923 1849 lint«.
1993 1803 2061 1850 At
2105 1801 2338 1850 amicum
2381 1811 2652 1862 nunquam
2698 1811 2827 1862 pro-

1784 1876 1923 1925 fecto
1956 1876 2026 1925 ita
2055 1874 2327 1925 derisisset
2354 1874 2597 1924 Horatius
2617 1910 2629 1934 ‚
2664 1876 2723 1922 ut
2755 1872 2828 1922 ibi

1784 1963 1814 1998 a
1877 1962 2001 2012 saga
2063 1950 2354 2012 exagitatur
2411 1948 2580 1998 Varus
2640 1946 2827 2010 aliquis

1783 2024 2008 2085 ignotus.
2080 2025 2185 2073 Cfr.
2221 2021 2494 2072 Weichert
2527 2021 2595 2071 de
2637 2023 2691 2072 L.
2728 2022 2831 2071 Va-

1783 2099 1844 2146 rii
1880 2103 1933 2148 et
1967 2099 2133 2149 Cassii
2161 2100 2333 2148 Parm.
2369 2096 2475 2146 vita
2498 2098 2601 2146 cet.
2627 2110 2681 2160 p.
2711 2098 2825 2147 ⁴2⁴.

1783 2187 1938 2236 seqq.

1850 2287 1896 2335 4.
1954 2298 2105 2334 sacra
2133 2284 2248 2348 vito]
2291 2284 2375 2333 Sic
2407 2284 2512 2334 iam
2544 2284 2741 2334 Ennius
2775 2284 2828 2333 in

1782 2360 2096 2410 Athamante
2130 2358 2223 2408 Ed.
2259 2356 2547 2408 Columnae
2580 2359 2741 2420 Neap.
2766 2370 2821 2420 p.

1783 2432 1907 2484 405:
1957 2435 2152 2496 Lyaeus
2197 2433 2312 2481 vitis
2357 2433 2585 2482 inventor
2626 2444 2821 2494 sacrae,

1782 2511 2002 2572 propter
2028 2509 2135 2558 vini
2166 2507 2441 2557 libationes
2477 2508 2530 2557 in
2562 2521 2620 2557 re
2652 2506 2829 2556 divina

1783 2582 2038 2633 facienda.
2072 2609 2127 2618 —
2157 2581 2333 2632 Serere
2366 2581 2433 2631 de
2468 2582 2653 2632 vitium
2678 2579 2827 2645 plan-

1784 2659 1978 2708 tatione
2006 2656 2235 2707 verbum
2256 2658 2547 2721 proprium.
2590 2684 2645 2692 —
2682 2656 2833 2706 arbo-

1782 2731 1904 2795 rem]
1957 2729 2084 2781 Plin.
2128 2731 2190 2780 H.
2230 2734 2290 2780 N.
2334 2730 2425 2791 44,
2470 2731 2517 2780 4.
2559 2731 2686 2781 Vites
2717 2731 2830 2780 iure

1784 2808 1921 2868 apud
1928 2807 2122 2868 priscos
2135 2807 2477 2869 maqnitadine
2493 2818 2687 2868 quoque
2701 2805 2832 2854 inter

1784 2881 1990 2931 arbores
2021 2880 2431 2931 numerabantur.

1849 2994 1899 3043 2.
1940 2992 2146 3057 Tibm‘is]
2189 2993 2296 3055 Quo
2328 2997 2375 3043 to
2406 2991 2827 3042 bisdoeimdu-

1786 3066 1853 3115 cit
1884 3066 1947 3114 ab
1983 3067 2108 3116 Urba
2138 3067 2281 3129 lapis.
2352 3068 2502 3119 Mart.
2552 3064 2602 3125 4,
2651 3065 2734 3126 57,
2772 3064 2823 3115 4.

1792 3166 1847 3175 -
1892 3140 2053 3204 Catili]
2098 3141 2325 3191 Licentia
2366 3154 2496 3191 usus
2540 3143 2623 3191 est
2667 3141 2835 3190 Hora-

1789 3215 1909 3273 tiuS‚
1940 3227 2065 3265 nam
2097 3216 2237 3278 virg.
2274 3218 2404 3266 Aen.
2440 3217 2487 3276 7,
2518 3216 2631 3265 672.
2669 3217 2725 3264 et
2757 3214 2833 3263 Si·

1788 3287 1858 3338 lio
1891 3289 1942 3349 8,
1977 3288 2089 3339 364.
2130 3293 2212 3340 est
2244 3291 2462 3340 Catillus.
2533 3288 2738 3339 Solinus
2772 3301 2823 3338 c.

1789 3363 1849 3412 2:
1905 3363 2076 3425 Tibur,
2123 3365 2250 3414 sicul
2297 3364 2418 3415 Cato
2453 3364 2575 3426 facit
2620 3363 2834 3412 castano-

1790 3437 1956 3498 nium‚
2016 3451 2051 3486 a
2098 3438 2277 3488 Catillo
2317 3439 2537 3500 Arcade,
2576 3439 2831 3501 praesecto

1788 3511 1959 3561 classis
1998 3513 2260 3573 Euandri,
2317 3513 2445 3563 sicut
2488 3513 2720 3574 Sentius,
2766 3512 2831 3562 ab

1789 3587 1980 3649 Aryiva
2042 3588 2304 3638 iuventute.
2414 3587 2620 3638 Catillus
2680 3588 2829 3648 enivn,

1789 3660 2084 3723 Amphiarai
2126 3663 2261 3727 filius
2274 3700 2293 3724 ,
2348 3666 2460 3724 post
2499 3662 2835 3725 prodiginum

1783 3737 1951 3798 patris
1980 3738 2117 3799 apud
2168 3737 2349 3788 mbas
2389 3737 2645 3786 inter-ittam
2677 3736 2836 3786 Oeclei

1793 3812 1878 3860 avi
1907 3812 2062 3874 iussu,
2096 3825 2210 3861 cum
2240 3812 2375 3862 omni
2395 3812 2499 3873 fotu
2522 3825 2612 3860 ver
2632 3824 2835 3860 sacrum
2858 3839 2871 3847 -

1790 3887 1967 3937 missus
1997 3891 2096 3937 tres
2124 3886 2302 3938 liba-cs
2329 3887 2385 3935 in
2414 3887 2564 3936 Italia
2587 3899 2836 3948 procrea-

1790 3962 1881 4024 vil,
1921 3962 2192 4023 Tiburtina,
2225 3961 2425 4022 Coram,
2462 3960 2712 4023 Catium,
2748 3962 2836 4023 qai

1794 4037 2005 4099 depulsis
2049 4050 2115 4086 aa>
2160 4037 2340 4098 oppido
2386 4036 2559 4085 incolis
2593 4035 2837 4086 veteribus

1794 4112 1991 4161 Sicanis
2016 4124 2054 4160 a
2082 4112 2281 4161 nomino
2314 4110 2500 4160 Tiburti
2530 4110 2710 4174 fratris
2740 4122 2836 4159 na-

1793 4191 1849 4236 tu
1878 4185 2093 4235 maximi
2123 4184 2297 4236 urbem
2322 4190 2643 4237 vocavcnmt.
2689 4184 2836 4234 Tibur

1795 4260 1950 4323 igitur
1980 4263 2027 4309 οι
2054 4259 2253 4311 moenia
2284 4261 2433 4312 Catili
2467 4264 2571 4313 est:
2623 4258 2830 4321 «Tibur,
