3234 4975
1238 458 1440 508 LIBER.
1512 457 1707 508 CARM.
1744 457 1806 507 11.

747 614 1130 700 Positosque
1178 632 1440 688 vernas,
1490 612 1642 678 ditis
1686 632 1959 679 examen
2004 611 2265 690 domuS,

2459 456 2583 519 659

2502 614 2583 677 65

833 735 1091 800 Circum
1137 735 1506 802 renidentes
1550 733 1788 801 Lares!

748 858 925 921 Haec
969 854 1078 921 ubi
1124 853 1376 922 locutus
1421 856 1743 923 fenerator
1785 853 2015 930 Alfius,

835 978 969 1040 Iam
1014 976 1140 1042 iam
1183 977 1434 1043 futurus
1479 977 1779 1053 rusticuS,

757 1100 1033 1161 Omnem
1077 1096 1328 1182 redegit
1370 1097 1590 1164 Idibus
1634 1097 2017 1185 pecuniam,

839 1217 1107 1295 Quaerit
1151 1216 1459 1284 Kalendis
1504 1238 1771 1306 ponere.

2505 1220 2586 1282 70

548 1398 628 1447 67.
665 1397 870 1459 Alpinius
901 1395 1156 1458 bc,LCtF.
1196 1396 1371 1459 (Alfius
1402 1397 1568 1446 ceteri
1602 1396 1748 1458 mei.)
1790 1423 1844 1431 —-
1895 1396 1974 1446 69.
2012 1395 2189 1459 relegit
2220 1394 2345 1457 bed,
2385 1398 2521 1447 Pott.

482 1471 747 1533 quinque,
786 1471 848 1520 Lt
882 1471 1006 1534 (non
1040 1471 1098 1531 S,
1136 1469 1318 1520 Bland.
1357 1482 1545 1520 omnes
1569 1507 1581 1530 ,
1616 1467 1803 1536 βγκν).
1847 1495 1899 1505 --
1950 1470 2031 1518 70.
2069 1469 2305 1519 Kalendis
2337 1471 2525 1534 scripsi

484 1557 606 1593 cum
642 1542 764 1594 bSc.

420 1714 539 1751 cam
563 1702 818 1752 ControV.
848 1705 867 1752 4
890 1742 902 1764 ,
928 1703 976 1753 7.
1016 1714 1206 1752 omnes
1230 1700 1473 1752 scribunt

417 1777 574 1840 Alfius
595 1777 809 1839 Flavus,
847 1778 938 1841 qui
970 1778 1155 1827 rhetor
1186 1777 1303 1836 fuit;
1341 1791 1467 1838 non,

418 1852 552 1901 utin
576 1851 791 1902 Horatio
813 1850 1073 1917 plerique,
1098 1852 1337 1914 Alpheus,
1374 1853 1472 1914 hy-

417 1924 574 1974 brida
625 1925 813 1976 forma.
872 1954 927 1963 —-
979 1926 1194 1990 redegit]
1246 1927 1473 1989 redigere

411 2000 684 2061 pecuniam
716 2002 799 2050 est
829 2001 1072 2064 recipere
1107 2000 1177 2050 ad
1216 2011 1276 2049 se
1303 2011 1471 2064 pecu-

420 2074 564 2124 niam
605 2072 962 2138 qualicunque
1004 2074 1167 2124 modo
1207 2072 1350 2123 licito
1383 2072 1470 2123 vel

421 2161 488 2196 ex
509 2147 674 2197 rebus
708 2148 936 2198 venditis
969 2148 1096 2211 (Cic.
1122 2148 1349 2198 Divinat.
1377 2148 1466 2196 47:

421 2221 596 2271 deinde
625 2221 756 2270 bona
784 2223 980 2283 vendit,
1030 2222 1303 2283 pecuniam
1332 2220 1471 2269 redi-

419 2292 565 2356 9ίι.),
602 2291 706 2354 vel,
743 2295 804 2344 ut
834 2294 923 2343 bic
957 2298 1012 2344 et
1045 2295 1188 2358 apud
1224 2294 1334 2344 Cic.
1371 2305 1471 2356 pro

424 2368 602 2417 Rabir.
641 2370 781 2418 Post.
812 2368 903 2418 ⁴3:
940 2369 1168 2432 pecunia
1201 2382 1301 2417 non
1334 2367 1473 2416 redi-

420 2446 656 2506 meretur,
726 2455 757 2492 a
809 2441 1162 2493 debitoribus.
1241 2444 1468 2492 Gronov.

428 2516 583 2567 Obss.
629 2517 687 2577 4,
731 2517 814 2567 20.
859 2517 1061 2581 Redeqtt
1094 2518 1275 2567 autem
1307 2514 1476 2565 Idibus

428 2603 553 2641 cum
577 2590 728 2652 dicit,
766 2589 1118 2653 intelligamus
1141 2602 1368 2641 necesse
1393 2591 1476 2640 est

427 2665 575 2728 prius
599 2663 894 2728 appellatos
926 2677 1046 2714 esse
1072 2664 1377 2725 debitores,
1416 2666 1476 2714 ut

424 2751 545 2788 eam
592 2739 661 2788 ad
704 2738 850 2789 diem
884 2735 1157 2789 solverent
1189 2739 1474 2802 pecuniam

423 2815 611 2862 mutuo
634 2814 924 2876 sumptam.
993 2813 1069 2862 Ex
1109 2810 1473 2875 compluribus

422 2899 555 2936 vero
587 2884 716 2936 locis
759 2886 950 2936 merito
998 2883 1322 2948 colligimu8‚
1373 2885 1474 2935 nisi

424 2961 559 3011 sorte
594 2962 646 3009 in
670 2959 1021 3023 chirographo
1047 2960 1193 3009 certa
1218 2958 1334 3009 dies
1367 2956 1476 3009 sol-

423 3035 633 3085 vendae
667 3035 925 3098 pecuniae
969 3035 1254 3084 constituta
1294 3036 1471 3093 esset,

429 3109 480 3158 in
515 3122 617 3159 usu
670 3108 863 3169 fuisse,
918 3109 977 3157 ut
1017 3121 1117 3171 pro
1162 3106 1475 3157 feneratoris

425 3182 802 3232 commoditate
838 3181 1138 3233 secundum
1170 3179 1475 3231 debitorum

429 3255 844 3320 appellationem
866 3259 1126 3321 pecuniae
1152 3257 1207 3305 et
1229 3253 1476 3306 Kalendis

427 3332 483 3380 et
505 3331 666 3381 Nonis
698 3335 754 3381 et
775 3331 957 3382 Idibus
981 3331 1051 3382 ab
1076 3342 1141 3381 eo
1163 3331 1478 3394 redigeren-

426 3406 531 3455 tur.
571 3405 682 3456 Cic.
708 3406 861 3455 Verr.
891 3408 947 3467 4,
974 3407 1071 3456 57:
1118 3407 1276 3456 Nemo
1309 3405 1479 3456 Rabo-

424 3478 512 3527 nio
534 3478 765 3528 molestus
794 3483 894 3540 est,
927 3491 1087 3540 neque
1114 3480 1229 3529 Kal.
1263 3480 1477 3529 Decem-

427 3551 594 3601 bribus
623 3562 781 3614 neque
810 3553 968 3602 Nonis
995 3566 1153 3614 neque
1187 3552 1368 3602 Idibus.
1405 3551 1476 3602 ad

425 3626 529 3675 Ait.
573 3626 669 3686 40,
694 3627 760 3675 5:
808 3627 1031 3691 Scripsit
1070 3627 1201 3676 diem
1228 3627 1479 3689 pecuniae

426 3700 544 3748 Idus
562 3699 862 3749 Novembres
895 3713 1011 3750 esse.
1050 3700 1120 3749 ad
1141 3702 1246 3750 Att.
1275 3697 1356 3760 44,
1381 3699 1470 3749 20:

426 3772 538 3822 Iam
577 3772 656 3822 vel
698 3772 791 3822 sibi
829 3773 1010 3824 habeat
1040 3786 1294 3835 nummos,
1329 3773 1477 3823 modo

425 3851 652 3897 numeret
671 3847 851 3898 Idibus.
878 3848 933 3898 in
957 3846 1105 3899 Catil.
1135 3850 1195 3910 4,
1225 3848 1290 3898 6:
1326 3848 1477 3898 Prae—

428 3925 644 3975 comitto
675 3925 859 3975 ruinas
887 3925 1213 3988 fortunarum
1245 3929 1471 3987 tuat-mn,

428 4012 555 4061 quas
585 4012 753 4050 omnes
783 4000 1066 4063 impendere
1109 4000 1197 4050 tibi
1224 4000 1476 4062 promimis

1545 1700 1711 1750 Idibus
1741 1702 1931 1751 senties
2001 1701 2105 1752 Sat.
2153 1704 2208 1762 4,
2252 1701 2308 1764 3,
2350 1701 2439 1752 87:
2499 1703 2595 1764 Qui

1544 1775 1670 1836 nisi,
1723 1787 1838 1824 cam
1871 1776 2033 1824 tristes
2063 1776 2245 1824 misero
2276 1787 2453 1825 venere
2484 1775 2595 1825 Ka-

1545 1848 1744 1910 lendae,
1780 1849 2057 1899 Mercedem
2089 1853 2179 1898 aut
2209 1861 2440 1898 nummos
2464 1850 2596 1899 undo

1543 1925 1677 1973 undo
1699 1923 1919 1973 extricat
1937 1926 2040 1973 cet.
2096 1922 2246 1973 Ovid.
2282 1923 2433 1972 Rem.
2471 1924 2590 1973 Am.

1544 1998 1661 2047 564.
1688 1996 1907 2049 Martial.
1936 1998 1999 2055 8,
2019 1996 2113 2058 44,
2142 1998 2229 2046 44;
2271 1997 2595 2047 contumae—

1537 2072 1796 2133 plt'centur
1819 2072 2045 2135 paqinao
2069 2071 2431 2122 Kalendarum.
2470 2069 2594 2122 Plu-

1541 2148 1712 2197 tarch.
1742 2147 1811 2196 de
1835 2148 1925 2196 vit.
1954 2160 2065 2196 aer.
2093 2145 2160 2196 al.
2185 2147 2249 2196 2:
2286 2140 2345 2211 (ἦ
2374 2139 2590 2217 αὐτάρ-

1545 2221 1693 2284 κεια)
1729 2214 1849 2270 οὐδ’
1885 2216 2211 2285 ἀναμνήσει
2231 2218 2346 2270 τῶν
2378 2218 2593 2270 καλαν-

1544 2292 1659 2343 δῶν
1691 2294 1790 2343 καὶ
1823 2289 1928 2357 τῆς
1944 2295 2317 2380 voquvlag,
2332 2288 2405 2357 ἢν
2431 2294 2595 2378 ἱερω-

1544 2364 1725 2433 τάτην
1775 2362 2007 2438 ἤμερων
2064 2382 2248 2417 ουσαν
2281 2359 2599 2456 ἀποφράδα

1547 2438 1820 2493 ποιοῦσιν
1871 2441 1932 2491 οἱ
1968 2438 2262 2491 δανεισταὶ
2312 2441 2410 2491 καὶ
2460 2437 2598 2492 στύ-

1546 2532 1692 2584 γιον.
1749 2545 1804 2552 -
1872 2516 2106 2580 Quam-tt]
2166 2515 2591 2579 «circumspicit,

1546 2592 1692 2657 apud
1726 2603 1891 2654 quem
1926 2591 2104 2641 denuo
2136 2591 2306 2654 possit
2330 2588 2597 2640 collocare

1548 2677 1852 2716 nummos.»
1892 2692 1947 2702 -
2000 2664 2253 2728 Kalendis]
2291 2664 2600 2727 «sequenti-

1548 2740 1706 2792 bus».
1733 2741 1917 2788 Senot..
1949 2764 2004 2775 -
2030 2738 2233 2802 ponere]
2270 2740 2354 2788 Sic
2376 2737 2601 2788 τιθέναι

1550 2818 1607 2866 et
1636 2808 2019 2873 καταβάλλειν
2051 2809 2120 2863 τὸ
2154 2809 2476 2874 κεφάλαιον
2491 2847 2506 2874 ,
2542 2815 2602 2862 ut

1547 2892 1609 2940 A.
1656 2892 1711 2940 P.
1754 2889 1886 2940 42⁴:
1947 2889 2082 2939 dives
2115 2890 2294 2950 positis
2334 2889 2389 2938 in
2429 2889 2603 2952 fenore

1548 2965 1782 3013 nwnmis.
1822 2964 1931 3014 Cic.
1957 2965 2112 3013 Verr.
2141 2963 2199 3024 3,
2227 2964 2290 3013 70
2313 2978 2323 3012 ;
2362 2976 2478 3013 cum
2501 2977 2603 3025 po-

1545 3039 1645 3087 sita
1667 3042 1785 3088 esset
1802 3039 2027 3102 pecunia
2053 3039 2190 3100 apud
2210 3050 2299 3088 eas
2320 3037 2593 3099 societates,

1547 3111 1681 3161 unde
1714 3115 1826 3161 erat
1859 3110 2133 3173 aar-ibam,
2170 3112 2297 3161 binis
2329 3112 2605 3162 centesimis

1547 3187 1803 3250 feneratus
1850 3190 1936 3235 est.
1991 3214 2047 3222 —
2104 3186 2293 3237 Missas
2342 3185 2603 3236 faciamus

1551 3262 1606 3310 et
1658 3257 1816 3310 falsas
1865 3260 2331 3323 interpretationes
2348 3298 2360 3321 ,
2419 3258 2599 3309 velut:

1551 3334 1748 3384 «edixit
1781 3332 2143 3395 debitoribuS,
2190 3346 2317 3383 cum
2352 3332 2477 3383 idus
2513 3346 2605 3382 es-

1550 3410 1700 3468 sent,
1767 3409 2052 3472 pecuniam
2110 3419 2155 3456 ε.
2210 3408 2415 3456 sortem
2476 3417 2603 3456 cum

1549 3484 1727 3534 usuris
1762 3482 2017 3546 proximis
2039 3478 2287 3530 Kalendis
2310 3491 2603 3543 pernume-

1551 3556 1803 3616 randam3
1842 3554 2074 3605 eandem
2108 3555 2317 3614 tamen,
2356 3565 2479 3602 cum
2503 3565 2601 3604 eae

1551 3630 1920 3690 advenissent,
1958 3629 2155 3677 iterum
2188 3627 2339 3690 ponit
2370 3626 2601 3687 ἴωσι-4,»

1552 3708 1606 3754 et
1638 3702 1763 3753 lect.
1800 3702 2001 3767 relevit,
2055 3700 2334 3751 defensam
2380 3700 2603 3763 quidem

1550 3778 1621 3829 ab
1673 3778 1886 3829 Heinsio
1938 3776 2160 3828 Advers.
2216 3789 2269 3840 p.
2322 3775 2437 3825 235.
2493 3775 2604 3840 (qui

1551 3852 1767 3917 exponit
1801 3849 2158 3913 «recollegit»,
2196 3849 2250 3899 id
2275 3848 2420 3913 quod
2443 3862 2605 3915 repu—

1549 3928 1677 3990 gnat
1716 3923 2089 3976 consuetudini
2139 3923 2370 3987 Latinae)
2424 3927 2479 3975 et
2529 3924 2599 3975 ab

1548 4000 1926 4063 Oudendorpio
1944 3999 2013 4049 ad
2029 3994 2181 4063 Apul.
2196 3999 2318 4051 Met.
2334 4000 2383 4049 6.
2404 4011 2460 4063 p.
2481 3997 2595 4050 tas.

1363 4261 1663 4271 m
