3234 4975
1201 421 1404 472 LIBER.
1484 421 1678 473 CARM.
1716 420 1777 473 X.

2467 416 2578 481 704

1189 963 1824 1026 cmx-

759 1160 920 1226 Mala
963 1160 1171 1227 soluta
1220 1163 1401 1228 navis
1446 1164 1574 1230 exit
1617 1161 1800 1238 alite,

845 1284 1085 1347 Ferens
1129 1281 1408 1349 olentem
1453 1283 1808 1349 Maevium:

759 1402 838 1469 Ut
880 1401 1159 1468 horridis
1202 1411 1547 1490 utrumque
1591 1401 1903 1469 verberes
1948 1403 2148 1478 latus,

840 1525 1103 1598 Auster,
1151 1533 1474 1589 memento
1520 1520 1856 1588 fluctibus!

756 1642 949 1730 Niger
993 1642 1299 1719 rudentes
1343 1644 1552 1709 Eurus
1597 1643 1857 1709 inverso
1904 1646 2062 1709 mari
2546 1650 2587 1711 5

843 1766 1240 1850 Fractosque
1284 1783 1501 1830 remos
1547 1761 1838 1843 differat3

754 1887 1047 1972 lnsurgat
1087 1884 1348 1972 Aquilo,
1400 1895 1679 1971 quantus
1723 1883 1865 1951 altis
1914 1886 2236 1953 montibus

547 2082 607 2132 X.
664 2084 822 2134 inser.
860 2082 996 2147 volg.
1050 2085 1110 2134 In
1141 2085 1396 2135 Maeuium
1421 2088 1661 2147 poetam,
1715 2088 1769 2135 et
1819 2084 1895 2134 sic
1930 2098 1977 2134 c.
2039 2109 2092 2121 -
2152 2086 2374 2136 Invisum
2413 2086 2507 2136 sibi

478 2157 733 2207 Maeuium
764 2159 964 2207 devovet
993 2162 1050 2207 ut
1080 2159 1340 2208 horrendis
1365 2165 1634 2221 prematur
1665 2159 2029 2221 tmpestacibus
2047 2161 2106 2209 B.
2138 2184 2192 2195 -
2232 2161 2346 2211 Om.
2374 2162 2430 2211 T.
2463 2189 2516 2197 —

484 2232 531 2279 4.
568 2231 708 2281 Malo
741 2232 1042 2281 Victorinus
1075 2244 1129 2295 p.
1170 2233 1313 2282 ⁴252.
1353 2234 1408 2281 P.
1451 2256 1504 2268 -
1543 2233 1591 2284 4.
1627 2233 1829 2296 flatibus
1863 2232 1992 2283 Cod.
2029 2245 2168 2282 unus
2195 2235 2250 2295 (9)
2288 2232 2520 2295 Valartii,

482 2304 610 2353 item
642 2305 978 2355 Burmannus
1012 2304 1081 2353 ad
1115 2304 1286 2355 valer.
1324 2303 1491 2355 Flacc.
1530 2307 1551 2355 4
1583 2343 1595 2366 ,
1634 2305 1747 2355 639.
1790 2329 1843 2341 -
1882 2305 1930 2354 ὅ.
1966 2307 2191 2355 rudentis
2223 2307 2313 2356 Bc.

482 2479 544 2528 X.
599 2478 737 2529 Diris
771 2479 1104 2542 naufragium
1138 2479 1465 2544 imprecatur

417 2554 641 2603 Maevio.
713 2554 979 2605 «Maevius
1027 2557 1186 2617 poeta
1234 2555 1329 2605 fuit
1362 2555 1465 2604 ini-

416 2628 591 2678 micus
614 2629 837 2687 Horatii,
876 2628 1203 2679 obtrectator
1224 2630 1463 2678 omnium

417 2702 655 2751 virorum
706 2701 1013 2763 doctorum,
1067 2703 1180 2766 ipse
1232 2704 1466 2752 sectator

416 2788 613 2825 vocum
646 2776 1037 2838 antiquarum.»
1091 2777 1258 2827 Coun.
1302 2777 1461 2833 Cano.

418 2850 657 2900 Marcum
678 2850 933 2900 Maeuium
951 2852 1109 2900 vocat
1131 2848 1313 2900 Glossa
1331 2848 1461 2899 Cod.

420 2926 463 2973 Α
509 2923 777 2973 Venderb.
863 2924 1211 2988 «Triumphos
1274 2925 1468 2973 Caesa-

421 2997 494 3047 ris
539 2995 678 3047 male
722 2997 1053 3061 descripsit.»
1112 2997 1294 3048 Glossa
1330 2997 1461 3047 Cod.

416 3072 462 3121 H
495 3071 763 3122 Vanderb.
802 3073 943 3135 Virg.
981 3071 1090 3122 Ecl.
1129 3072 1188 3133 3,
1225 3073 1318 3122 90.
1370 3073 1467 3134 Qui

415 3146 634 3196 Bovium
664 3160 768 3196 non
800 3148 935 3208 odit,
983 3151 1118 3196 mnet
1150 3150 1242 3195 tua
1273 3147 1467 3196 carmi-

413 3233 515 3281 na,
550 3222 736 3271 Μαουί.
810 3221 915 3272 Cir.
973 3221 1247 3271 Weichert
1294 3222 1461 3270 Poett.

415 3295 528 3343 Lat.
564 3306 620 3357 p.
658 3294 772 3345 342.
811 3296 963 3346 Estre
996 3295 1118 3345 Hor.
1155 3297 1240 3345 Pr.
1264 3308 1317 3359 p.
1347 3295 1460 3345 404.

415 3366 650 3416 Ridicule
713 3367 781 3417 de
832 3369 1035 3418 Maevio
1092 3369 1466 3419 pseudoscho-

415 3436 565 3488 liasta
615 3439 778 3490 Ibidis
820 3432 1056 3490 ovidiani
1074 3480 1086 3501 ‚
1139 3454 1312 3504 aeque
1362 3443 1467 3491 im·

413 3511 682 3576 pudenter
727 3512 962 3563 mendax
1002 3516 1163 3577 atque
1211 3513 1463 3578 Apuleius

416 3586 639 3647 ostiani,
687 3586 922 3650 scriptor
954 3587 1023 3636 de
1059 3587 1258 3649 origine
1293 3589 1464 3650 gentis

415 3661 684 3710 Romanae
744 3672 808 3709 ac
859 3659 1088 3722 simileS‚
1154 3660 1222 3710 ad
1257 3674 1309 3710 v.
1346 3662 1460 3711 544.

414 3733 551 3784 haec
585 3737 798 3784 narrat:
851 3735 1080 3784 Maevius
1102 3737 1260 3796 poeta
1279 3771 1291 3795 ,
1341 3735 1466 3795 quia

412 3807 547 3858 mdc
597 3806 926 3868 descripserat
966 3807 1329 3857 Auianiemimn
1373 3822 1465 3871 90-

414 3888 495 3932 sta
509 3920 528 3944 ,
583 3882 647 3932 ab
688 3882 752 3931 iis
783 3882 838 3931 in
870 3894 1124 3931 carcerom
1149 3882 1342 3943 positus
1373 3888 1461 3945 est,

413 3956 501 4005 ubi
533 3969 648 4006 eum
675 3955 811 4018 saone
840 3955 974 4004 mori
1004 3955 1294 4016 fecerunta
1315 3956 1467 4006 libros

412 4031 522 4081 eius
552 4031 853 4081 deleverim.
892 4027 1075 4088 Attuli,
1114 4029 1237 4091 quia
1261 4030 1463 4080 Franke

414 4118 469 4169 p.
513 4105 625 4155 434.
680 4103 845 4154 fldem
896 4102 1019 4152 huic
1053 4101 1334 4153 mendacio
1369 4104 1466 4151 tri-

414 4179 597 4230 buisse
648 4179 891 4239 videtur,
947 4180 1006 4227 ut
1054 4189 1123 4226 ne
1174 4176 1294 4240 quis
1330 4174 1463 4228 alius

414 4255 725 4320 decipiatur.
762 4253 1100 4306 inaudiverat
1123 4251 1347 4302 fortasse
1372 4251 1467 4300 ho-

1538 2492 1628 2531 mo
1674 2491 1910 2542 nequam
1956 2477 2155 2542 aliquid
2197 2479 2266 2529 de
2307 2481 2504 2532 Naevio
2554 2498 2587 2531 a

1537 2552 1805 2605 nobilibus
1867 2555 2122 2604 Romanis
2186 2555 2238 2603 in
2310 2567 2589 2606 carcerem

1537 2629 1781 2678 coniecto
1823 2629 1877 2677 et
1917 2628 1971 2678 in
2007 2625 2251 2677 exsilium
2286 2631 2433 2689 acto,
2487 2630 2587 2680 nisi

1537 2713 1759 2765 prorsus
1804 2701 1873 2751 de
1914 2715 2014 2752 suo
2058 2703 2343 2753 ementitus
2388 2706 2486 2754 est.
2528 2731 2583 2741 --

1538 2777 1797 2839 Tempus,
1836 2786 1943 2837 quo
1980 2775 2083 2825 hoc
2117 2788 2335 2826 carmen
2371 2789 2592 2840 compo-

1538 2849 1699 2899 situm
1750 2849 1848 2908 sit,
1902 2847 2109 2898 definiri
2159 2850 2361 2912 nequit.
2436 2855 2591 2903 Anno

1539 2923 1654 2972 746.
1693 2923 1929 2985 assignat
1963 2922 2265 2973 Grotefend.

1607 2997 1749 3046 4-6.
1785 2996 2184 3061 Mala—-aliteJ
2220 2996 2315 3046 Od.
2344 2998 2392 3056 4,
2422 2998 2585 3057 ⁴5‚5:

1537 3071 1683 3121 Mala
1715 3071 1854 3120 ducis
1885 3071 1971 3119 avi
2003 3071 2220 3120 domum
2268 3097 2323 3106 —
2384 3072 2590 3121 mmm-

1539 3158 1635 3205 que
1667 3144 1800 3194 lacus
1830 3147 1892 3194 ut
1920 3144 2141 3195 verberet
2171 3145 2386 3204 Auster,
2425 3156 2590 3207 opor-

1539 3221 1619 3268 tet
1667 3231 1862 3269 navem
1912 3231 1944 3267 a
1994 3216 2225 3282 procella
2279 3217 2584 3281 circumagi.

1539 3292 1653 3343 Val.
1681 3292 1850 3343 Flacc.
1881 3294 1939 3353 4,
1966 3292 2089 3342 639:
2136 3292 2281 3341 Illam
2313 3291 2408 3340 huc
2440 3296 2593 3353 atque

1538 3368 1659 3418 illuc
1689 3380 1825 3417 nunc
1857 3372 2092 3429 torquem
2138 3365 2371 3414 verberat
2399 3367 2586 3414 Eurus,

1544 3467 1598 3478 —
1638 3441 1822 3506 Niger]
1860 3439 2065 3491 «nubes
2100 3451 2352 3501 cogens.»
2406 3438 2502 3488 Od.
2530 3440 2586 3497 4,

1538 3516 1596 3576 ὅ,
1626 3516 1687 3565 6:
1726 3528 1911 3577 aspera
1947 3513 2372 3576 Nigrisaequora
2408 3512 2582 3561 venti-5.

1538 3591 1890 3653 opponuntur
1920 3587 2081 3636 Notus
2113 3585 2257 3634 albus
2296 3584 2392 3634 Od.
2433 3585 2492 3645 4,
2535 3586 2585 3645 7,

1541 3663 1622 3712 45.
1662 3664 1718 3711 et
1750 3660 1951 3711 candidi
1984 3659 2193 3709 Favonii
2226 3658 2321 3708 Od.
2357 3657 2417 3717 3,
2451 3658 2509 3714 7.
2539 3658 2587 3706 4.

1541 3736 1792 3785 Ceterum
1841 3734 2033 3783 ventos
2088 3744 2276 3783 omnes
2332 3730 2594 3781 adversos

1537 3809 1591 3857 in
1628 3809 1904 3858 Graeciam
1955 3806 2222 3868 naviganti
2273 3808 2587 3864 enumerat,

1539 3894 1645 3931 non
1692 3879 1959 3931 secundos
1982 3917 1994 3941 ‚
2047 3881 2243 3930 Notum
2286 3880 2448 3941 atque
2483 3878 2591 3928 im-

1539 3956 1726 4019 primis
1779 3957 1991 4018 lupyga.
2047 3952 2158 4015 (Od.
2209 3954 2267 4012 4,
2315 3951 2374 4013 3,
2423 3949 2492 4013 4.)
2532 3978 2587 3988 -

1539 4029 1752 4093 inmersa]
1791 4029 2089 4078 «commoto
2124 4039 2188 4076 ac
2219 4025 2586 4089 perturbato.»

1540 4101 1718 4165 virgil.
1746 4105 1874 4153 Aen.
1904 4103 1925 4150 4
1949 4139 1961 4161 ,
1987 4100 2081 4151 43:
2118 4100 2387 4160 ova-tuque
2408 4112 2591 4160 aequo-

1539 4190 1607 4225 ra
1637 4175 1808 4225 ventis.
1858 4202 1911 4211 —
1981 4174 2210 4238 differat]
2283 4172 2588 4223 «disiiciatm

1542 4249 1710 4313 Epod.
1736 4250 1795 4310 5,
1820 4248 1912 4298 99:
1948 4248 2173 4299 manbra
2203 4249 2431 4311 different
2461 4244 2588 4305 lupi.
