3234 4975
1250 395 1369 446 Lm.
1407 394 1490 445 111.
1560 395 1620 445 C.
1657 396 1741 446 XI.

926 549 1217 619 Claustra
1259 548 1512 616 tenebo,

754 710 853 776 Me
897 719 1082 798 pater
1123 708 1334 776 saevis
1379 718 1605 775 oneret
1648 708 1921 785 catenis,

2455 394 2578 460 445

2494 712 2575 777 45

753 831 944 912 Quod
984 831 1123 897 viro
1168 829 1450 898 clemens
1492 829 1732 896 misem
1776 830 2069 918 peperci3

753 953 853 1019 Me
897 951 1001 1019 vel
1044 960 1365 1019 extremos
1407 951 1829 1019 Numidarum
1872 952 1936 1018 in
1979 973 2169 1040 agros

925 1072 1149 1141 Classe
1191 1071 1452 1160 releget.

755 1234 814 1309 1,
859 1231 1065 1320 pedes
1108 1252 1240 1318 quo
1282 1241 1348 1298 te
1393 1232 1649 1319 rapiunt
1692 1243 1757 1299 et
1796 1253 2027 1311 aurae,

758 1353 927 1418 Dum
967 1353 1137 1419 favet
1176 1374 1305 1419 nox
1348 1363 1414 1419 et
1453 1355 1699 1432 VenuS,
1747 1354 1766 1418 i
1812 1353 2100 1421 secundo

2498 1358 2579 1422 50

755 1474 987 1542 Omine
1031 1484 1096 1541 et
1138 1474 1338 1541 nostri
1382 1494 1737 1541 memorem
1779 1475 2080 1563 sepulcro

930 1594 1159 1683 Scalpe
1202 1594 1553 1685 querelam.

547 1775 631 1828 49.
665 1776 867 1838 rapient
898 1774 934 1825 d
968 1773 1113 1826 solus
1145 1775 1285 1825 inter
1317 1787 1469 1826 meos
1486 1814 1499 1837 ‚
1536 1789 1640 1827 nec
1674 1774 1884 1826 aliunde
1917 1780 2276 1830 memoratum
2297 1780 2422 1831 vidi.
2454 1807 2513 1819 -

483 1852 566 1901 54.
601 1850 817 1913 sepulcri
845 1846 880 1898 δ
911 1863 996 1914 ap.
1034 1850 1248 1901 Kirehn.
1287 1852 1347 1900 N.
1386 1853 1446 1911 Q.
1484 1851 1608 1902 Hor.
1645 1864 1701 1915 p.
1737 1851 1821 1901 56.
1858 1877 1917 1889 -
1955 1852 2035 1902 52.
2075 1852 2258 1916 Sealpo
2289 1853 2512 1917 Sed‚LF'.

484 1923 686 1989 (scalpo
726 1924 865 1987 BbT,
924 1923 1093 1976 Codd.
1144 1923 1350 1988 Bland.,
1402 1928 1613 1990 septem
1663 1927 1893 1977 Pottierii
1927 1928 1982 1976 et
2025 1930 2313 1980 Grammat.
2349 1929 2513 1981 Eiohf.

482 2013 537 2064 p.
575 2000 710 2063 427.)

422 2171 545 2240 (τὴν
582 2170 1059 2246 Τπερμνήστραν)
1103 2170 1395 2243 ὑπήγαγεν
1429 2170 1464 2226 ὁ
1544 2178 1724 2242 Venus]
1777 2178 1988 2239 λεχέων
2031 2179 2367 2251 ἐπίκουρος,
2422 2182 2584 2233 Colu-

420 2246 649 2313 Δαναὸς
694 2254 776 2313 εἰς
810 2247 1212 2337 δικαστήριον,
1264 2245 1369 2302 τοῦ
1404 2265 1467 2301 τε

419 2324 687 2392 Λυγκέως
710 2320 821 2377 οὐκ
841 2319 1148 2376 ἀκίνδυνον
1170 2318 1325 2391 αὑτῷ
1360 2321 1467 2391 τὴν

421 2400 710 2489 σωτηρίαν
741 2395 1091 2467 ἡγούμενος,
1125 2399 1226 2449 καὶ
1249 2391 1341 2450 ὅτι
1360 2395 1465 2449 τοῦ

420 2469 789 2540 τολμήματος
825 2468 894 2526 οὗ
929 2468 1311 2541 μετασχοῦσα
1342 2478 1467 2536 ταῖς

421 2544 697 2613 ἀδελφαῖς
744 2549 843 2599 καὶ
876 2546 953 2616 τῷ
986 2545 1367 2612 βουλεύσαντι
1399 2544 1467 2599 τὸ

423 2619 643 2688 ὄνειδος
693 2619 932 2692 ηὔξησε.
996 2626 1264 2696 κριθεῖσα
1308 2622 1371 2676 δὲ
1406 2624 1467 2676 ἐν

421 2704 545 2762 τοῖς
587 2694 642 2749 'A
642 2701 853 2771 ργειοις
896 2694 1216 2767 ἀποφεύγει
1260 2715 1321 2750 τε
1368 2702 1468 2751 καὶ

416 2715 751 2846 Ἀφροδίτην
791 2773 885 2825 ἐπὶ
928 2771 1070 2840 τῷδε
1101 2768 1350 2861 ἀνέθηκε
1381 2790 1468 2826 νι-

421 2847 707 2920 κηφόρον.
777 2850 1002 2901 Veneris
1037 2850 1180 2900 euim
1202 2850 1470 2900 interven-

422 2928 482 2975 tu
515 2924 658 2989 apud
688 2922 1015 2988 Aeschylum
1059 2925 1113 2973 in
1145 2922 1469 2975 Danaidibus

424 2998 667 3052 absoluta
718 3002 849 3050 erat.
908 3024 963 3035 —
1033 3004 1202 3050 oneret
1252 2999 1468 3063 catonis]

424 3074 571 3124 ovid.
609 3074 733 3125 Her.
772 3072 864 3137 44,
891 3074 955 3125 3:
1002 3075 1189 3126 Clausa
1217 3076 1363 3125 domo
1393 3079 1469 3123 to-

424 3161 546 3199 noor
573 3148 907 3214 manibusque
939 3151 1162 3201 coercita
1190 3150 1382 3200 vinclis.

490 3295 553 3348 47
577 3323 606 3333 -
627 3297 710 3347 50.
778 3299 1049 3363 σωινοηιοε]
1123 3299 1467 3351 Occidentem

424 3383 705 3421 versus.—
725 3372 1078 3438 Numidam]
1103 3376 1286 3438 utpote
1306 3388 1468 3438 quam

425 3445 657 3496 maxime
706 3446 959 3497 ferorum.
1049 3450 1228 3513 Eurip.
1283 3449 1465 3501 Helen.

426 3517 548 3569 404:
607 3515 832 3584 Λιβύης
863 3521 909 3568 τ’
946 3517 1199 3590 ἐρήμους
1230 3518 1472 3588 ἀξένους

426 3592 474 3641 τ’
509 3589 842 3664 ἐπιδρομάς.
893 3618 948 3629 -
1011 3594 1198 3659 Classe]
1232 3610 1330 3661 pro
1364 3609 1470 3647 una

430 3666 569 3717 navi.
611 3694 668 3704 -
710 3668 762 3728 Ι,
790 3668 1019 3733 pede-q«
995 3668 1145 3718 «Sive
1180 3671 1321 3720 terra
1355 3672 1468 3721 sive

428 3741 563 3791 mari
605 3740 707 3792 iter
751 3741 924 3794 facere
960 3740 1135 3802 voles,
1185 3755 1467 3808 propera.»

430 3814 536 3867 Cir.
573 3816 739 3881 Epod.
778 3818 867 3878 46,
905 3819 987 3869 24.
1057 3814 1210 3867 Silius
1251 3816 1310 3878 3,
1354 3818 1467 3866 446.

428 3887 607 3941 Imilce
630 3890 869 3946 Annibali
892 3890 1009 3942 vale
1033 3890 1246 3941 dicens:
1283 3891 1311 3939 1
1326 3890 1469 3953 felix,

428 3965 447 4013 i
495 3966 778 4016 'immitibus
839 3967 1062 4030 votisque
1108 3963 1348 4015 secundis.
1413 3990 1466 3998 —

1538 2253 1661 2303 thus
1693 2254 1808 2304 202.

1603 2328 1687 2377 54.
1731 2327 1915 2393 ποτὰ-ι’]
1966 2327 2116 2378 Falso
2149 2326 2384 2379 nonnulli
2417 2331 2583 2379 inten-

1538 2402 1731 2465 pretati
1755 2402 1901 2452 sunt:
1941 2403 2247 2466 «utriusque
2281 2404 2575 2464 nostrum»,

1539 2489 1664 2527 cum
1698 2477 1795 2528 sit:
1849 2477 2045 2539 «mei»,
2083 2478 2142 2527 ut
2163 2476 2258 2527 Od.
2284 2477 2341 2538 3,
2367 2478 2455 2538 27,
2484 2477 2578 2530 44;

1536 2553 1602 2601 Ec
1633 2565 1823 2602 memor
1851 2552 2041 2614 nostri,
2079 2552 2322 2613 Galatea,
2355 2554 2515 2604 viva-3.

1603 2626 1684 2675 52.
1723 2626 1923 2690 scalpe]
1965 2626 2169 2676 Gratior
2202 2639 2366 2676 sonus
2399 2626 2584 2677 firma-

1538 2701 1626 2749 tur
1659 2698 1727 2748 ab
1762 2699 2129 2763 antiquissimo
2162 2712 2286 2749 meo
2322 2698 2453 2750 Cod.
2491 2700 2577 2749 B.:

1538 2774 1715 2826 minus
1764 2774 1946 2836 utique
1997 2775 2206 2835 gratum
2256 2775 2339 2824 est
2385 2773 2442 2823 al
2472 2800 2501 2810 -
2531 2773 2587 2823 al

1537 2846 1666 2897 iliud
1697 2847 1751 2896 in
1775 2846 1896 2897 leet.
1938 2847 2163 2909 sepiam-o
2199 2847 2407 2909 sculpo3
2445 2859 2584 2911 quae

1539 2921 1760 2985 quidem
1792 2922 1993 2972 formae
2027 2921 2227 2986 ubique
2251 2922 2588 2974 confundun-

1540 2997 1644 3046 tur.
1683 2995 1790 3047 Cfr.
1827 2997 1947 3046 Fea.
1987 2997 2241 3048 Ceterum
2273 2997 2588 3061 comparant

1538 3065 1746 3136 γλάφω
1795 3073 1851 3121 et
1895 3065 2117 3136 γλύφω.
2174 3096 2230 3108 ·-
2304 3070 2584 3134 querelarn]

1541 3143 1783 3196 «titulum
1831 3143 2187 3209 sepulcralem
2245 3147 2300 3196 in
2365 3148 2586 3196 cenota-

1538 3219 1694 3283 phio,
1742 3220 1850 3270 mei
1893 3221 2091 3270 amoris
2124 3223 2582 3271 monumentum.»

1540 3294 1879 3358 Epitaphium
1894 3294 1996 3344 hoo
2012 3296 2264 3359 proponit
2280 3294 2423 3358 apud
2435 3292 2581 3344 Ovid.

1541 3369 1666 3418 Her.
1707 3367 1793 3429 44,
1828 3368 1951 3419 ⁴28:
1988 3369 2288 3431 Scriptaque
2316 3369 2417 3417 sint
2445 3366 2587 3416 titulo

1539 3448 1715 3492 nostra
1747 3443 1976 3505 sepulcra
2024 3442 2197 3492 brevi:
2257 3441 2449 3491 «Exsul
2479 3441 2587 3502 Hu-

1533 3522 1852 3578 parm-ostra
1878 3517 2096 3580 pretim
2111 3516 2315 3579 pietatis
2334 3515 2582 3575 Μυκη,

1544 3593 1711 3654 Quam
1754 3596 1967 3641 mortem
2011 3591 2168 3655 fram
2214 3589 2424 3650 depulit,
2475 3588 2589 3650 ipsa

1541 3667 1705 3717 ευιίι.»
1739 3666 1944 3717 Desinit
1974 3666 2157 3715 autem
2198 3665 2252 3713 in
2289 3663 2588 3731 φαντασίᾳ

1541 3742 1779 3804 poetica,
1832 3752 2007 3803 neque
2041 3738 2110 3788 ad
2145 3736 2328 3801 Lyden
2360 3739 2589 3788 reverti-

1544 3818 1656 3876 tur,
1711 3817 1769 3863 ut
1809 3812 1933 3863 alibi
1967 3811 2235 3863 interdum
2269 3812 2588 3862 sententiam

1543 3889 1597 3937 in
1649 3887 1866 3938 exordio
1911 3887 2239 3951 propositam
2286 3885 2387 3936 sub
2423 3884 2587 3937 finem

1544 3963 1785 4013 resumit.
1826 3961 1931 4012 Cir.
1959 3959 2053 4009 Od.
2083 3961 2140 4022 4,
2167 3961 2215 4011 7.
2245 3963 2299 4012 et
2319 3960 2374 4023 3,
2402 3961 2482 4011 27.

1466 4210 1479 4218 s
