3234 4975
1169 407 1287 457 LIB.
1325 407 1364 455 1.
1437 408 1493 456 C.
1533 407 1660 456 XVI.

2428 403 2550 468 403

815 573 1025 637 Pones
1064 571 1328 649 iambis,
1365 572 1516 638 'sive
1561 571 1818 638 flamma

907 694 1057 761 Sive
1104 695 1261 761 mari
1305 693 1462 761 libet
1504 693 1850 760 Hadriano.

731 854 871 919 Non
912 853 1350 943 Dindymene,
1397 873 1525 919 non
1566 852 1781 941 adytis
1824 853 2029 940 quatit
2508 855 2547 917 5

728 975 1005 1042 Mentem
1048 974 1457 1042 sacerdotum
1501 973 1712 1041 incola
1754 973 2045 1064 Pythius,

811 1098 951 1161 Non
994 1095 1187 1163 Liber
1228 1117 1469 1184 aeque,

1518 1117 1647 1161 non
1692 1107 1880 1163 acuta

525 1321 572 1373 4.
613 1324 828 1372 adriam
863 1322 914 1372 d.
959 1351 1010 1359 —
1048 1325 1096 1372 5.
1136 1324 1275 1385 adyti
1309 1323 1759 1374 Hemsterhusius.
1793 1352 1846 1358 —
1874 1325 2040 1386 quatis
2070 1324 2127 1374 B.
2162 1352 2213 1359 -—
2236 1325 2283 1374 6.
2310 1326 2486 1375 Mentis

459 1395 748 1448 Dorvillius

393 1593 549 1642 matis
593 1592 834 1644 iambicis
881 1592 1087 1654 Quintil.
1136 1594 1217 1654 40,
1268 1594 1315 1654 4,
1373 1594 1432 1642 9;

457 1739 505 1791 4.
564 1741 844 1806 Hadriano]
902 1743 1046 1792 Haec
1097 1742 1264 1793 forma
1314 1755 1440 1806 pro-

394 1816 506 1879 prie
539 1815 607 1865 de
631 1816 814 1867 incolis
838 1816 1061 1867 Hadriae
1085 1817 1264 1882 oppidi
1285 1830 1440 1867 usur-

392 1892 564 1954 patur.
649 1891 1000 1941 Hadriaticum
1048 1895 1227 1942 autem
1285 1904 1434 1942 mare

394 1978 499 2014 non
534 1966 770 2016 nominat
801 1968 1077 2029 tamquam
1108 1968 1300 2017 ceteris
1332 1968 1437 2016 im-

393 2040 684 2103 petuosius,
721 2040 819 2091 sed
857 2045 914 2091 ut
946 2040 1040 2090 Od.
1080 2043 1127 2101 4,
1165 2043 1213 2102 4,
1241 2041 1321 2093 44.
1350 2043 1434 2092 45.

393 2115 648 2175 Myr-town
696 2118 750 2165 et
797 2116 1047 2175 Icadium
1106 2116 1201 2166 Od.
1251 2118 1300 2178 4,
1346 2117 1429 2176 26,

393 2189 472 2238 45.
529 2190 792 2251 Creticmn,
843 2203 908 2240 ex
937 2194 1214 2255 poetarum
1261 2204 1429 2252 more,

391 2267 450 2313 ut
492 2265 623 2314 certi
676 2263 899 2316 alicuius
944 2266 1105 2316 maris
1149 2265 1433 2327 imaginem

390 2338 543 2389 nobis
574 2341 698 2389 ante
733 2338 918 2391 oculos
945 2342 1125 2405 ponat.
1191 2340 1311 2403 (Cir.
1354 2341 1438 2390 Ti-

391 2412 517 2463 buu.
570 2415 618 2475 4,
668 2415 718 2473 9,
762 2414 852 2466 49:
919 2416 1015 2465 Illa
1057 2417 1204 2466 velim
1249 2417 1436 2479 rapida

400 2490 636 2539 Volcanus
666 2492 902 2540 camina
919 2494 1131 2557 flama
1164 2493 1369 2543 Torreat
1388 2496 1436 2542 et

390 2564 1174 2631 liquidadeleatamnisaqua.)

439 2640 503 2689 ’5.
571 2640 897 2705 Dindymene]
950 2641 1152 2705 Cybele
1198 2655 1244 2692 s
1290 2642 1432 2691 Rhea

391 2727 422 2762 a
444 2713 728 2778 Dindyma,
763 2716 1023 2779 Phrygiae
1047 2719 1231 2767 monte
1265 2729 1432 2780 prope

395 2790 787 2850 Pessinuntem,
824 2790 916 2841 ubi
936 2792 1272 2855 potissimum
1296 2790 1435 2841 cole-

398 2861 568 2912 batur.
622 2891 678 2899 —
733 2867 848 2916 Non
896 2865 1077 2930 adytis]
1125 2867 1322 2917 Caesar
1369 2868 1428 2917 B.

397 2936 454 2985 C.
491 2936 541 2996 3,
575 2939 696 2988 ⁴05:
746 2942 979 3005 Peryami
1023 2942 1079 2991 in
1124 2943 1326 2992 occultis
1372 2956 1434 2991 ac

389 3012 589 3061 remotis
630 3014 830 3077 teinpli,
882 3029 980 3077 quo
1022 3021 1227 3077 praetor
1262 3030 1432 3066 sacer-

394 3084 525 3133 dotes
552 3088 698 3137 adire
725 3089 808 3153 sas
836 3103 938 3139 non
970 3095 1064 3151 est,
1103 3104 1231 3151 quae
1253 3091 1434 3140 Graeci

389 3151 575 3285 {zava
621 3163 901 3226 appeltam,
969 3169 1212 3227 emmam
1261 3178 1435 3215 sonue-

457 3310 506 3358 6.
579 3309 839 3373 Apollo,
897 3313 1042 3376 adyti
1091 3313 1326 3380 Delphici
1379 3316 1433 3364 et

393 3383 583 3434 Deliaci
619 3385 816 3446 incola,
869 3386 1047 3440 divino
1090 3391 1270 3441 afflatu
1309 3403 1435 3440 con-

394 3459 519 3508 citat
548 3453 863 3525 ὖκοφητῶν
898 3475 1116 3514 suorum
1139 3467 1427 3515 mentem.»

394 3535 476 3583 Sic
511 3534 695 3585 Catuli.
723 3536 893 3600 Epith.
932 3536 1038 3588 Pel.
1075 3539 1199 3588 229:
1238 3541 1433 3591 Miner-

393 3622 460 3658 va
491 3609 656 3660 incola
697 3612 840 3661 Itoni.
911 3613 970 3661 ln
1015 3613 1228 3663 Horatio
1276 3615 1432 3664 nimis

394 3683 646 3734 audacter
676 3683 761 3735 alii
790 3686 1117 3751 interpretati
1151 3700 1270 3738 esse
1303 3690 1434 3738 mihi

392 3757 668 3808 videntur:
723 3758 931 3810 «incola
959 3762 1153 3812 mentis
1181 3763 1435 3812 sacerdo-

394 3832 574 3891 tum»;
618 3836 699 3895 et,
748 3835 794 3885 si
824 3835 967 3899 apud
1000 3837 1259 3887 Senecam
1290 3836 1431 3888 Med.

395 3905 506 3956 383.
558 3905 782 3971 legimus
812 3916 1008 3973 recepto
1053 3912 1264 3961 Maenas
1300 3912 1438 3961 insa-

391 3981 465 4032 nit
494 3983 606 4044 doe,
642 3984 746 4034 hoc
778 3983 945 4034 multo
966 3984 1143 4037 minus
1171 3985 1434 4035 tumidum

392 4059 476 4107 est
511 4057 566 4108 in
614 4061 774 4122 poeta
824 4061 1098 4124 ceteroqui
1142 4059 1434 4110 luxuriante

392 4144 552 4195 quam
585 4133 706 4183 dem
732 4134 900 4184 incola
927 4136 1107 4185 monitis
1137 4135 1272 4186 foret
1291 4134 1435 4199 apud

393 4206 694 4260 Horatium·
732 4222 873 4271 nam,
911 4222 1035 4260 cum
1069 4209 1163 4260 Od.
1196 4210 1246 4270 3,
1274 4210 1354 4270 40,
1381 4210 1431 4272 3,

390 4282 653 4345 Aquilone:
716 4284 946 4347 regionis
1011 4283 1434 4349 septentrionalis

1508 1593 1703 1642 incolas
1728 1592 1871 1652 dicit,
1910 1592 1965 1643 id
1995 1605 2209 1657 quoque
2232 1592 2301 1643 ad
2324 1595 2551 1657 spatium

1511 1668 1658 1731 quod
1692 1667 1918 1718 dicimus
1952 1681 2272 1731 corporeum
2306 1669 2558 1740 refer·

1509 1742 1796 1793 Tumorem
1820 1743 1976 1806 igitur
2008 1743 2168 1792 istum
2192 1741 2553 1806 relinquamus

1508 1815 1768 1867 Eumenio
1786 1819 1978 1879 Paneg.
2001 1817 2271 1867 Constant.
2289 1817 2369 1866 ⁴7:
2396 1830 2556 1879 quan-

1507 1894 1587 1939 m
1617 1892 1729 1941 illos
1753 1893 1976 1942 caelestis
2001 1892 2207 1954 qve-iem
2234 1892 2445 1941 inu-wit
2464 1892 2555 1940 ha»-

1507 1964 1723 2016 bitator!
1788 1968 1899 2017 Nec
1926 1968 2105 2017 tamen
2134 1968 2419 2030 propterea
2448 1965 2549 2027 leg.

1507 2041 1663 2101 adyti,
1716 2055 1853 2105 quae
1889 2043 2021 2092 ratio
2053 2041 2289 2105 pedestri
2317 2041 2553 2091 sermoni

1507 2115 1644 2165 foret
1686 2118 1873 2180 aptior.
1959 2117 2053 2167 Est
2089 2129 2247 2166 vero:
2317 2115 2556 2176 «Pythius

1509 2189 1672 2253 (quod
1705 2192 1934 2242 nominis
1972 2205 2055 2256 pr.
2098 2191 2272 2241 vicem
2306 2191 2548 2250 sustinet,

1504 2268 1564 2314 ut
1591 2266 1827 2325 cyamus
1854 2266 1948 2316 Od.
1983 2267 2039 2326 4,
2064 2267 2146 2325 24,
2172 2265 2263 2328 2.),
2299 2266 2389 2327 qui
2410 2265 2555 2314 inco-

1505 2338 1564 2390 lit
1595 2340 1774 2403 adyta,
1812 2343 1864 2391 in
1900 2341 1982 2391 his
2011 2341 2181 2403 quatit
2213 2343 2347 2390 cet.»
2379 2367 2433 2376 —
2468 2337 2550 2389 Ad

1506 2428 1661 2479 seqq.
1700 2415 1793 2465 ctr.
1836 2414 2106 2465 claudian.
2142 2416 2288 2479 Rapt.
2323 2417 2467 2465 Pros.
2499 2415 2547 2474 4,

1505 2492 1633 2542 208:
1694 2492 1914 2553 Corybas
1964 2505 2067 2540 non
2112 2490 2311 2552 inmittit
2356 2501 2549 2547 enacim

1505 2567 1619 2616 Non
1652 2564 1841 2627 ὑαωιιε,
1874 2580 1978 2615 non
2008 2579 2136 2616 aera
2167 2570 2359 2614 sonant.

1570 2642 1617 2690 7.
1678 2642 1833 2690 «Non
1865 2653 2039 2703 aequo
2074 2639 2250 2689 furore
2275 2637 2552 2689 stimulan-

1506 2718 1592 2764 tur
1627 2713 1755 2764 Galli
1791 2713 2039 2778 Cybeles,
2077 2714 2317 2764 Bacchae
2354 2712 2546 2773 Liberi,

1505 2789 1692 2852 Pythia
1730 2802 1795 2838 ac
1834 2787 2029 2852 Sibylla
2069 2786 2320 2852 Apollinis
2364 2788 2551 2837 insu'n-

1506 2865 1612 2923 ctu,
1650 2857 1752 2913 ‘nec
1785 2864 1899 2927 pari
1916 2863 2109 2913 mentis
2126 2859 2353 2911 tumultu
2376 2862 2553 2925 agitati

1508 2938 1870 3002 Corybantes,
1919 2938 2150 3000 Cybeles
2194 2937 2446 2997 ministri,
2495 2938 2549 2987 in

1507 3013 1717 3064 choreis
1762 3014 1873 3064 suis
1919 3012 2164 3076 cymbala
2195 3013 2396 3062 iteratis
2433 3013 2553 3062 icti-

1505 3087 1608 3139 bus
1654 3086 1898 3152 pulsant,
1954 3093 2014 3138 ut
2068 3087 2146 3137 ira
2195 3086 2401 3152 abrepti
2450 3099 2549 3137 nos

1505 3163 1761 3225 exagitari
1786 3177 1851 3213 ac
1883 3163 2059 3213 furere
2083 3161 2335 3222 solemus,
2374 3163 2551 3212 omnia

1503 3237 1748 3288 terricula
1800 3240 2166 3302 spernentes.»
2245 3238 2321 3287 lta
2370 3237 2416 3287 si
2466 3234 2549 3286 lo-

1506 3324 1631 3362 cum
1677 3312 2114 3376 interpretamur,
2174 3314 2235 3360 ut
2279 3313 2401 3374 post
2450 3324 2550 3361 nos

1504 3386 1629 3437 fecit
1658 3389 1819 3437 etiam
1846 3386 2003 3450 Regel
2037 3389 2093 3437 et
2123 3386 2356 3445 Llibker,
2395 3388 2552 3447 quat-

1505 3464 1628 3512 tuor
1655 3462 2138 3524 yehementissimi,
2187 3462 2370 3523 utpote
2401 3459 2549 3508 sana-

1505 3538 1611 3596 tici,
1651 3536 1841 3587 furoris
1887 3534 2129 3598 exempla
2162 3535 2546 3597 proponuntur.

1504 3610 1725 3662 Bentleii
1772 3624 1903 3661 vero
1951 3610 2253 3660 coniectura
2301 3608 2344 3655 si
2391 3609 2552 3671 yenit-

1504 3691 1647 3745 nant,
1678 3685 1733 3735 id
1767 3688 1865 3744 est,
1895 3698 2047 3734 «cum
2072 3683 2393 3745 geminant»,
2422 3687 2553 3745 poe-

1508 3761 1665 3810 ticam
1692 3758 1793 3810 loci
1826 3761 1937 3808 vim
1964 3756 2254 3808 admodum
2290 3755 2544 3807 debilitat.

1507 3835 1687 3884 Priore
1736 3836 1917 3884 autem
1955 3831 2104 3892 loco,
2157 3844 2225 3881 ne
2272 3830 2355 3882 bis
2404 3832 2550 3883 idem

1508 3909 1729 3970 dicatur,
1758 3908 2120 3970 Dindymenes
2143 3907 2451 3957 sacerdotes
2473 3909 2553 3958 in-

1508 3983 1681 4047 tellige
1706 3982 1895 4044 Gallos,
1922 3994 2151 4046 quorum
2172 3983 2401 4034 insanias
2424 3985 2553 4034 coti-

1508 4058 1594 4109 die
1625 4060 1820 4109 Romae
1850 4056 2065 4107 videbat
2086 4058 2348 4120 Horatius,
2371 4062 2434 4108 ut
2454 4060 2552 4108 Fa-

1509 4133 1805 4183 naticorum
1836 4145 1903 4182 ex
1930 4133 2065 4183 aede
2089 4133 2335 4184 Bellonae
2367 4134 2545 4198 (inser.

1507 4220 1578 4258 m.
1619 4209 1729 4258 Lat.
1764 4209 1826 4258 N.
1878 4207 2065 4273 2347..)
2100 4210 2294 4260 Lucan.
2328 4210 2375 4270 4,
2413 4209 2544 4258 56⁴:

1505 4284 2550 4348 mnmmoerotantessanwown·—
