3234 4975
643 371 726 433 90

1399 376 1655 426 HonATn
1691 377 2027 455 CARMINUMR

1147 530 1401 596 Possint
1443 531 1852 618 imperiosius

977 688 1285 775 Aequor?
1325 690 1464 754 Non
1508 688 1620 755 tibi
1665 700 1813 756 sunt
1858 690 2102 779 integra
2140 692 2360 769 lintea,

976 810 1116 875 Non
1159 809 1257 887 di,
1305 831 1471 897 quos
1518 812 1750 877 iterum
1794 834 2022 900 pressa
2066 835 2263 881 voces
2308 814 2493 881 malo.

2717 813 2798 878 40

1063 930 1370 1011 Quamvis
1415 932 1676 999 Pontica
1720 933 1938 1020 pinuS,

1146 1052 1357 1119 Silvae
1401 1052 1531 1120 filia
1573 1053 1843 1131 nobilis,

975 1203 1179 1268 lactes
1224 1212 1287 1268 et
1328 1223 1534 1289 genus
1580 1213 1646 1270 et
1686 1224 1921 1271 nomen
1966 1205 2220 1285 inutile3

770 1438 848 1486 40.
861 1449 1053 1499 prensa
1067 1437 1127 1487 N.
1150 1437 1410 1488 Heinsius,
1436 1465 1491 1475 —
1514 1439 1592 1489 43.
1613 1452 1770 1502 genus
1784 1440 1958 1490 inutile
1971 1453 2150 1491 nomen
2167 1441 2383 1504 (omisso
2401 1440 2568 1492 altero
2584 1440 2651 1506 et)
2674 1442 2729 1491 Τ.

639 1633 740 1682 hae
774 1633 1030 1695 imagines
1063 1633 1130 1683 ad
1153 1646 1316 1684 unam
1338 1647 1532 1684 navem
1565 1647 1685 1684 ma-

638 1707 828 1757 nifesto
860 1707 1177 1768 reseruntur,
1213 1721 1388 1772 neque
1418 1709 1555 1761 inter
1579 1708 1683 1757 hu-

640 1782 720 1832 ius
754 1786 998 1831 antennas
1028 1785 1083 1831 et
1120 1783 1273 1832 lintea
1316 1782 1494 1845 plures
1541 1783 1682 1831 cart—

634 1869 749 1917 nae,
799 1856 869 1918 (id
915 1859 1027 1917 est,
1079 1858 1139 1906 ut
1176 1856 1340 1906 voluit
1378 1870 1677 1908 nonnemo:

638 1950 662 1977 α
681 1943 1032 1994 quaecunque
1079 1930 1210 1981 aliae
1257 1945 1420 1982 naves
1468 1936 1684 1996 praeter

635 2006 688 2054 te
724 2004 936 2055 funibus
969 2008 1180 2056 carent:
1201 2007 1244 2069 n)
1286 2008 1547 2071 interponi
1580 2021 1683 2072 po-

641 2081 830 2129 terant.
901 2081 1216 2131 Necessario
1258 2082 1413 2145 igitur
1442 2084 1682 2133 statuen-

637 2153 766 2203 dum
801 2153 1058 2205 adversus
1089 2154 1360 2218 volgarem
1390 2160 1682 2207 consuetu-

637 2228 846 2289 dinem,
899 2228 1144 2293 exemplo
1190 2229 1410 2281 fortasse
1460 2231 1681 2282 alicuius

636 2303 945 2366 antiquioris
978 2307 1199 2366 poetae,
1231 2303 1419 2367 plurali
1453 2320 1680 2358 numero

640 2390 797 2427 usum
830 2390 949 2427 esse
982 2379 1256 2427 Horatium
1278 2416 1290 2438 ,
1329 2382 1388 2428 ut
1419 2394 1580 2446 saepe
1615 2384 1680 2432 li-

634 2454 800 2513 mina,
836 2457 964 2504 tecta
996 2453 1064 2503 de
1089 2466 1192 2504 una
1227 2453 1407 2505 domo,
1445 2457 1683 2521 Legeba-

634 2530 723 2577 tur
770 2527 894 2577 olim
944 2529 1084 2592 apud
1133 2530 1243 2580 Cic.
1280 2530 1348 2580 de
1387 2532 1473 2582 Or.
1509 2534 1555 2594 4,
1591 2533 1676 2596 46,

637 2603 760 2652 480·
817 2603 947 2664 Quid
993 2608 1098 2653 tam
1134 2605 1188 2653 in
1218 2606 1422 2669 naviyio
1452 2622 1681 2659 necessa-

632 2678 770 2727 rium
816 2692 969 2739 quam
1013 2679 1203 2740 latera,
1258 2695 1411 2742 quam
1451 2684 1678 2744 carinae,

635 2766 789 2814 quam
812 2766 995 2816 prora,
1027 2768 1182 2816 quam
1202 2757 1389 2818 puppis
1420 2759 1521 2807 cet.
1573 2759 1680 2808 Sed

635 2840 776 2876 nunc
827 2841 892 2876 ex
943 2828 1111 2878 Codd.
1161 2832 1471 2881 auctoritate
1506 2833 1681 2884 editur

632 2914 907 2962 cavernae,
961 2901 1015 2951 id
1048 2905 1131 2953 est
1151 2942 1162 2964 ,
1217 2907 1352 2955 teste
1399 2907 1578 2956 Servio
1608 2908 1677 2956 ad

632 2977 764 3024 Aen.
801 2976 852 3034 2,
892 2975 970 3023 49.
996 3014 1008 3034 ,
1057 2976 1222 3029 fustes
1267 2980 1415 3028 curvi
1463 2982 1678 3031 navium

633 3049 734 3112 (die
763 3048 992 3114 Repperi),
1031 3052 1225 3114 quibus
1247 3053 1578 3105 extrinsecus
1601 3057 1680 3104 ta-

633 3122 791 3173 bulae
861 3124 1156 3188 affiguntur.
1257 3126 1429 3178 Nolim
1496 3132 1675 3181 tamen

635 3199 794 3248 etiam
837 3199 893 3249 h.
940 3199 972 3249 l.
1017 3199 1192 3262 legere
1241 3214 1503 3252 cavernae.
1568 3205 1677 3266 (Fi-

634 3274 845 3325 dentius
891 3287 1031 3324 nunc
1077 3273 1143 3324 de
1190 3287 1294 3324 una
1331 3278 1508 3326 carina
1532 3278 1678 3328 acci-

633 3350 740 3414 pio,
778 3351 838 3398 ut
868 3349 1006 3411 Virg.
1045 3346 1151 3398 Ecl.
1190 3349 1238 3407 6,
1277 3350 1358 3399 76.
1420 3352 1679 3403 Dulichias

630 3428 767 3474 rates
822 3423 889 3472 de
945 3437 1049 3472 una
1115 3423 1268 3475 Ulixis
1335 3438 1470 3476 nave
1527 3427 1673 3490 dixit,

630 3502 762 3549 Aen.
799 3500 848 3560 2,
885 3498 966 3548 53.
1019 3512 1268 3549 cavernae
1309 3513 1407 3563 pro
1446 3514 1551 3551 una
1584 3517 1678 3553 ca-

629 3586 823 3632 verna;
876 3587 1002 3623 arae
1048 3574 1307 3637 imprimis
1347 3574 1538 3626 crebro
1577 3590 1677 3641 pro

632 3662 722 3698 ara
757 3661 878 3698 una.
915 3650 1046 3698 Aen.
1074 3650 1124 3710 2,
1161 3650 1274 3699 202.
1313 3649 1361 3708 3,
1389 3650 1468 3699 63.
1519 3653 1679 3703 Grae-

633 3737 697 3773 ca
730 3723 884 3773 huius
919 3736 1049 3774 usus
1085 3722 1328 3788 exempla
1362 3724 1528 3774 multa
1563 3726 1678 3776 col-

630 3796 752 3859 legit
793 3797 1003 3847 Lobeck
1050 3798 1118 3848 ad
1162 3799 1323 3863 Soph.
1359 3799 1502 3849 Aiac.
1540 3801 1674 3864 234.)

694 3872 743 3921 8.
812 3872 1138 3936 imperiosius]
1189 3875 1386 3924 «nimis
1421 3875 1677 3938 imperio-

630 3959 778 4005 sum,
816 3960 1035 3997 saevum
1058 3987 1069 4005 ‚
1118 3949 1269 3999 cuius
1304 3961 1465 3998 caeco
1501 3950 1676 4012 impe-

630 4021 708 4069 rio
743 4020 846 4070 iam
881 4034 1070 4084 parere
1094 4021 1264 4073 debes
1288 4037 1389 4074 nec
1423 4023 1674 4073 resistere

630 4097 835 4158 potes.»

697 4171 775 4220 40.
825 4171 893 4235 di]
940 4172 1099 4221 Recte
1135 4171 1374 4236 plerique
1409 4173 1676 4236 interpre-

629 4249 803 4296 tantur
852 4245 918 4297 de
970 4245 1127 4297 tutela
1188 4247 1415 4298 navium.

1755 1635 1877 1684 Her.
1907 1636 1986 1696 46,
2023 1636 2146 1685 442;
2182 1636 2373 1698 Accipit
2404 1641 2451 1686 et
2475 1637 2800 1699 pictospup-

1746 1709 1846 1770 pis
1885 1711 2087 1759 adunca
2118 1712 2246 1760 deos.
2291 1712 2438 1760 PerS.
2463 1712 2510 1773 6,
2536 1712 2628 1761 30:
2672 1712 2801 1761 iacet

1752 1785 1922 1845 ipsein
1938 1784 2081 1833 litore
2103 1785 2506 1848 etunalnyentes
2529 1787 2588 1835 de
2600 1800 2802 1852 puppe

1753 1859 1847 1907 dei.
1929 1857 2105 1908 Altera
2162 1858 2440 1922 explicatio
2494 1860 2630 1910 haec
2686 1860 2795 1911 est:

1756 1934 1895 1982 «Nec
1941 1934 2047 1982 iam
2092 1932 2146 1983 di
2195 1932 2288 1982 tibi
2321 1933 2499 1983 favent
2532 1934 2797 1998 (universi,

1755 2021 1859 2057 non
1890 2006 2064 2057 solum
2098 2008 2284 2057 marini
2332 2010 2387 2058 et
2417 2009 2693 2066 Castores,
2742 2013 2802 2059 ut

1751 2081 1863 2132 volt
1897 2082 2048 2144 HP.):
2082 2082 2271 2133 frustra
2303 2095 2431 2145 ergo
2465 2095 2559 2133 eos
2590 2085 2801 2133 invoca-

1752 2158 1912 2206 veris,
1932 2175 1956 2201 »
2048 2157 2198 2206 Prior
2269 2159 2521 2206 monente
2595 2155 2799 2207 Halmio

1754 2231 1874 2280 ideo
1947 2234 2223 2294 praestare
2274 2230 2512 2291 videtur,
2567 2232 2691 2294 quia
2745 2231 2799 2280 in

1756 2304 2043 2369 praecedd.
2114 2304 2349 2368 reliquae
2422 2305 2568 2354 navis
2620 2308 2799 2368 partes

1755 2381 2152 2430 enumerantur.
2183 2407 2238 2415 -
2259 2380 2450 2443 pressa]
2489 2381 2655 2430 «Cum
2679 2393 2802 2429 rur-

1754 2467 1846 2506 sus
1874 2453 2172 2518 periculum
2204 2455 2257 2504 te
2290 2453 2551 2518 urgebit.»
2599 2452 2800 2506 Placuit

1754 2528 2016 2581 nonnullis
2062 2530 2175 2579 Nic.
2211 2529 2409 2580 Heinsii
2443 2530 2581 2579 coni.
2610 2543 2803 2591 prensa

1756 2605 1825 2668 (in
1874 2604 2041 2654 Codd.
2096 2605 2320 2667 Franeq.
2376 2607 2457 2654 est
2496 2618 2620 2666 pssa
2673 2617 2798 2654 cum

1752 2677 1972 2738 lineola,
2034 2678 2089 2727 id
2146 2681 2228 2728 est
2273 2678 2524 2743 pressa.);
2588 2679 2687 2729 sed
2740 2680 2801 2729 ut

1752 2755 1898 2802 recte
1946 2752 2139 2802 dicitur
2181 2753 2330 2803 navis
2362 2766 2578 2815 prensa,
2620 2755 2799 2816 depre-

1751 2828 1904 2877 hensa
1917 2825 2003 2876 vel
2021 2825 2263 2876 absolute
2300 2826 2410 2889 (Od.
2437 2828 2486 2887 2,
2516 2828 2596 2888 46,
2621 2828 2688 2892 2.)
2712 2827 2799 2878 vel

1752 2903 2052 2965 deprehensa
2079 2906 2392 2963 tempestate,
2432 2903 2682 2963 procella,
2720 2903 2798 2954 sic

1750 2979 1927 3028 minus
1977 2978 2219 3041 apposite
2262 2977 2471 3027 diceres
2501 2979 2800 3039 prehensam

1747 3052 1901 3101 malo,
1988 3051 2134 3101 Ovid.
2188 3052 2326 3101 Fast.
2378 3050 2427 3112 4,
2481 3051 2603 3101 300:
2662 3053 2799 3103 Sedit

1748 3129 1920 3179 limoso
1935 3140 2114 3189 pressa
2133 3126 2316 3175 carina
2332 3127 2484 3188 vado,
2519 3125 2612 3176 uhi
2634 3128 2796 3178 Hein-

1748 3206 1857 3254 sius
1890 3204 2019 3252 item
2051 3200 2216 3251 voluit
2241 3214 2445 3262 prensa.

1816 3278 1894 3327 44.
1931 3276 2151 3339 Pontica]
2187 3276 2318 3336 Quia
2352 3276 2406 3326 in
2434 3277 2603 3326 Ponto
2636 3288 2796 3338 prae-

1747 3352 1934 3402 stantis
1968 3351 2222 3400 materiae
2255 3363 2445 3414 magna
2476 3352 2592 3399 erat
2623 3350 2791 3413 copia.

1749 3424 1934 3478 Catull.
1970 3425 2029 3485 4,
2066 3424 2126 3474 9:
2164 3430 2413 3475 ινιιοοηιυο
2437 3425 2694 3475 Ponticum
2723 3425 2796 3473 si—

1746 3514 1897 3562 num,
1951 3500 2040 3549 Ubi
2086 3500 2177 3550 iste
2212 3505 2327 3561 post
2356 3499 2591 3562 phaselus
2643 3504 2796 3550 antea

1744 3577 1878 3700 fuit2
1873 3575 2081 3625 Comata
2110 3574 2252 3623 silva.

1947 3648 2071 3713 filia]
2117 3649 2198 3699 Ad
2237 3646 2579 3699 Orientalium
2628 3661 2796 3711 genus

1749 3723 1962 3776 dicendi
1979 3723 2215 3783 accedit;
2250 3736 2442 3772 verum
2460 3723 2621 3772 etiam
2643 3723 2791 3773 Pind.

1749 3799 1956 3863 olymp.
2003 3799 2082 3859 40,
2124 3799 2183 3848 2·
2239 3790 2524 3867 οὐρανίων
2572 3790 2796 3848 ὑδάτων

1740 3867 2061 3944 Ὀιιβρίων,
2130 3868 2347 3922 παίδων
2400 3867 2661 3934 νεφέλας.
2736 3900 2793 3909 --

1745 3949 1999 4012 nobilisJ«
1974 3949 2172 3999 «notae
2197 3950 2251 3996 et
2273 3945 2342 3996 ab
2376 3945 2626 3997 omnibus
2650 3945 2797 3996 cele-

1746 4023 2007 4080 hratae»;
2056 4019 2248 4072 melius
2286 4022 2459 4081 enim,
2502 4023 2796 4085 praeeunte

1746 4096 2051 4150 Marklando
2086 4096 2157 4146 ad
2209 4097 2335 4145 Stat.
2372 4095 2495 4145 Silv.
2537 4095 2587 4156 4,
2622 4096 2673 4154 2,
2710 4095 2789 4144 64.

1748 4172 1979 4234 iungitur
2012 4183 2138 4221 cum
2174 4184 2224 4219 v.
2279 4170 2434 4221 silvae
2464 4183 2626 4234 quam
2669 4182 2792 4219 cum

1523 4247 1671 4296 ovid.
1750 4260 1799 4294 v.
1824 4246 1946 4309 fllia.
1981 4273 2033 4281 —
2063 4245 2300 4307 Quamvis
2320 4273 2348 4284 -
2371 4273 2400 4283 -
2416 4246 2571 4296 lactes
2585 4272 2614 4282 -
2631 4272 2659 4282 —
2676 4245 2794 4293 inu-
