<?xml version="1.0" encoding="UTF-8"?>
<!DOCTYPE html PUBLIC "-//W3C//DTD XHTML 1.0 Transitional//EN"
    "http://www.w3.org/TR/xhtml1/DTD/xhtml1-transitional.dtd">
<html xmlns="http://www.w3.org/1999/xhtml" xml:lang="en" lang="en">
 <head>
  <title>
</title>
<meta http-equiv="Content-Type" content="text/html;charset=utf-8" />
  <meta name='ocr-system' content='tesseract 3.04.00' />
  <meta name='ocr-capabilities' content='ocr_page ocr_carea ocr_par ocr_line ocrx_word'/>
</head>
<body>
  <div class='ocr_page' id='page_1' title='image "./qhoratiusflaccu05baitgoog_0094.png"; bbox 0 0 3234 4975; ppageno 0'>
   <div class='ocr_carea' id='block_1_1' title="bbox 666 378 747 441">
    <p class='ocr_par' dir='ltr' id='par_1_1' title="bbox 666 378 747 441">
     <span class='ocr_line' id='line_1_1' title="bbox 666 378 747 441; baseline 0 0"><span class='ocrx_word' id='word_1_1' title='bbox 666 378 747 441; x_wconf 81' lang='lat'>76</span> 
     </span>
    </p>
   </div>
   <div class='ocr_carea' id='block_1_2' title="bbox 1419 377 2047 433">
    <p class='ocr_par' dir='ltr' id='par_1_2' title="bbox 1419 377 2047 433">
     <span class='ocr_line' id='line_1_2' title="bbox 1419 377 2047 433; baseline 0.003 -4"><span class='ocrx_word' id='word_1_2' title='bbox 1419 377 1676 429; x_wconf 73' lang='lat' dir='ltr'>nolum</span> <span class='ocrx_word' id='word_1_3' title='bbox 1713 380 2047 433; x_wconf 76' lang='lat' dir='ltr'>CARmNUM</span> 
     </span>
    </p>
   </div>
   <div class='ocr_carea' id='block_1_3' title="bbox 915 532 2019 722">
    <p class='ocr_par' dir='ltr' id='par_1_3' title="bbox 915 532 2019 722">
     <span class='ocr_line' id='line_1_3' title="bbox 916 532 2001 621; baseline -0.002 -21"><span class='ocrx_word' id='word_1_4' title='bbox 916 532 1108 600; x_wconf 88' lang='lat' dir='ltr'>Liber</span> <span class='ocrx_word' id='word_1_5' title='bbox 1150 543 1215 599; x_wconf 84' lang='lat' dir='ltr'>et</span> <span class='ocrx_word' id='word_1_6' title='bbox 1256 532 1468 599; x_wconf 90' lang='lat' dir='ltr'>saevis</span> <span class='ocrx_word' id='word_1_7' title='bbox 1512 533 1769 601; x_wconf 91' lang='lat' dir='ltr'>inimica</span> <span class='ocrx_word' id='word_1_8' title='bbox 1811 534 2001 621; x_wconf 84' lang='lat' dir='ltr'>Virgo</span> 
     </span>
     <span class='ocr_line' id='line_1_4' title="bbox 915 655 2019 722; baseline 0 -2"><span class='ocrx_word' id='word_1_9' title='bbox 915 655 1132 722; x_wconf 92' lang='lat' dir='ltr'>Beluis</span> <span class='ocrx_word' id='word_1_10' title='bbox 1174 675 1297 721; x_wconf 91' lang='lat' dir='ltr'>nec</span> <span class='ocrx_word' id='word_1_11' title='bbox 1340 663 1403 720; x_wconf 90' lang='lat' dir='ltr'>te</span> <span class='ocrx_word' id='word_1_12' title='bbox 1448 655 1799 721; x_wconf 83' lang='lat' dir='ltr'>metuende</span> <span class='ocrx_word' id='word_1_13' title='bbox 1843 665 2019 722; x_wconf 86' lang='lat' dir='ltr'>certa</span> 
     </span>
    </p>
   </div>
   <div class='ocr_carea' id='block_1_4' title="bbox 1172 774 1721 863">
    <p class='ocr_par' dir='ltr' id='par_1_4' title="bbox 1172 774 1721 863">
     <span class='ocr_line' id='line_1_5' title="bbox 1172 774 1721 863; baseline -0.002 -21"><span class='ocrx_word' id='word_1_14' title='bbox 1172 774 1431 843; x_wconf 88' lang='lat' dir='ltr'>Phoebe</span> <span class='ocrx_word' id='word_1_15' title='bbox 1476 776 1721 863; x_wconf 83' lang='lat' dir='ltr'>sagitta.</span> 
     </span>
    </p>
   </div>
   <div class='ocr_carea' id='block_1_5' title="bbox 916 933 2259 1022">
    <p class='ocr_par' dir='ltr' id='par_1_5' title="bbox 916 933 2259 1022">
     <span class='ocr_line' id='line_1_6' title="bbox 916 933 2259 1022; baseline 0 -21"><span class='ocrx_word' id='word_1_16' title='bbox 916 936 1140 1002; x_wconf 82' lang='lat' dir='ltr'><strong>Dicam</strong></span> <span class='ocrx_word' id='word_1_17' title='bbox 1183 945 1247 1001; x_wconf 92' lang='lat' dir='ltr'>et</span> <span class='ocrx_word' id='word_1_18' title='bbox 1289 933 1555 1002; x_wconf 83' lang='lat' dir='ltr'>Alciden</span> <span class='ocrx_word' id='word_1_19' title='bbox 1597 954 1971 1022; x_wconf 87' lang='lat' dir='ltr'>puerosque</span> <span class='ocrx_word' id='word_1_20' title='bbox 2016 934 2259 1009; x_wconf 86' lang='lat' dir='ltr'>Ledae,</span> 
     </span>
    </p>
   </div>
   <div class='ocr_carea' id='block_1_6' title="bbox 2743 902 2824 1001">
    <p class='ocr_par' dir='ltr' id='par_1_6' title="bbox 2743 902 2824 1001">
     <span class='ocr_line' id='line_1_7' title="bbox 2743 902 2824 1001; baseline -0.025 0"><span class='ocrx_word' id='word_1_21' title='bbox 2743 902 2824 1001; x_wconf 69' lang='lat'>25⁸</span> 
     </span>
    </p>
   </div>
   <div class='ocr_carea' id='block_1_7' title="bbox 915 1055 2236 1265">
    <p class='ocr_par' dir='ltr' id='par_1_7' title="bbox 915 1055 2236 1265">
     <span class='ocr_line' id='line_1_8' title="bbox 915 1055 2219 1145; baseline -0.001 -23"><span class='ocrx_word' id='word_1_22' title='bbox 915 1058 1100 1124; x_wconf 90' lang='lat' dir='ltr'>Hunc</span> <span class='ocrx_word' id='word_1_23' title='bbox 1144 1057 1362 1145; x_wconf 83' lang='lat' dir='ltr'>equiS,</span> <span class='ocrx_word' id='word_1_24' title='bbox 1407 1055 1585 1121; x_wconf 92' lang='lat' dir='ltr'>illum</span> <span class='ocrx_word' id='word_1_25' title='bbox 1632 1075 1945 1143; x_wconf 89' lang='lat' dir='ltr'>superare</span> <span class='ocrx_word' id='word_1_26' title='bbox 1987 1055 2219 1142; x_wconf 83' lang='lat' dir='ltr'>pugnis</span> 
     </span>
     <span class='ocr_line' id='line_1_9' title="bbox 917 1174 2236 1265; baseline -0.002 -22"><span class='ocrx_word' id='word_1_27' title='bbox 917 1177 1240 1255; x_wconf 78' lang='lat' dir='ltr'>Nobilem3</span> <span class='ocrx_word' id='word_1_28' title='bbox 1285 1198 1563 1265; x_wconf 86' lang='lat' dir='ltr'>quorum</span> <span class='ocrx_word' id='word_1_29' title='bbox 1606 1174 1797 1241; x_wconf 91' lang='lat' dir='ltr'>simul</span> <span class='ocrx_word' id='word_1_30' title='bbox 1839 1174 1985 1242; x_wconf 91' lang='lat' dir='ltr'>alba</span> <span class='ocrx_word' id='word_1_31' title='bbox 2028 1176 2236 1242; x_wconf 85' lang='lat' dir='ltr'>nautis</span> 
     </span>
    </p>
   </div>
   <div class='ocr_carea' id='block_1_8' title="bbox 1171 1296 1685 1375">
    <p class='ocr_par' dir='ltr' id='par_1_8' title="bbox 1171 1296 1685 1375">
     <span class='ocr_line' id='line_1_10' title="bbox 1171 1296 1685 1375; baseline -0.008 -9"><span class='ocrx_word' id='word_1_32' title='bbox 1171 1298 1366 1366; x_wconf 85' lang='lat' dir='ltr'>Stella</span> <span class='ocrx_word' id='word_1_33' title='bbox 1409 1296 1656 1365; x_wconf 77' lang='lat' dir='ltr'>refulsit</span> <span class='ocrx_word' id='word_1_34' title='bbox 1671 1350 1685 1375; x_wconf 94' lang='lat'>,</span> 
     </span>
    </p>
   </div>
   <div class='ocr_carea' id='block_1_9' title="bbox 919 1457 1999 1545">
    <p class='ocr_par' dir='ltr' id='par_1_9' title="bbox 919 1457 1999 1545">
     <span class='ocr_line' id='line_1_11' title="bbox 919 1457 1999 1545; baseline -0.003 -21"><span class='ocrx_word' id='word_1_35' title='bbox 919 1457 1157 1524; x_wconf 87' lang='lat' dir='ltr'>Defluit</span> <span class='ocrx_word' id='word_1_36' title='bbox 1199 1458 1371 1524; x_wconf 77' lang='lat' dir='ltr'>saxis</span> <span class='ocrx_word' id='word_1_37' title='bbox 1418 1457 1693 1545; x_wconf 86' lang='lat' dir='ltr'>agitatus</span> <span class='ocrx_word' id='word_1_38' title='bbox 1737 1457 1999 1533; x_wconf 88' lang='lat' dir='ltr'>humor,</span> 
     </span>
    </p>
   </div>
   <div class='ocr_carea' id='block_1_10' title="bbox 797 1634 2820 1704">
    <p class='ocr_par' dir='ltr' id='par_1_10' title="bbox 797 1634 2820 1704">
     <span class='ocr_line' id='line_1_12' title="bbox 797 1634 2820 1704; baseline 0 -15"><span class='ocrx_word' id='word_1_39' title='bbox 797 1639 878 1689; x_wconf 90' lang='lat'><strong>28.</strong></span> <span class='ocrx_word' id='word_1_40' title='bbox 930 1635 1140 1699; x_wconf 60' lang='lat' dir='ltr'>rendae:</span> <span class='ocrx_word' id='word_1_41' title='bbox 1191 1637 1237 1698; x_wconf 91' lang='lat' dir='ltr'>(e</span> <span class='ocrx_word' id='word_1_42' title='bbox 1287 1636 1534 1687; x_wconf 81' lang='lat' dir='ltr'>chisiano</span> <span class='ocrx_word' id='word_1_43' title='bbox 1574 1636 1634 1698; x_wconf 77' lang='grc' dir='ltr'>Α)</span> <span class='ocrx_word' id='word_1_44' title='bbox 1688 1635 1740 1685; x_wconf 89' lang='lat' dir='ltr'><strong>F.</strong></span> <span class='ocrx_word' id='word_1_45' title='bbox 1827 1634 2029 1697; x_wconf 72' lang='lat' dir='ltr'>(Sidera</span> <span class='ocrx_word' id='word_1_46' title='bbox 2073 1635 2265 1699; x_wconf 71' lang='lat' dir='ltr'>ftdqenc</span> <span class='ocrx_word' id='word_1_47' title='bbox 2314 1637 2478 1688; x_wconf 85' lang='lat' dir='ltr'><strong>C2dd.</strong></span> <span class='ocrx_word' id='word_1_48' title='bbox 2538 1640 2707 1704; x_wconf 84' lang='lat' dir='ltr'>Peae).</span> <span class='ocrx_word' id='word_1_49' title='bbox 2768 1669 2820 1678; x_wconf 92' lang='lat'>-</span> 
     </span>
    </p>
   </div>
   <div class='ocr_carea' id='block_1_11' title="bbox 732 1712 1132 1763">
    <p class='ocr_par' dir='ltr' id='par_1_11' title="bbox 732 1712 1132 1763">
     <span class='ocr_line' id='line_1_13' title="bbox 732 1712 1132 1763; baseline -0.008 0"><span class='ocrx_word' id='word_1_50' title='bbox 732 1714 813 1763; x_wconf 82' lang='lat'><strong>29.</strong></span> <span class='ocrx_word' id='word_1_51' title='bbox 861 1713 1034 1762; x_wconf 68' lang='lat' dir='ltr'>hunos</span> <span class='ocrx_word' id='word_1_52' title='bbox 1076 1712 1132 1761; x_wconf 88' lang='lat' dir='ltr'>T.</span> 
     </span>
    </p>
   </div>
   <div class='ocr_carea' id='block_1_12' title="bbox 669 1858 1720 4236">
    <p class='ocr_par' dir='ltr' id='par_1_12' title="bbox 669 1858 1717 2896">
     <span class='ocr_line' id='line_1_14' title="bbox 673 1858 1705 1925; baseline -0.006 -12"><span class='ocrx_word' id='word_1_53' title='bbox 673 1863 785 1925; x_wconf 91' lang='lat' dir='ltr'><strong>(Od.</strong></span> <span class='ocrx_word' id='word_1_54' title='bbox 821 1863 870 1921; x_wconf 85' lang='lat'>2,</span> <span class='ocrx_word' id='word_1_55' title='bbox 910 1859 1038 1923; x_wconf 86' lang='grc'><strong><em>49.),</em></strong></span> <span class='ocrx_word' id='word_1_56' title='bbox 1093 1862 1148 1910; x_wconf 90' lang='lat' dir='ltr'>et</span> <span class='ocrx_word' id='word_1_57' title='bbox 1196 1858 1462 1924; x_wconf 80' lang='lat' dir='ltr'>expeditio</span> <span class='ocrx_word' id='word_1_58' title='bbox 1509 1858 1705 1908; x_wconf 88' lang='lat' dir='ltr'>Indica.</span> 
     </span>
     <span class='ocr_line' id='line_1_15' title="bbox 671 1933 1713 1996; baseline -0.006 -9"><span class='ocrx_word' id='word_1_59' title='bbox 671 1936 818 1987; x_wconf 85' lang='lat' dir='ltr'>ovid.</span> <span class='ocrx_word' id='word_1_60' title='bbox 856 1936 979 1985; x_wconf 80' lang='lat' dir='ltr'>Met.</span> <span class='ocrx_word' id='word_1_61' title='bbox 1016 1934 1066 1996; x_wconf 73' lang='lat'>4,</span> <span class='ocrx_word' id='word_1_62' title='bbox 1101 1934 1192 1984; x_wconf 86' lang='lat'>20:</span> <span class='ocrx_word' id='word_1_63' title='bbox 1232 1934 1405 1984; x_wconf 58' lang='lat' dir='ltr'>Oriens</span> <span class='ocrx_word' id='word_1_64' title='bbox 1436 1934 1523 1984; x_wconf 76' lang='lat' dir='ltr'>tibi</span> <span class='ocrx_word' id='word_1_65' title='bbox 1554 1933 1713 1983; x_wconf 77' lang='lat' dir='ltr'>victus</span> 
     </span>
     <span class='ocr_line' id='line_1_16' title="bbox 669 2008 1712 2072; baseline -0.005 -11"><span class='ocrx_word' id='word_1_66' title='bbox 669 2012 740 2061; x_wconf 80' lang='lat' dir='ltr'>ad</span> <span class='ocrx_word' id='word_1_67' title='bbox 770 2024 925 2072; x_wconf 75' lang='lat' dir='ltr'>usque</span> <span class='ocrx_word' id='word_1_68' title='bbox 956 2009 1170 2059; x_wconf 78' lang='lat' dir='ltr'>Decolor</span> <span class='ocrx_word' id='word_1_69' title='bbox 1189 2014 1412 2060; x_wconf 64' lang='lat' dir='ltr'>evermo</span> <span class='ocrx_word' id='word_1_70' title='bbox 1434 2022 1537 2070; x_wconf 79' lang='lat' dir='ltr'>qua</span> <span class='ocrx_word' id='word_1_71' title='bbox 1557 2008 1712 2071; x_wconf 64' lang='lat' dir='ltr'>tingi-</span> 
     </span>
     <span class='ocr_line' id='line_1_17' title="bbox 669 2081 1709 2148; baseline -0.006 -12"><span class='ocrx_word' id='word_1_72' title='bbox 669 2091 756 2136; x_wconf 74' lang='lat' dir='ltr'>tur</span> <span class='ocrx_word' id='word_1_73' title='bbox 786 2085 932 2135; x_wconf 80' lang='lat' dir='ltr'>India</span> <span class='ocrx_word' id='word_1_74' title='bbox 953 2085 1141 2148; x_wconf 71' lang='lat' dir='ltr'>Ganye.</span> <span class='ocrx_word' id='word_1_75' title='bbox 1181 2085 1423 2148; x_wconf 88' lang='lat' dir='ltr'>Orpheus</span> <span class='ocrx_word' id='word_1_76' title='bbox 1446 2082 1528 2143; x_wconf 72' lang='lat'>44,</span> <span class='ocrx_word' id='word_1_77' title='bbox 1553 2084 1602 2133; x_wconf 88' lang='lat'>3.</span> <span class='ocrx_word' id='word_1_78' title='bbox 1642 2081 1709 2131; x_wconf 89' lang='lat' dir='ltr'>de</span> 
     </span>
     <span class='ocr_line' id='line_1_18' title="bbox 674 2153 1713 2229; baseline 0 -18"><span class='ocrx_word' id='word_1_79' title='bbox 674 2159 866 2212; x_wconf 86' lang='lat' dir='ltr'>Libero</span> <span class='ocrx_word' id='word_1_80' title='bbox 898 2160 1079 2223; x_wconf 85' lang='lat' dir='ltr'>patre:</span> <span class='ocrx_word' id='word_1_81' title='bbox 1136 2153 1203 2221; x_wconf 86' lang='grc' dir='ltr'>ὃς</span> <span class='ocrx_word' id='word_1_82' title='bbox 1235 2155 1461 2223; x_wconf 76' lang='grc' dir='ltr'><strong><em>ξίφεσιν</em></strong></span> <span class='ocrx_word' id='word_1_83' title='bbox 1495 2160 1713 2229; x_wconf 71' lang='grc' dir='ltr'><strong><em>χαίρεις</em></strong></span> 
     </span>
     <span class='ocr_line' id='line_1_19' title="bbox 669 2233 1706 2299; baseline -0.003 -14"><span class='ocrx_word' id='word_1_84' title='bbox 669 2236 773 2285; x_wconf 80' lang='grc' dir='ltr'><strong><em>καὶ</em></strong></span> <span class='ocrx_word' id='word_1_85' title='bbox 806 2235 1023 2299; x_wconf 72' lang='grc' dir='ltr'><strong><em>αἱματι.</em></strong></span> <span class='ocrx_word' id='word_1_86' title='bbox 1092 2233 1326 2284; x_wconf 76' lang='lat' dir='ltr'>Macrob.</span> <span class='ocrx_word' id='word_1_87' title='bbox 1374 2236 1478 2283; x_wconf 90' lang='lat' dir='ltr'>Sat.</span> <span class='ocrx_word' id='word_1_88' title='bbox 1530 2235 1579 2295; x_wconf 89' lang='grc'>4,</span> <span class='ocrx_word' id='word_1_89' title='bbox 1619 2233 1706 2283; x_wconf 73' lang='grc' dir='ltr'>49ε</span> 
     </span>
     <span class='ocr_line' id='line_1_20' title="bbox 670 2305 1710 2374; baseline -0.003 -14"><span class='ocrx_word' id='word_1_90' title='bbox 670 2310 894 2361; x_wconf 73' lang='lat' dir='ltr'>Bacchus</span> <span class='ocrx_word' id='word_1_91' title='bbox 972 2305 1237 2371; x_wconf 77' lang='grc' dir='ltr'><strong><em>ἐνυάλιος</em></strong></span> <span class='ocrx_word' id='word_1_92' title='bbox 1312 2310 1710 2374; x_wconf 71' lang='grc' dir='ltr'><strong><em>οορηοηιίηαιυν,</em></strong></span> 
     </span>
     <span class='ocr_line' id='line_1_21' title="bbox 672 2384 1714 2447; baseline -0.002 -12"><span class='ocrx_word' id='word_1_93' title='bbox 672 2386 805 2447; x_wconf 76' lang='lat' dir='ltr'>quod</span> <span class='ocrx_word' id='word_1_94' title='bbox 852 2389 922 2433; x_wconf 70' lang='lat' dir='ltr'>est</span> <span class='ocrx_word' id='word_1_95' title='bbox 968 2385 1100 2433; x_wconf 76' lang='lat' dir='ltr'>inter</span> <span class='ocrx_word' id='word_1_96' title='bbox 1136 2385 1352 2446; x_wconf 74' lang='lat' dir='ltr'>propria</span> <span class='ocrx_word' id='word_1_97' title='bbox 1388 2384 1572 2433; x_wconf 62' lang='lat' dir='ltr'>Marus</span> <span class='ocrx_word' id='word_1_98' title='bbox 1617 2398 1714 2433; x_wconf 81' lang='lat' dir='ltr'>no-</span> 
     </span>
     <span class='ocr_line' id='line_1_22' title="bbox 669 2458 1715 2521; baseline -0.002 -11"><span class='ocrx_word' id='word_1_99' title='bbox 669 2460 827 2510; x_wconf 74' lang='lat' dir='ltr'>mina.</span> <span class='ocrx_word' id='word_1_100' title='bbox 887 2458 1077 2510; x_wconf 77' lang='lat' dir='ltr'>Colitur</span> <span class='ocrx_word' id='word_1_101' title='bbox 1108 2459 1259 2509; x_wconf 75' lang='lat' dir='ltr'>etiam</span> <span class='ocrx_word' id='word_1_102' title='bbox 1295 2459 1432 2521; x_wconf 78' lang='lat' dir='ltr'>apud</span> <span class='ocrx_word' id='word_1_103' title='bbox 1461 2459 1715 2510; x_wconf 78' lang='lat' dir='ltr'>Lacedae—</span> 
     </span>
     <span class='ocr_line' id='line_1_23' title="bbox 670 2533 1717 2595; baseline -0.001 -12"><span class='ocrx_word' id='word_1_104' title='bbox 670 2536 863 2585; x_wconf 77' lang='lat' dir='ltr'>monios</span> <span class='ocrx_word' id='word_1_105' title='bbox 924 2533 1249 2583; x_wconf 72' lang='lat' dir='ltr'>simuloemm</span> <span class='ocrx_word' id='word_1_106' title='bbox 1317 2533 1483 2583; x_wconf 78' lang='lat' dir='ltr'>Liberi</span> <span class='ocrx_word' id='word_1_107' title='bbox 1548 2535 1717 2595; x_wconf 79' lang='lat' dir='ltr'>patris</span> 
     </span>
     <span class='ocr_line' id='line_1_24' title="bbox 670 2608 1712 2671; baseline 0 -13"><span class='ocrx_word' id='word_1_108' title='bbox 670 2609 818 2658; x_wconf 78' lang='lat' dir='ltr'>hasta</span> <span class='ocrx_word' id='word_1_109' title='bbox 867 2608 1086 2671; x_wconf 56' lang='lat' dir='ltr'>insigne,</span> <span class='ocrx_word' id='word_1_110' title='bbox 1137 2621 1238 2657; x_wconf 77' lang='lat' dir='ltr'>non</span> <span class='ocrx_word' id='word_1_111' title='bbox 1286 2608 1470 2669; x_wconf 73' lang='lat' dir='ltr'>thyrso.</span> <span class='ocrx_word' id='word_1_112' title='bbox 1540 2609 1712 2670; x_wconf 68' lang='lat' dir='ltr'>Atque</span> 
     </span>
     <span class='ocr_line' id='line_1_25' title="bbox 672 2680 1717 2745; baseline -0.002 -10"><span class='ocrx_word' id='word_1_113' title='bbox 672 2687 732 2735; x_wconf 90' lang='lat' dir='ltr'>ut</span> <span class='ocrx_word' id='word_1_114' title='bbox 763 2697 890 2744; x_wconf 87' lang='lat' dir='ltr'>nos,</span> <span class='ocrx_word' id='word_1_115' title='bbox 935 2681 1048 2731; x_wconf 86' lang='lat' dir='ltr'>Val.</span> <span class='ocrx_word' id='word_1_116' title='bbox 1087 2680 1255 2733; x_wconf 86' lang='lat' dir='ltr'>Flacc.</span> <span class='ocrx_word' id='word_1_117' title='bbox 1298 2684 1347 2744; x_wconf 75' lang='grc' dir='ltr'>ὅ,</span> <span class='ocrx_word' id='word_1_118' title='bbox 1383 2682 1509 2733; x_wconf 71' lang='lat'>497:</span> <span class='ocrx_word' id='word_1_119' title='bbox 1569 2689 1717 2745; x_wconf 72' lang='lat' dir='ltr'>quob-</span> 
     </span>
     <span class='ocr_line' id='line_1_26' title="bbox 672 2757 1717 2821; baseline 0.003 -15"><span class='ocrx_word' id='word_1_120' title='bbox 672 2772 769 2821; x_wconf 76' lang='lat' dir='ltr'>que</span> <span class='ocrx_word' id='word_1_121' title='bbox 817 2761 934 2807; x_wconf 76' lang='lat' dir='ltr'>ante</span> <span class='ocrx_word' id='word_1_122' title='bbox 979 2757 1135 2806; x_wconf 77' lang='lat' dir='ltr'>secuti</span> <span class='ocrx_word' id='word_1_123' title='bbox 1171 2758 1290 2807; x_wconf 78' lang='lat' dir='ltr'>Inde</span> <span class='ocrx_word' id='word_1_124' title='bbox 1336 2771 1427 2807; x_wconf 76' lang='lat' dir='ltr'>nec</span> <span class='ocrx_word' id='word_1_125' title='bbox 1474 2760 1717 2809; x_wconf 77' lang='lat' dir='ltr'>audacem</span> 
     </span>
     <span class='ocr_line' id='line_1_27' title="bbox 671 2833 1436 2896; baseline -0.004 -12"><span class='ocrx_word' id='word_1_126' title='bbox 671 2833 923 2884; x_wconf 74' lang='lat' dir='ltr'>Bacchum</span> <span class='ocrx_word' id='word_1_127' title='bbox 953 2845 1043 2881; x_wconf 80' lang='lat' dir='ltr'>nec</span> <span class='ocrx_word' id='word_1_128' title='bbox 1072 2834 1250 2882; x_wconf 75' lang='lat' dir='ltr'>Persea</span> <span class='ocrx_word' id='word_1_129' title='bbox 1283 2845 1436 2896; x_wconf 72' lang='lat' dir='ltr'>reyes.</span> 
     </span>
    </p>

    <p class='ocr_par' dir='ltr' id='par_1_13' title="bbox 672 2902 1717 3708">
     <span class='ocr_line' id='line_1_28' title="bbox 738 2902 1716 2996; baseline 0.001 -40"><span class='ocrx_word' id='word_1_130' title='bbox 738 2908 818 2956; x_wconf 83' lang='lat'><strong>22.</strong></span> <span class='ocrx_word' id='word_1_131' title='bbox 891 2905 1054 2955; x_wconf 92' lang='lat' dir='ltr'>Diana</span> <span class='ocrx_word' id='word_1_132' title='bbox 1105 2906 1375 2965; x_wconf 66' lang='lat' dir='ltr'>xenatrix,</span> <span class='ocrx_word' id='word_1_133' title='bbox 1430 2902 1716 2996; x_wconf 80' lang='grc' dir='ltr'><strong><em>θηροκτό-</em></strong></span> 
     </span>
     <span class='ocr_line' id='line_1_29' title="bbox 674 2976 1716 3052; baseline 0.002 -21"><span class='ocrx_word' id='word_1_134' title='bbox 674 2995 793 3042; x_wconf 85' lang='grc' dir='ltr'><strong><em>νος,</em></strong></span> <span class='ocrx_word' id='word_1_135' title='bbox 832 2979 1108 3049; x_wconf 82' lang='grc' dir='ltr'><strong><em>ἰοχέαιρα.</em></strong></span> <span class='ocrx_word' id='word_1_136' title='bbox 1145 2980 1375 3043; x_wconf 80' lang='lat' dir='ltr'>Theogn.</span> <span class='ocrx_word' id='word_1_137' title='bbox 1415 2981 1503 3029; x_wconf 84' lang='grc'>44;</span> <span class='ocrx_word' id='word_1_138' title='bbox 1528 2976 1716 3052; x_wconf 86' lang='grc' dir='ltr'><strong><em>Αρτε-</em></strong></span> 
     </span>
     <span class='ocr_line' id='line_1_30' title="bbox 672 3049 1715 3125; baseline 0.003 -20"><span class='ocrx_word' id='word_1_139' title='bbox 672 3071 742 3121; x_wconf 83' lang='grc' dir='ltr'><strong><em>μι</em></strong></span> <span class='ocrx_word' id='word_1_140' title='bbox 773 3049 1099 3125; x_wconf 78' lang='grc' dir='ltr'><strong><em>θηροφόνη.</em></strong></span> <span class='ocrx_word' id='word_1_141' title='bbox 1138 3055 1213 3104; x_wconf 90' lang='lat' dir='ltr'>De</span> <span class='ocrx_word' id='word_1_142' title='bbox 1237 3055 1515 3106; x_wconf 83' lang='lat' dir='ltr'>Venatrice</span> <span class='ocrx_word' id='word_1_143' title='bbox 1549 3058 1715 3108; x_wconf 87' lang='lat' dir='ltr'>Diana</span> 
     </span>
     <span class='ocr_line' id='line_1_31' title="bbox 675 3070 1712 3200; baseline 0.001 -19"><span class='ocrx_word' id='word_1_144' title='bbox 675 3070 1005 3200; x_wconf 66' lang='grc' dir='ltr'><strong><em>(Ἀγροτέρᾳ)</em></strong></span> <span class='ocrx_word' id='word_1_145' title='bbox 1053 3128 1147 3177; x_wconf 80' lang='lat' dir='ltr'>cir.</span> <span class='ocrx_word' id='word_1_146' title='bbox 1186 3130 1408 3178; x_wconf 87' lang='lat' dir='ltr'>Pausan.</span> <span class='ocrx_word' id='word_1_147' title='bbox 1458 3131 1505 3191; x_wconf 89' lang='grc'>4,</span> <span class='ocrx_word' id='word_1_148' title='bbox 1545 3131 1625 3188; x_wconf 82' lang='grc'>49.</span> <span class='ocrx_word' id='word_1_149' title='bbox 1663 3134 1712 3183; x_wconf 94' lang='grc'><strong><em>7.</em></strong></span> 
     </span>
     <span class='ocr_line' id='line_1_32' title="bbox 675 3202 1711 3269; baseline 0.001 -12"><span class='ocrx_word' id='word_1_150' title='bbox 675 3209 730 3257; x_wconf 89' lang='lat' dir='ltr'>et</span> <span class='ocrx_word' id='word_1_151' title='bbox 761 3205 962 3269; x_wconf 89' lang='lat' dir='ltr'>inspice</span> <span class='ocrx_word' id='word_1_152' title='bbox 996 3202 1181 3255; x_wconf 77' lang='lat' dir='ltr'>Miiller</span> <span class='ocrx_word' id='word_1_153' title='bbox 1202 3204 1409 3254; x_wconf 76' lang='lat' dir='ltr'><strong>Dmkm.</strong></span> <span class='ocrx_word' id='word_1_154' title='bbox 1436 3204 1496 3254; x_wconf 90' lang='lat' dir='ltr'>ll.</span> <span class='ocrx_word' id='word_1_155' title='bbox 1525 3207 1572 3266; x_wconf 79' lang='lat' dir='ltr'>t,</span> <span class='ocrx_word' id='word_1_156' title='bbox 1600 3208 1711 3258; x_wconf 80' lang='grc'><strong><em>458.</em></strong></span> 
     </span>
     <span class='ocr_line' id='line_1_33' title="bbox 674 3278 1715 3344; baseline 0 -12"><span class='ocrx_word' id='word_1_157' title='bbox 674 3294 828 3344; x_wconf 86' lang='lat' dir='ltr'><strong>seqq.</strong></span> <span class='ocrx_word' id='word_1_158' title='bbox 883 3280 1046 3329; x_wconf 86' lang='lat' dir='ltr'>Diana</span> <span class='ocrx_word' id='word_1_159' title='bbox 1096 3278 1308 3329; x_wconf 90' lang='lat' dir='ltr'>leonem</span> <span class='ocrx_word' id='word_1_160' title='bbox 1348 3293 1448 3344; x_wconf 89' lang='lat' dir='ltr'>per</span> <span class='ocrx_word' id='word_1_161' title='bbox 1486 3282 1715 3333; x_wconf 89' lang='lat' dir='ltr'>caudam</span> 
     </span>
     <span class='ocr_line' id='line_1_34' title="bbox 676 3353 1712 3418; baseline 0.001 -12"><span class='ocrx_word' id='word_1_162' title='bbox 676 3356 879 3407; x_wconf 91' lang='lat' dir='ltr'>ducens</span> <span class='ocrx_word' id='word_1_163' title='bbox 926 3353 1164 3403; x_wconf 86' lang='lat' dir='ltr'>Gerhard</span> <span class='ocrx_word' id='word_1_164' title='bbox 1216 3354 1496 3418; x_wconf 70' lang='lat' dir='ltr'>Vasenqem.</span> <span class='ocrx_word' id='word_1_165' title='bbox 1535 3356 1591 3406; x_wconf 92' lang='lat' dir='ltr'>T.</span> <span class='ocrx_word' id='word_1_166' title='bbox 1630 3358 1712 3408; x_wconf 83' lang='lat'><strong>26.</strong></span> 
     </span>
     <span class='ocr_line' id='line_1_35' title="bbox 675 3426 1715 3494; baseline 0 -12"><span class='ocrx_word' id='word_1_167' title='bbox 675 3430 878 3483; x_wconf 84' lang='lat' dir='ltr'>Eadem</span> <span class='ocrx_word' id='word_1_168' title='bbox 899 3430 1081 3478; x_wconf 84' lang='lat' dir='ltr'>tamen</span> <span class='ocrx_word' id='word_1_169' title='bbox 1104 3441 1168 3477; x_wconf 79' lang='lat' dir='ltr'>ex</span> <span class='ocrx_word' id='word_1_170' title='bbox 1192 3426 1358 3479; x_wconf 88' lang='lat' dir='ltr'>altera</span> <span class='ocrx_word' id='word_1_171' title='bbox 1379 3432 1529 3494; x_wconf 86' lang='lat' dir='ltr'>parte</span> <span class='ocrx_word' id='word_1_172' title='bbox 1554 3433 1715 3482; x_wconf 81' lang='lat' dir='ltr'>etiam</span> 
     </span>
     <span class='ocr_line' id='line_1_36' title="bbox 673 3502 1717 3569; baseline 0 -13"><span class='ocrx_word' id='word_1_173' title='bbox 673 3502 1045 3569; x_wconf 81' lang='lat' dir='ltr'>capreolorum</span> <span class='ocrx_word' id='word_1_174' title='bbox 1100 3515 1488 3569; x_wconf 76' lang='lat' dir='ltr'>cervarumque</span> <span class='ocrx_word' id='word_1_175' title='bbox 1545 3507 1717 3556; x_wconf 80' lang='lat' dir='ltr'>nutrix</span> 
     </span>
     <span class='ocr_line' id='line_1_37' title="bbox 675 3574 1716 3647; baseline 0 -17"><span class='ocrx_word' id='word_1_176' title='bbox 675 3582 730 3630; x_wconf 92' lang='lat' dir='ltr'>et</span> <span class='ocrx_word' id='word_1_177' title='bbox 795 3578 966 3628; x_wconf 90' lang='lat' dir='ltr'>amica</span> <span class='ocrx_word' id='word_1_178' title='bbox 988 3616 1000 3638; x_wconf 94' lang='lat'>,</span> <span class='ocrx_word' id='word_1_179' title='bbox 1080 3574 1583 3647; x_wconf 82' lang='grc' dir='ltr'><strong><em>δορκαδοτρόφος,</em></strong></span> <span class='ocrx_word' id='word_1_180' title='bbox 1665 3580 1716 3630; x_wconf 91' lang='lat' dir='ltr'>in</span> 
     </span>
     <span class='ocr_line' id='line_1_38' title="bbox 673 3652 1453 3708; baseline -0.008 -1"><span class='ocrx_word' id='word_1_181' title='bbox 673 3653 858 3708; x_wconf 79' lang='lat' dir='ltr'>Miiller</span> <span class='ocrx_word' id='word_1_182' title='bbox 889 3652 1097 3703; x_wconf 76' lang='lat' dir='ltr'>Denkm.</span> <span class='ocrx_word' id='word_1_183' title='bbox 1134 3653 1196 3702; x_wconf 93' lang='lat'><strong>11.</strong></span> <span class='ocrx_word' id='word_1_184' title='bbox 1235 3654 1295 3702; x_wconf 90' lang='lat' dir='ltr'>N.</span> <span class='ocrx_word' id='word_1_185' title='bbox 1341 3654 1453 3704; x_wconf 87' lang='grc'><strong><em>468.</em></strong></span> 
     </span>
    </p>

    <p class='ocr_par' dir='ltr' id='par_1_14' title="bbox 674 3722 1717 3865">
     <span class='ocr_line' id='line_1_39' title="bbox 739 3722 1717 3793; baseline 0 -15"><span class='ocrx_word' id='word_1_186' title='bbox 739 3728 820 3778; x_wconf 89' lang='grc'><strong><em>23.</em></strong></span> <span class='ocrx_word' id='word_1_187' title='bbox 874 3725 1059 3791; x_wconf 75' lang='lat' dir='ltr'>Apollo</span> <span class='ocrx_word' id='word_1_188' title='bbox 1092 3722 1464 3791; x_wconf 73' lang='grc' dir='ltr'>κλυτότοξος,</span> <span class='ocrx_word' id='word_1_189' title='bbox 1501 3724 1717 3793; x_wconf 58' lang='lat' dir='ltr'>sufflo-</span> 
     </span>
     <span class='ocr_line' id='line_1_40' title="bbox 674 3801 1714 3865; baseline -0.001 -13"><span class='ocrx_word' id='word_1_190' title='bbox 674 3801 792 3864; x_wconf 86' lang='grc' dir='ltr'><strong><em>λος.</em></strong></span> <span class='ocrx_word' id='word_1_191' title='bbox 835 3829 888 3837; x_wconf 83' lang='grc'>-</span> <span class='ocrx_word' id='word_1_192' title='bbox 926 3801 1084 3864; x_wconf 81' lang='lat' dir='ltr'>certa]</span> <span class='ocrx_word' id='word_1_193' title='bbox 1123 3814 1427 3865; x_wconf 72' lang='lat' dir='ltr'>«nunquam</span> <span class='ocrx_word' id='word_1_194' title='bbox 1454 3801 1714 3852; x_wconf 78' lang='lat' dir='ltr'>fallente.»</span> 
     </span>
    </p>

    <p class='ocr_par' dir='ltr' id='par_1_15' title="bbox 675 3875 1717 4236">
     <span class='ocr_line' id='line_1_41' title="bbox 739 3875 1712 3941; baseline 0.002 -17"><span class='ocrx_word' id='word_1_195' title='bbox 739 3877 820 3925; x_wconf 79' lang='lat'><strong>25.</strong></span> <span class='ocrx_word' id='word_1_196' title='bbox 877 3875 1159 3926; x_wconf 80' lang='lat' dir='ltr'>Herculem</span> <span class='ocrx_word' id='word_1_197' title='bbox 1182 3914 1194 3938; x_wconf 93' lang='lat'>,</span> <span class='ocrx_word' id='word_1_198' title='bbox 1231 3875 1407 3927; x_wconf 80' lang='lat' dir='ltr'>Alcaei</span> <span class='ocrx_word' id='word_1_199' title='bbox 1443 3879 1712 3941; x_wconf 80' lang='lat' dir='ltr'>nepotem,</span> 
     </span>
     <span class='ocr_line' id='line_1_42' title="bbox 676 3944 1717 4020; baseline 0.002 -21"><span class='ocrx_word' id='word_1_200' title='bbox 676 3953 730 4000; x_wconf 89' lang='lat' dir='ltr'>et</span> <span class='ocrx_word' id='word_1_201' title='bbox 795 3944 1069 4020; x_wconf 83' lang='grc' dir='ltr'><strong><em>Κάστορά</em></strong></span> <span class='ocrx_word' id='word_1_202' title='bbox 1120 3950 1176 3999; x_wconf 71' lang='grc' dir='ltr'>θ’</span> <span class='ocrx_word' id='word_1_203' title='bbox 1235 3946 1563 4016; x_wconf 75' lang='grc' dir='ltr'><strong><em>ἱππόδαμον</em></strong></span> <span class='ocrx_word' id='word_1_204' title='bbox 1619 3951 1717 4001; x_wconf 81' lang='grc' dir='ltr'><strong><em>καὶ</em></strong></span> 
     </span>
     <span class='ocr_line' id='line_1_43' title="bbox 676 4016 1714 4091; baseline 0.002 -18"><span class='ocrx_word' id='word_1_205' title='bbox 676 4018 787 4087; x_wconf 70' lang='grc' dir='ltr'>πὺξ</span> <span class='ocrx_word' id='word_1_206' title='bbox 808 4016 1034 4090; x_wconf 76' lang='grc' dir='ltr'><strong><em>ἀγαθὸν</em></strong></span> <span class='ocrx_word' id='word_1_207' title='bbox 1055 4020 1436 4076; x_wconf 80' lang='grc' dir='ltr'><strong><em>Πολυδεύκεα.</em></strong></span> <span class='ocrx_word' id='word_1_208' title='bbox 1477 4024 1635 4087; x_wconf 87' lang='lat' dir='ltr'>(iliad.</span> <span class='ocrx_word' id='word_1_209' title='bbox 1661 4041 1714 4091; x_wconf 85' lang='lat' dir='ltr'>y,</span> 
     </span>
     <span class='ocr_line' id='line_1_44' title="bbox 675 4096 1712 4160; baseline 0.001 -12"><span class='ocrx_word' id='word_1_210' title='bbox 675 4098 789 4148; x_wconf 86' lang='grc'><strong><em>237.</em></strong></span> <span class='ocrx_word' id='word_1_211' title='bbox 839 4100 894 4148; x_wconf 91' lang='lat' dir='ltr'>et</span> <span class='ocrx_word' id='word_1_212' title='bbox 937 4098 1125 4160; x_wconf 85' lang='lat' dir='ltr'>Odyss.</span> <span class='ocrx_word' id='word_1_213' title='bbox 1174 4096 1225 4159; x_wconf 91' lang='grc' dir='ltr'>λ,</span> <span class='ocrx_word' id='word_1_214' title='bbox 1270 4099 1383 4149; x_wconf 88' lang='grc'><strong><em>300.</em></strong></span> <span class='ocrx_word' id='word_1_215' title='bbox 1432 4101 1539 4149; x_wconf 90' lang='lat' dir='ltr'>Sat.</span> <span class='ocrx_word' id='word_1_216' title='bbox 1576 4100 1628 4160; x_wconf 86' lang='lat'>2,</span> <span class='ocrx_word' id='word_1_217' title='bbox 1666 4100 1712 4160; x_wconf 88' lang='grc'>4,</span> 
     </span>
     <span class='ocr_line' id='line_1_45' title="bbox 675 4138 1720 4236; baseline 0.001 -14"><span class='ocrx_word' id='word_1_218' title='bbox 675 4173 778 4236; x_wconf 88' lang='grc'><strong><em>26.)</em></strong></span> <span class='ocrx_word' id='word_1_219' title='bbox 813 4138 1251 4224; x_wconf 76' lang='lat' dir='ltr'>venustissimam</span> <span class='ocrx_word' id='word_1_220' title='bbox 1275 4173 1449 4223; x_wconf 88' lang='lat' dir='ltr'>Ledae</span> <span class='ocrx_word' id='word_1_221' title='bbox 1484 4186 1606 4223; x_wconf 88' lang='lat' dir='ltr'>cum</span> <span class='ocrx_word' id='word_1_222' title='bbox 1628 4186 1720 4235; x_wconf 80' lang='lat' dir='ltr'>cy-</span> 
     </span>
    </p>
   </div>
   <div class='ocr_carea' id='block_1_13' title="bbox 672 4245 1715 4313">
    <p class='ocr_par' dir='ltr' id='par_1_16' title="bbox 672 4245 1715 4313">
     <span class='ocr_line' id='line_1_46' title="bbox 672 4245 1715 4313; baseline 0.002 -16"><span class='ocrx_word' id='word_1_223' title='bbox 672 4259 778 4311; x_wconf 84' lang='lat' dir='ltr'>gno</span> <span class='ocrx_word' id='word_1_224' title='bbox 813 4247 1094 4313; x_wconf 82' lang='lat' dir='ltr'>imaginem</span> <span class='ocrx_word' id='word_1_225' title='bbox 1127 4245 1324 4298; x_wconf 79' lang='lat' dir='ltr'>videsis</span> <span class='ocrx_word' id='word_1_226' title='bbox 1357 4248 1411 4298; x_wconf 92' lang='lat' dir='ltr'>in</span> <span class='ocrx_word' id='word_1_227' title='bbox 1433 4247 1715 4313; x_wconf 83' lang='lat' dir='ltr'>lnghirami</span> 
     </span>
    </p>
   </div>
   <div class='ocr_carea' id='block_1_14' title="bbox 1783 1858 2828 2241">
    <p class='ocr_par' dir='ltr' id='par_1_17' title="bbox 1783 1858 2827 2143">
     <span class='ocr_line' id='line_1_47' title="bbox 1784 1858 2824 1923; baseline 0.007 -15"><span class='ocrx_word' id='word_1_228' title='bbox 1784 1858 1914 1908; x_wconf 81' lang='lat' dir='ltr'>Gall.</span> <span class='ocrx_word' id='word_1_229' title='bbox 1953 1859 2060 1908; x_wconf 87' lang='lat' dir='ltr'>Om.</span> <span class='ocrx_word' id='word_1_230' title='bbox 2098 1860 2184 1910; x_wconf 92' lang='lat'><strong>111.</strong></span> <span class='ocrx_word' id='word_1_231' title='bbox 2228 1874 2281 1923; x_wconf 91' lang='lat' dir='ltr'>p.</span> <span class='ocrx_word' id='word_1_232' title='bbox 2318 1862 2432 1911; x_wconf 89' lang='grc'><strong><em>202.</em></strong></span> <span class='ocrx_word' id='word_1_233' title='bbox 2504 1864 2740 1915; x_wconf 83' lang='lat' dir='ltr'>Stasinus</span> <span class='ocrx_word' id='word_1_234' title='bbox 2773 1867 2824 1915; x_wconf 90' lang='lat' dir='ltr'>in</span> 
     </span>
     <span class='ocr_line' id='line_1_48' title="bbox 1785 1932 2827 2059; baseline 0.008 -77"><span class='ocrx_word' id='word_1_235' title='bbox 1785 1932 2058 1996; x_wconf 76' lang='lat' dir='ltr'>Cypriacis</span> <span class='ocrx_word' id='word_1_236' title='bbox 2082 1934 2222 1997; x_wconf 91' lang='lat' dir='ltr'>apud</span> <span class='ocrx_word' id='word_1_237' title='bbox 2247 1936 2305 1985; x_wconf 93' lang='lat' dir='ltr'><strong>C.</strong></span> <span class='ocrx_word' id='word_1_238' title='bbox 2335 1938 2391 1985; x_wconf 92' lang='lat' dir='ltr'><strong>G.</strong></span> <span class='ocrx_word' id='word_1_239' title='bbox 2261 1935 2604 2059; x_wconf 61' lang='lat' dir='ltr'>Kdeiiller</span> <span class='ocrx_word' id='word_1_240' title='bbox 2624 1938 2693 1988; x_wconf 91' lang='lat' dir='ltr'>de</span> <span class='ocrx_word' id='word_1_241' title='bbox 2717 1940 2827 2002; x_wconf 83' lang='lat' dir='ltr'>Cy-</span> 
     </span>
     <span class='ocr_line' id='line_1_49' title="bbox 1784 2004 2827 2078; baseline 0.007 -23"><span class='ocrx_word' id='word_1_242' title='bbox 1784 2004 1866 2055; x_wconf 90' lang='lat' dir='ltr'>clo</span> <span class='ocrx_word' id='word_1_243' title='bbox 1902 2008 1986 2056; x_wconf 92' lang='lat' dir='ltr'>Gr.</span> <span class='ocrx_word' id='word_1_244' title='bbox 2023 2021 2076 2072; x_wconf 94' lang='lat' dir='ltr'>p.</span> <span class='ocrx_word' id='word_1_245' title='bbox 2115 2008 2207 2058; x_wconf 82' lang='lat'>90:</span> <span class='ocrx_word' id='word_1_246' title='bbox 2540 2010 2649 2075; x_wconf 75' lang='grc' dir='ltr'><strong><em>μὲν</em></strong></span> <span class='ocrx_word' id='word_1_247' title='bbox 2679 2012 2827 2078; x_wconf 76' lang='grc' dir='ltr'><strong><em>θνη-</em></strong></span> 
     </span>
     <span class='ocr_line' id='line_1_50' title="bbox 1783 2003 2827 2158; baseline 0.01 -29"><span class='ocrx_word' id='word_1_248' title='bbox 1783 2076 1902 2143; x_wconf 88' lang='grc' dir='ltr'><strong><em>τός,</em></strong></span> <span class='ocrx_word' id='word_1_249' title='bbox 1938 2078 2198 2134; x_wconf 78' lang='grc' dir='ltr'><strong><em>θανάτου</em></strong></span> <span class='ocrx_word' id='word_1_250' title='bbox 2231 2080 2295 2135; x_wconf 81' lang='grc' dir='ltr'>δέ</span> <span class='ocrx_word' id='word_1_251' title='bbox 2328 2083 2391 2134; x_wconf 78' lang='grc' dir='ltr'>οἱ</span> <span class='ocrx_word' id='word_1_252' title='bbox 2261 2003 2563 2135; x_wconf 58' lang='grc' dir='ltr'><strong><em>Κάπαῖρα</em></strong></span> <span class='ocrx_word' id='word_1_253' title='bbox 2603 2088 2827 2158; x_wconf 79' lang='grc' dir='ltr'><strong><em>πέπρω-</em></strong></span> 
     </span>
    </p>

    <p class='ocr_par' dir='ltr' id='par_1_18' title="bbox 1786 2148 2828 2241">
     <span class='ocr_line' id='line_1_51' title="bbox 1786 2148 2828 2241; baseline 0.01 -37"><span class='ocrx_word' id='word_1_254' title='bbox 1786 2170 1897 2215; x_wconf 89' lang='grc' dir='ltr'><strong><em>ται,</em></strong></span> <span class='ocrx_word' id='word_1_255' title='bbox 1932 2150 2123 2241; x_wconf 75' lang='grc' dir='ltr'><strong><em>Αὐτὰρ</em></strong></span> <span class='ocrx_word' id='word_1_256' title='bbox 2156 2148 2191 2206; x_wconf 84' lang='grc' dir='ltr'><em>ὃ</em></span> <span class='ocrx_word' id='word_1_257' title='bbox 2224 2159 2274 2224; x_wconf 86' lang='lat' dir='ltr'>y&#39;</span> <span class='ocrx_word' id='word_1_258' title='bbox 2309 2152 2604 2223; x_wconf 74' lang='grc' dir='ltr'><strong><em>ἀθάνατος</em></strong></span> <span class='ocrx_word' id='word_1_259' title='bbox 2634 2159 2828 2214; x_wconf 81' lang='grc' dir='ltr'><strong><em>Πολυ-</em></strong></span> 
     </span>
    </p>
   </div>
   <div class='ocr_carea' id='block_1_15' title="bbox 1783 2225 2824 2375">
    <p class='ocr_par' dir='ltr' id='par_1_19' title="bbox 1783 2225 2824 2375">
     <span class='ocr_line' id='line_1_52' title="bbox 1783 2225 2418 2302; baseline 0.002 -7"><span class='ocrx_word' id='word_1_260' title='bbox 1783 2226 2007 2296; x_wconf 72' lang='grc' dir='ltr'><strong><em>δεὺκης,</em></strong></span> <span class='ocrx_word' id='word_1_261' title='bbox 2044 2225 2176 2294; x_wconf 84' lang='grc' dir='ltr'><strong><em>ὄζος</em></strong></span> <span class='ocrx_word' id='word_1_262' title='bbox 2194 2226 2418 2302; x_wconf 64' lang='grc' dir='ltr'>Ἄρηος·</span> 
     </span>
     <span class='ocr_line' id='line_1_53' title="bbox 1849 2306 2824 2375; baseline 0.008 -20"><span class='ocrx_word' id='word_1_263' title='bbox 1849 2306 1931 2356; x_wconf 90' lang='grc'><strong><em>26.</em></strong></span> <span class='ocrx_word' id='word_1_264' title='bbox 1961 2306 2163 2371; x_wconf 72' lang='lat' dir='ltr'>puym&#39;s]</span> <span class='ocrx_word' id='word_1_265' title='bbox 2199 2310 2477 2360; x_wconf 79' lang='lat' dir='ltr'>caestuum</span> <span class='ocrx_word' id='word_1_266' title='bbox 2512 2312 2824 2375; x_wconf 79' lang='lat' dir='ltr'>certamine,</span> 
     </span>
    </p>
   </div>
   <div class='ocr_carea' id='block_1_16' title="bbox 1785 2381 2832 4309">
    <p class='ocr_par' dir='ltr' id='par_1_20' title="bbox 1785 2381 2102 2447">
     <span class='ocr_line' id='line_1_54' title="bbox 1785 2381 2102 2447; baseline 0.006 -2"><span class='ocrx_word' id='word_1_267' title='bbox 1785 2381 2102 2447; x_wconf 66' lang='grc' dir='ltr'><strong><em>πυνμακίᾳ·</em></strong></span> 
     </span>
    </p>

    <p class='ocr_par' dir='ltr' id='par_1_21' title="bbox 1786 2454 2832 4309">
     <span class='ocr_line' id='line_1_55' title="bbox 1849 2454 2828 2524; baseline 0.007 -19"><span class='ocrx_word' id='word_1_268' title='bbox 1849 2455 1929 2506; x_wconf 88' lang='grc'><strong><em>27.</em></strong></span> <span class='ocrx_word' id='word_1_269' title='bbox 2001 2455 2133 2521; x_wconf 79' lang='lat' dir='ltr'>alba]</span> <span class='ocrx_word' id='word_1_270' title='bbox 2192 2454 2402 2508; x_wconf 73' lang='lat' dir='ltr'>«lucida</span> <span class='ocrx_word' id='word_1_271' title='bbox 2462 2461 2622 2524; x_wconf 87' lang='lat' dir='ltr'>atque</span> <span class='ocrx_word' id='word_1_272' title='bbox 2672 2459 2828 2512; x_wconf 87' lang='lat' dir='ltr'>simul</span> 
     </span>
     <span class='ocr_line' id='line_1_56' title="bbox 1788 2529 2825 2593; baseline 0.006 -14"><span class='ocrx_word' id='word_1_273' title='bbox 1788 2529 1935 2579; x_wconf 90' lang='lat' dir='ltr'>caelo</span> <span class='ocrx_word' id='word_1_274' title='bbox 1952 2531 2296 2582; x_wconf 81' lang='lat' dir='ltr'>serenitatem</span> <span class='ocrx_word' id='word_1_275' title='bbox 2313 2532 2631 2593; x_wconf 81' lang='lat' dir='ltr'>reducens,»</span> <span class='ocrx_word' id='word_1_276' title='bbox 2654 2537 2713 2584; x_wconf 89' lang='lat' dir='ltr'>ut</span> <span class='ocrx_word' id='word_1_277' title='bbox 2730 2534 2825 2585; x_wconf 84' lang='lat' dir='ltr'>od.</span> 
     </span>
     <span class='ocr_line' id='line_1_57' title="bbox 1789 2604 2825 2665; baseline 0.005 -12"><span class='ocrx_word' id='word_1_278' title='bbox 1789 2604 1836 2665; x_wconf 88' lang='grc'>4,</span> <span class='ocrx_word' id='word_1_279' title='bbox 1873 2606 1922 2665; x_wconf 90' lang='lat'>7,</span> <span class='ocrx_word' id='word_1_280' title='bbox 1961 2606 2048 2655; x_wconf 72' lang='lat'>⁴3:</span> <span class='ocrx_word' id='word_1_281' title='bbox 2086 2606 2229 2656; x_wconf 67' lang='lat' dir='ltr'>albus</span> <span class='ocrx_word' id='word_1_282' title='bbox 2257 2608 2429 2657; x_wconf 73' lang='lat' dir='ltr'>Notus.</span> <span class='ocrx_word' id='word_1_283' title='bbox 2493 2609 2640 2658; x_wconf 86' lang='lat' dir='ltr'>Ovid.</span> <span class='ocrx_word' id='word_1_284' title='bbox 2672 2609 2825 2660; x_wconf 88' lang='lat' dir='ltr'>Trist.</span> 
     </span>
     <span class='ocr_line' id='line_1_58' title="bbox 1787 2678 2830 2745; baseline 0.007 -18"><span class='ocrx_word' id='word_1_285' title='bbox 1787 2678 1837 2739; x_wconf 86' lang='grc'>3,</span> <span class='ocrx_word' id='word_1_286' title='bbox 1874 2680 1923 2739; x_wconf 74' lang='grc' dir='ltr'>ὅ,</span> <span class='ocrx_word' id='word_1_287' title='bbox 1959 2680 2050 2729; x_wconf 76' lang='lat'>56:</span> <span class='ocrx_word' id='word_1_288' title='bbox 2118 2681 2276 2730; x_wconf 74' lang='lat' dir='ltr'>nitido</span> <span class='ocrx_word' id='word_1_289' title='bbox 2308 2707 2338 2718; x_wconf 93' lang='lat'>-</span> <span class='ocrx_word' id='word_1_290' title='bbox 2367 2708 2397 2719; x_wconf 91' lang='lat'>-</span> <span class='ocrx_word' id='word_1_291' title='bbox 2434 2683 2636 2745; x_wconf 72' lang='lat' dir='ltr'>Lucifer</span> <span class='ocrx_word' id='word_1_292' title='bbox 2688 2684 2830 2734; x_wconf 75' lang='lat' dir='ltr'>albus</span> 
     </span>
     <span class='ocr_line' id='line_1_59' title="bbox 1787 2755 2829 2816; baseline 0.006 -13"><span class='ocrx_word' id='word_1_293' title='bbox 1787 2767 1927 2815; x_wconf 77' lang='lat' dir='ltr'>equo</span> <span class='ocrx_word' id='word_1_294' title='bbox 1999 2755 2192 2816; x_wconf 77' lang='lat' dir='ltr'>nymn.</span> <span class='ocrx_word' id='word_1_295' title='bbox 2240 2756 2392 2806; x_wconf 82' lang='lat' dir='ltr'>Hom</span> <span class='ocrx_word' id='word_1_296' title='bbox 2440 2759 2492 2806; x_wconf 91' lang='lat' dir='ltr'>in</span> <span class='ocrx_word' id='word_1_297' title='bbox 2543 2758 2829 2810; x_wconf 87' lang='lat' dir='ltr'>Dioscuros</span> 
     </span>
     <span class='ocr_line' id='line_1_60' title="bbox 1791 2826 2828 2894; baseline 0.005 -17"><span class='ocrx_word' id='word_1_298' title='bbox 1791 2826 1878 2878; x_wconf 75' lang='lat'>⁴2:</span> <span class='ocrx_word' id='word_1_299' title='bbox 1924 2842 2117 2879; x_wconf 82' lang='lat' dir='ltr'>navem</span> <span class='ocrx_word' id='word_1_300' title='bbox 2149 2828 2531 2894; x_wconf 79' lang='lat' dir='ltr'>periclitantem</span> <span class='ocrx_word' id='word_1_301' title='bbox 2567 2833 2828 2882; x_wconf 83' lang='lat' dir='ltr'>servaturi</span> 
     </span>
     <span class='ocr_line' id='line_1_61' title="bbox 1788 2899 2829 2990; baseline 0.003 -37"><span class='ocrx_word' id='word_1_302' title='bbox 1788 2899 2058 2969; x_wconf 74' lang='grc' dir='ltr'>ἐξαπίνης</span> <span class='ocrx_word' id='word_1_303' title='bbox 2143 2900 2446 2969; x_wconf 79' lang='grc' dir='ltr'><strong><em>ἐφάνησαν</em></strong></span> <span class='ocrx_word' id='word_1_304' title='bbox 2526 2902 2829 2990; x_wconf 80' lang='grc' dir='ltr'><strong><em>Ξανθῇσιν</em></strong></span> 
     </span>
     <span class='ocr_line' id='line_1_62' title="bbox 1789 2959 2822 3066; baseline 0.004 -39"><span class='ocrx_word' id='word_1_305' title='bbox 1789 2974 2127 3048; x_wconf 78' lang='grc' dir='ltr'><strong><em>πτερύγεσσι</em></strong></span> <span class='ocrx_word' id='word_1_306' title='bbox 2160 2977 2227 3029; x_wconf 90' lang='grc' dir='ltr'><strong><em>δι</em></strong></span> <span class='ocrx_word' id='word_1_307' title='bbox 2269 2980 2503 3066; x_wconf 73' lang='grc' dir='ltr'><strong><em>αἰθέρος</em></strong></span> <span class='ocrx_word' id='word_1_308' title='bbox 2543 2959 2822 3045; x_wconf 67' lang='grc' dir='ltr'><strong><em>ἀίξαντες.</em></strong></span> 
     </span>
     <span class='ocr_line' id='line_1_63' title="bbox 1787 3048 2828 3121; baseline 0.003 -18"><span class='ocrx_word' id='word_1_309' title='bbox 1787 3053 2008 3103; x_wconf 87' lang='lat' dir='ltr'>Theoor.</span> <span class='ocrx_word' id='word_1_310' title='bbox 2034 3054 2116 3114; x_wconf 87' lang='grc'>22,</span> <span class='ocrx_word' id='word_1_311' title='bbox 2144 3055 2232 3103; x_wconf 82' lang='grc'>47;</span> <span class='ocrx_word' id='word_1_312' title='bbox 2276 3048 2409 3104; x_wconf 75' lang='grc' dir='ltr'>Ἀλλ</span> <span class='ocrx_word' id='word_1_313' title='bbox 2444 3069 2630 3118; x_wconf 84' lang='grc' dir='ltr'><strong><em>εμπας</em></strong></span> <span class='ocrx_word' id='word_1_314' title='bbox 2665 3049 2828 3121; x_wconf 79' lang='grc' dir='ltr'><strong><em>ὑμεῖς</em></strong></span> 
     </span>
     <span class='ocr_line' id='line_1_64' title="bbox 1788 3122 2828 3193; baseline 0.005 -16"><span class='ocrx_word' id='word_1_315' title='bbox 1788 3142 1849 3178; x_wconf 88' lang='grc' dir='ltr'><strong><em>τε</em></strong></span> <span class='ocrx_word' id='word_1_316' title='bbox 1880 3127 1981 3178; x_wconf 78' lang='grc' dir='ltr'><strong><em>καὶ</em></strong></span> <span class='ocrx_word' id='word_1_317' title='bbox 2012 3127 2078 3179; x_wconf 82' lang='grc' dir='ltr'>ἐκ</span> <span class='ocrx_word' id='word_1_318' title='bbox 2113 3127 2305 3189; x_wconf 80' lang='grc' dir='ltr'><strong><em>βυθοῦ</em></strong></span> <span class='ocrx_word' id='word_1_319' title='bbox 2337 3122 2525 3180; x_wconf 78' lang='grc' dir='ltr'><strong><em>ἕλκετε</em></strong></span> <span class='ocrx_word' id='word_1_320' title='bbox 2544 3127 2691 3193; x_wconf 86' lang='grc' dir='ltr'><strong><em>νᾶας</em></strong></span> <span class='ocrx_word' id='word_1_321' title='bbox 2711 3125 2828 3182; x_wconf 78' lang='grc' dir='ltr'>Αὖ-</span> 
     </span>
     <span class='ocr_line' id='line_1_65' title="bbox 1788 3197 2828 3269; baseline 0.003 -17"><span class='ocrx_word' id='word_1_322' title='bbox 1788 3207 1974 3253; x_wconf 84' lang='grc' dir='ltr'><strong><em>τοῖσιν</em></strong></span> <span class='ocrx_word' id='word_1_323' title='bbox 2028 3200 2328 3254; x_wconf 82' lang='grc' dir='ltr'><strong><em>ναύταισιν</em></strong></span> <span class='ocrx_word' id='word_1_324' title='bbox 2378 3197 2669 3269; x_wconf 80' lang='grc' dir='ltr'><strong><em>ὀΐομένοις</em></strong></span> <span class='ocrx_word' id='word_1_325' title='bbox 2716 3205 2828 3255; x_wconf 76' lang='grc' dir='ltr'><strong><em>θα-</em></strong></span> 
     </span>
     <span class='ocr_line' id='line_1_66' title="bbox 1786 3273 2830 3346; baseline 0.004 -19"><span class='ocrx_word' id='word_1_326' title='bbox 1786 3277 2038 3327; x_wconf 74' lang='grc' dir='ltr'><strong><em>νέεσθαι.</em></strong></span> <span class='ocrx_word' id='word_1_327' title='bbox 2073 3273 2239 3341; x_wconf 70' lang='grc' dir='ltr'><strong><em>Αἶψα</em></strong></span> <span class='ocrx_word' id='word_1_328' title='bbox 2259 3274 2306 3327; x_wconf 82' lang='grc' dir='ltr'>δ’</span> <span class='ocrx_word' id='word_1_329' title='bbox 2330 3274 2673 3346; x_wconf 54' lang='grc' dir='ltr'><strong><em>ἄπολήγονϊ</em></strong></span> <span class='ocrx_word' id='word_1_330' title='bbox 2696 3273 2830 3330; x_wconf 77' lang='grc' dir='ltr'><strong><em>ἅνε·</em></strong></span> 
     </span>
     <span class='ocr_line' id='line_1_67' title="bbox 1786 3348 2829 3420; baseline 0.005 -20"><span class='ocrx_word' id='word_1_331' title='bbox 1786 3366 1910 3418; x_wconf 83' lang='grc' dir='ltr'><strong><em>μοι,</em></strong></span> <span class='ocrx_word' id='word_1_332' title='bbox 1946 3349 2043 3401; x_wconf 89' lang='grc' dir='ltr'><strong><em>λιπ</em></strong></span> <span class='ocrx_word' id='word_1_333' title='bbox 2189 3350 2252 3403; x_wconf 80' lang='grc' dir='ltr'>δὲ</span> <span class='ocrx_word' id='word_1_334' title='bbox 2284 3349 2508 3419; x_wconf 80' lang='grc' dir='ltr'><strong><em>γαλάνα</em></strong></span> <span class='ocrx_word' id='word_1_335' title='bbox 2523 3348 2633 3420; x_wconf 61' lang='lat' dir='ltr'>”Apa</span> <span class='ocrx_word' id='word_1_336' title='bbox 2655 3353 2829 3405; x_wconf 81' lang='grc' dir='ltr'><strong><em>πέλα-</em></strong></span> 
     </span>
     <span class='ocr_line' id='line_1_68' title="bbox 1788 3421 2825 3500; baseline 0.003 -23"><span class='ocrx_word' id='word_1_337' title='bbox 1788 3442 1908 3494; x_wconf 79' lang='grc' dir='ltr'><strong><em>γος·</em></strong></span> <span class='ocrx_word' id='word_1_338' title='bbox 1946 3427 2085 3488; x_wconf 81' lang='grc' dir='ltr'><strong><em>νεφέ</em></strong></span> <span class='ocrx_word' id='word_1_339' title='bbox 2119 3443 2181 3478; x_wconf 90' lang='grc' dir='ltr'>αι</span> <span class='ocrx_word' id='word_1_340' title='bbox 2212 3425 2275 3478; x_wconf 80' lang='grc' dir='ltr'>δὲ</span> <span class='ocrx_word' id='word_1_341' title='bbox 2307 3426 2614 3500; x_wconf 79' lang='grc' dir='ltr'><strong><em>διέδραμον</em></strong></span> <span class='ocrx_word' id='word_1_342' title='bbox 2653 3421 2825 3481; x_wconf 76' lang='grc' dir='ltr'><strong><em>ἄλλο</em></strong></span> 
     </span>
     <span class='ocr_line' id='line_1_69' title="bbox 1787 3495 2832 3568; baseline 0.003 -15"><span class='ocrx_word' id='word_1_343' title='bbox 1787 3502 1874 3566; x_wconf 86' lang='grc' dir='ltr'><strong><em>δις</em></strong></span> <span class='ocrx_word' id='word_1_344' title='bbox 1905 3495 2071 3568; x_wconf 86' lang='grc' dir='ltr'><strong><em>αλλη.</em></strong></span> <span class='ocrx_word' id='word_1_345' title='bbox 2141 3502 2307 3554; x_wconf 76' lang='lat' dir='ltr'>Aliter</span> <span class='ocrx_word' id='word_1_346' title='bbox 2338 3505 2714 3568; x_wconf 86' lang='lat' dir='ltr'>interpretatus</span> <span class='ocrx_word' id='word_1_347' title='bbox 2748 3506 2832 3556; x_wconf 86' lang='lat' dir='ltr'>est</span> 
     </span>
     <span class='ocr_line' id='line_1_70' title="bbox 1789 3577 2826 3630; baseline 0 -2"><span class='ocrx_word' id='word_1_348' title='bbox 1789 3577 2190 3629; x_wconf 88' lang='lat' dir='ltr'>Doederleinius</span> <span class='ocrx_word' id='word_1_349' title='bbox 2235 3591 2388 3629; x_wconf 90' lang='lat' dir='ltr'>meus</span> <span class='ocrx_word' id='word_1_350' title='bbox 2435 3580 2598 3630; x_wconf 84' lang='lat' dir='ltr'>Lectt.</span> <span class='ocrx_word' id='word_1_351' title='bbox 2649 3580 2826 3629; x_wconf 81' lang='lat' dir='ltr'>Horat.</span> 
     </span>
     <span class='ocr_line' id='line_1_71' title="bbox 1788 3652 2830 3716; baseline 0 -13"><span class='ocrx_word' id='word_1_352' title='bbox 1788 3654 1945 3703; x_wconf 67' lang='lat' dir='ltr'>xm:</span> <span class='ocrx_word' id='word_1_353' title='bbox 1998 3665 2269 3716; x_wconf 77' lang='lat' dir='ltr'>«quorum</span> <span class='ocrx_word' id='word_1_354' title='bbox 2314 3652 2536 3704; x_wconf 90' lang='lat' dir='ltr'>simulac</span> <span class='ocrx_word' id='word_1_355' title='bbox 2577 3652 2727 3704; x_wconf 87' lang='lat' dir='ltr'>stella</span> <span class='ocrx_word' id='word_1_356' title='bbox 2761 3655 2830 3703; x_wconf 85' lang='lat' dir='ltr'>ita</span> 
     </span>
     <span class='ocr_line' id='line_1_72' title="bbox 1790 3725 2831 3792; baseline 0.003 -17"><span class='ocrx_word' id='word_1_357' title='bbox 1790 3726 1961 3776; x_wconf 87' lang='lat' dir='ltr'>nautis</span> <span class='ocrx_word' id='word_1_358' title='bbox 1995 3725 2242 3790; x_wconf 79' lang='lat' dir='ltr'>refulget,</span> <span class='ocrx_word' id='word_1_359' title='bbox 2288 3731 2348 3777; x_wconf 91' lang='lat' dir='ltr'>ut</span> <span class='ocrx_word' id='word_1_360' title='bbox 2384 3740 2701 3792; x_wconf 87' lang='lat' dir='ltr'>prosperam</span> <span class='ocrx_word' id='word_1_361' title='bbox 2739 3741 2831 3778; x_wconf 88' lang='lat' dir='ltr'>na-</span> 
     </span>
     <span class='ocr_line' id='line_1_73' title="bbox 1788 3800 2831 3865; baseline 0.003 -17"><span class='ocrx_word' id='word_1_362' title='bbox 1788 3800 2107 3862; x_wconf 81' lang='lat' dir='ltr'>vigationem</span> <span class='ocrx_word' id='word_1_363' title='bbox 2161 3800 2503 3865; x_wconf 81' lang='lat' dir='ltr'>portendat.»</span> <span class='ocrx_word' id='word_1_364' title='bbox 2586 3800 2649 3850; x_wconf 89' lang='lat' dir='ltr'>Id</span> <span class='ocrx_word' id='word_1_365' title='bbox 2700 3814 2831 3851; x_wconf 85' lang='lat' dir='ltr'>vero</span> 
     </span>
     <span class='ocr_line' id='line_1_74' title="bbox 1790 3872 2831 3939; baseline 0.002 -15"><span class='ocrx_word' id='word_1_366' title='bbox 1790 3887 2006 3939; x_wconf 91' lang='lat' dir='ltr'>semper</span> <span class='ocrx_word' id='word_1_367' title='bbox 2038 3875 2123 3935; x_wconf 87' lang='lat' dir='ltr'>fit,</span> <span class='ocrx_word' id='word_1_368' title='bbox 2171 3877 2230 3924; x_wconf 92' lang='lat' dir='ltr'>ut</span> <span class='ocrx_word' id='word_1_369' title='bbox 2262 3875 2477 3938; x_wconf 88' lang='lat' dir='ltr'>opinor,</span> <span class='ocrx_word' id='word_1_370' title='bbox 2515 3872 2608 3924; x_wconf 84' lang='lat' dir='ltr'>ubi</span> <span class='ocrx_word' id='word_1_371' title='bbox 2642 3876 2831 3926; x_wconf 88' lang='lat' dir='ltr'>Casto·</span> 
     </span>
     <span class='ocr_line' id='line_1_75' title="bbox 1790 3951 2829 4014; baseline 0.001 -16"><span class='ocrx_word' id='word_1_372' title='bbox 1790 3962 1878 4000; x_wconf 89' lang='lat' dir='ltr'>res</span> <span class='ocrx_word' id='word_1_373' title='bbox 1913 3951 2196 4014; x_wconf 85' lang='lat' dir='ltr'>apparent,</span> <span class='ocrx_word' id='word_1_374' title='bbox 2246 3951 2305 3999; x_wconf 93' lang='lat' dir='ltr'>ut</span> <span class='ocrx_word' id='word_1_375' title='bbox 2345 3951 2536 3999; x_wconf 87' lang='lat' dir='ltr'>nautae</span> <span class='ocrx_word' id='word_1_376' title='bbox 2570 3962 2829 4013; x_wconf 88' lang='lat' dir='ltr'>prospere</span> 
     </span>
     <span class='ocr_line' id='line_1_76' title="bbox 1790 4020 2830 4087; baseline -0.002 -13"><span class='ocrx_word' id='word_1_377' title='bbox 1790 4025 1896 4074; x_wconf 89' lang='lat' dir='ltr'>iam</span> <span class='ocrx_word' id='word_1_378' title='bbox 1928 4037 1989 4075; x_wconf 90' lang='lat' dir='ltr'>se</span> <span class='ocrx_word' id='word_1_379' title='bbox 2024 4025 2359 4087; x_wconf 80' lang='lat' dir='ltr'>navigaturos</span> <span class='ocrx_word' id='word_1_380' title='bbox 2392 4022 2690 4082; x_wconf 83' lang='lat' dir='ltr'>confidant;</span> <span class='ocrx_word' id='word_1_381' title='bbox 2731 4020 2830 4073; x_wconf 89' lang='lat' dir='ltr'>sed</span> 
     </span>
     <span class='ocr_line' id='line_1_77' title="bbox 1789 4095 2828 4162; baseline -0.001 -14"><span class='ocrx_word' id='word_1_382' title='bbox 1789 4100 2002 4162; x_wconf 77' lang='lat' dir='ltr'>poetam</span> <span class='ocrx_word' id='word_1_383' title='bbox 2046 4099 2220 4162; x_wconf 84' lang='lat' dir='ltr'>potius</span> <span class='ocrx_word' id='word_1_384' title='bbox 2259 4096 2444 4156; x_wconf 86' lang='lat' dir='ltr'>decet,</span> <span class='ocrx_word' id='word_1_385' title='bbox 2494 4096 2651 4160; x_wconf 87' lang='lat' dir='ltr'>quid,</span> <span class='ocrx_word' id='word_1_386' title='bbox 2698 4095 2828 4147; x_wconf 91' lang='lat' dir='ltr'>dum</span> 
     </span>
     <span class='ocr_line' id='line_1_78' title="bbox 1790 4170 2825 4236; baseline 0 -15"><span class='ocrx_word' id='word_1_387' title='bbox 1790 4174 2074 4236; x_wconf 86' lang='lat' dir='ltr'>apparent,</span> <span class='ocrx_word' id='word_1_388' title='bbox 2114 4172 2359 4231; x_wconf 85' lang='lat' dir='ltr'>efficiant,</span> <span class='ocrx_word' id='word_1_389' title='bbox 2397 4170 2452 4220; x_wconf 87' lang='lat' dir='ltr'>id</span> <span class='ocrx_word' id='word_1_390' title='bbox 2475 4173 2575 4232; x_wconf 87' lang='lat' dir='ltr'>est,</span> <span class='ocrx_word' id='word_1_391' title='bbox 2612 4171 2825 4232; x_wconf 90' lang='lat' dir='ltr'>sudum,</span> 
     </span>
     <span class='ocr_line' id='line_1_79' title="bbox 1790 4243 2565 4309; baseline -0.004 -12"><span class='ocrx_word' id='word_1_392' title='bbox 1790 4244 1945 4297; x_wconf 85' lang='lat' dir='ltr'>nobis</span> <span class='ocrx_word' id='word_1_393' title='bbox 1977 4248 2098 4296; x_wconf 89' lang='lat' dir='ltr'>ante</span> <span class='ocrx_word' id='word_1_394' title='bbox 2134 4243 2314 4296; x_wconf 89' lang='lat' dir='ltr'>oculos</span> <span class='ocrx_word' id='word_1_395' title='bbox 2345 4258 2565 4309; x_wconf 89' lang='lat' dir='ltr'>ponere.</span> 
     </span>
    </p>
   </div>
  </div>
 </body>
</html>
