3234 4975
1314 385 1431 433 Lm.
1472 385 1529 433 n.
1605 386 1663 434 c,
1701 385 1737 433 1.
2462 382 2574 447 221

429 541 575 598 sunt,
612 537 747 589 illius
772 541 821 588 in
846 552 934 590 me
958 538 1217 590 beneficia
1243 542 1467 591 notiora,
1539 542 1723 604 ltaque
1748 541 2038 592 discrimini
2061 546 2241 593 vestro
2264 555 2353 593 me
2377 541 2588 593 subtra-

429 622 552 672 ham
597 627 652 673 et
694 636 785 673 ero
830 623 1028 687 praeda
1062 624 1327 675 victoris.»
1401 623 1546 687 (Veli.
1585 626 1648 684 2,
1686 625 1788 687 86.)
1826 627 1867 674 Α
1901 625 2065 675 rebus
2110 625 2350 675 civilibus
2391 625 2583 676 deinde

426 706 697 757 abstinens
731 706 885 757 bonis
921 707 1122 757 artibus
1156 720 1219 757 ac
1253 705 1541 771 disciplinis
1565 721 1786 771 operam
1817 709 2040 758 navavit.
2113 709 2284 758 Vitam
2310 708 2583 773 tranquille

427 790 589 839 finivit
621 792 673 840 in
717 789 833 839 villa
870 789 1162 841 Tusculana
1196 804 1243 840 a.
1282 804 1333 840 u.
1373 804 1417 839 c.
1458 791 1569 840 758.
1643 791 1832 840 Lxxx.
1870 793 2056 842 aetatis
2092 805 2221 841 suae
2256 805 2412 841 anno.
2472 793 2586 842 Vir-

426 872 559 936 gilio,
598 874 688 937 qui
723 874 769 923 ei
806 875 910 923 iam
943 887 990 922 a.
1031 873 1142 924 7⁴4.
1182 872 1429 936 Eclogam
1467 874 1548 923 IV.
1589 874 1871 936 inscripsit,
1910 877 1964 924 et
1998 876 2231 936 Horatio,
2268 875 2360 938 qui
2388 876 2581 940 scripta

426 969 519 1005 sua
563 957 613 1005 ei
646 956 905 1021 imprimis
950 957 1165 1021 probari
1212 956 1463 1022 cupiebat
1498 959 1619 1021 (Sat.
1659 959 1717 1017 ⁴,
1758 958 1848 1018 ⁴0,
1886 959 2008 1020 85.)‚
2056 960 2286 1019 amicus;
2340 971 2583 1009 summus

425 1042 604 1103 orator
638 1039 863 1103 (Quintil.
903 1040 992 1102 ⁴2,
1044 1042 1097 1090 Η
1123 1079 1135 1101 ,
1198 1041 1320 1103 28.),
1357 1044 1543 1104 poeta,
1582 1041 1975 1104 tragoediarum
2022 1042 2342 1105 praesertim
2391 1041 2583 1093 nobilis

425 1124 650 1187 scriptor
685 1125 839 1187 (Virg.
878 1123 984 1174 Ecl.
1024 1125 1082 1183 8,
1123 1125 1220 1186 40).
1291 1125 1575 1175 Historiam
1610 1125 1772 1175 etiam
1806 1123 2070 1175 bellorum
2093 1124 2321 1175 civilium
2345 1128 2584 1177 conscri-

424 1209 544 1272 psit,
581 1208 732 1257 XVII.
767 1206 915 1258 libris
950 1207 1426 1271 comprehensam,
1481 1209 1631 1257 cuius
1681 1208 2028 1259 honorificam
2062 1210 2351 1273 scriptores
2384 1210 2584 1273 antiqui

423 1291 748 1341 mentionem
781 1290 994 1342 faciunt.
1064 1292 1224 1340 Tacit.
1262 1294 1397 1340 Anu.
1436 1291 1491 1351 t,
1530 1290 1611 1341 34.
1683 1293 1897 1341 sueton.
1937 1293 2088 1343 Caes.
2127 1293 2208 1342 30.
2235 1295 2468 1343 Gramm‚
2497 1294 2577 1345 ⁴0.

422 1372 531 1423 Val.
557 1374 691 1423 Max.
717 1375 767 1434 8,
806 1374 885 1434 ⁴3,
924 1388 973 1424 e.
1005 1373 1062 1425 4:
1099 1375 1253 1424 Pollio
1286 1388 1386 1424 non
1416 1375 1630 1424 minima
1654 1388 1784 1436 pars
1816 1376 2027 1425 Romam·
2060 1376 2175 1425 stili.
2215 1375 2377 1427 Simul
2402 1378 2582 1427 tamen

422 1457 584 1507 nimio
619 1458 701 1507 sui
735 1470 917 1508 amore
953 1460 1317 1508 transversum
1351 1460 1500 1508 actus
1522 1495 1534 1518 ,
1571 1458 1663 1517 iis,
1701 1471 1837 1521 quos
1870 1457 2111 1509 aemulos
2145 1458 2439 1519 iudicabat,
2483 1461 2582 1510 de-

424 1541 634 1591 trahere
682 1540 903 1591 solebat.
986 1542 1059 1591 lta
1095 1542 1366 1591 Ciceronis
1413 1541 1680 1592 orationes
1730 1543 1789 1591 ut
1832 1542 2142 1593 tumidiores
2190 1544 2326 1607 (Sen.
2364 1546 2576 1594 Suasor.

423 1624 512 1687 6.),
549 1625 791 1676 Caesaris
836 1625 1249 1675 commentarios
1296 1627 1518 1689 propter
1552 1623 1925 1688 negligentiam
1959 1628 2223 1677 sermonis
2257 1641 2321 1677 ac
2354 1627 2581 1678 menda-

423 1708 637 1757 citatem
670 1706 992 1771 suggillavit,
1042 1706 1251 1758 Salustii
1295 1708 1491 1771 scripta
1524 1711 1583 1758 ut
1615 1709 1776 1758 nimia
1808 1710 2110 1773 priscorum
2141 1709 2432 1761 verborum
2455 1711 2582 1761 affe-

424 1792 649 1841 ctatione
674 1792 971 1854 inquinata,
1011 1793 1065 1842 Τ.
1096 1793 1221 1841 Livii
1244 1793 1643 1843 Patavinitatem
1667 1793 2036 1856 reprehendit,
2076 1795 2339 1858 cumipse
2363 1807 2578 1858 quoque

421 1888 451 1923 a
484 1874 866 1939 posterioribus
910 1876 1053 1924 varie
1101 1866 1400 1937 notaretur,
1454 1877 1685 1926 maxime
1730 1880 1951 1941 propter
1991 1876 2119 1928 illud
2166 1878 2352 1942 ipsum
2371 1880 2576 1939 vitium,

421 1958 562 2022 quod
598 1957 820 2009 Salustio
855 1957 1140 2009 obiecerat.
1211 1960 1374 2009 Tacit.
1412 1959 1543 2009 Dial.
1582 1961 1637 2010 24
1665 1975 1676 2008 :
1713 1960 1910 2010 Asinius
1939 1962 2136 2011 videtur
2165 1963 2287 2011 mihi
2318 1964 2578 2012 inter-Me-

420 2044 589 2091 nenios
619 2047 665 2091 et
695 2043 877 2104 Appios
908 2044 1165 2105 studuisse,
1200 2044 1473 2092 Pacwvimn
1505 2049 1637 2093 certe
1668 2049 1717 2094 ot
1746 2044 1949 2094 Accium
1980 2059 2080 2094 non
2107 2047 2266 2095 solum
2287 2046 2575 2109 trayoediis,

420 2126 503 2174 sed
543 2126 695 2174 etiam
738 2126 1044 2175 orationibus
1087 2128 1191 2175 auis
1223 2126 1493 2189 massa,-
1543 2129 1669 2177 adeo
1709 2130 1866 2178 durus
1898 2134 1944 2178 et
1975 2130 2133 2178 siccus
2164 2134 2262 2187 est,⁸
2312 2128 2410 2179 sed
2443 2130 2577 2179 haec

420 2210 677 2259 sententia
713 2213 796 2259 est
829 2212 894 2261 M.
933 2211 1082 2274 Apri,
1120 2223 1283 2274 quem
1320 2209 1393 2259 ihi
1429 2210 1697 2261 dicentem
1732 2211 1935 2262 inducit
1967 2213 2220 2276 scriptor,
2269 2213 2577 2276 neutiquam

419 2294 582 2342 Taciti
614 2294 804 2357 ipsius;
842 2293 1039 2343 etenim
1074 2292 1199 2343 ibid.
1238 2307 1285 2343 c.
1313 2294 1393 2343 25.
1431 2307 1592 2343 verus
1615 2296 1810 2345 Tacitei
1833 2295 2007 2345 iudicii
2039 2297 2302 2359 interpres
2325 2295 2572 2346 Messala:

417 2379 728 2427 nwnoeosior
756 2377 954 2427 Asinius
990 2377 1218 2440 (diverse
1251 2375 1477 2428 laudatis
1512 2376 1700 2439 Calvo,
1739 2380 1967 2429 Caesare
1986 2417 1998 2440 ,
2037 2377 2449 2439 Caelio‚,Bruto‚
2487 2381 2577 2430 Ci-

420 2461 655 2525 cerone);
703 2474 869 2512 cinnes
909 2466 1076 2512 tamen
1115 2461 1322 2511 candem
1353 2462 1624 2511 sanitatem
1656 2461 1962 2524 eloquentiae
1992 2462 2175 2526 [emit.
2235 2461 2436 2512 Verum
2469 2463 2576 2514 iam

419 2546 574 2593 antea
623 2546 823 2596 Seneca
873 2546 1002 2609 Epp.
1044 2546 1123 2595 46.
1161 2544 1491 2596 salebrosam
1538 2543 1783 2596 Pollionis
1830 2547 1885 2595 et
1917 2544 2246 2596 exsilientem
2280 2547 2576 2596 orationem

420 2628 722 2691 exagitarat,
761 2629 910 2678 cuius
944 2627 1197 2678 iudicium
1229 2631 1370 2693 Apro
1405 2628 1587 2678 tribuit
1620 2629 1847 2679 Tacitus.
1919 2629 2024 2678 Cl'r.
2062 2627 2372 2679 Thorbeckii
2414 2630 2576 2679 Com-

418 2714 636 2762 mentat‚
675 2712 742 2762 de
788 2712 950 2763 Asinii
993 2710 1234 2764 Pollionis
1276 2713 1381 2761 vita
1427 2714 1479 2762 et
1521 2713 1747 2775 scriptis,
1819 2713 1980 2775 Lugd.
2018 2714 2128 2763 Bat,
2169 2712 2313 2762 4820.
2351 2714 2400 2763 8.
2437 2714 2576 2764 Dru-

419 2809 580 2846 mann
616 2797 669 2846 R.
709 2797 768 2846 G.
808 2797 867 2847 Π.
906 2797 956 2845 S.
997 2796 1175 2846 4—42.
