3234 4975
1169 420 1284 468 Lm.
1327 420 1361 468 1.
1436 422 1492 467 ‹:.
1533 418 1747 469 xxviii.
2457 411 2571 475 157

491 575 676 640 Mixla
722 596 949 639 senum
997 596 1070 639 ac
1118 577 1416 640 iuvenum
1464 575 1816 638 densentur
1860 573 2110 643 funcra,
2162 572 2401 636 nullum

826 696 1030 760 Saeva
1079 708 1270 782 caput
1315 695 1701 781 Proserpina
1750 694 1921 780 sugit.

2490 692 2573 754 ’ΞΟ

491 892 584 953 ‚lic
631 909 894 976 quoque
940 889 1168 956 devexi
1215 889 1479 976 rapidus
1526 910 1747 954 comes
1794 889 2053 953 Orionis

828 1009 1096 1097 Illyricis
1143 1001 1356 1075 Notus
1387 1009 1600 1075 obruit
1646 1008 1856 1074 undis.

547 1275 627 1322 ⁴9.
663 1274 741 1336 ac]
776 1278 824 1321 et
856 1286 903 1332 c,
943 1274 1073 1322 Pott.
1112 1275 1238 1321 tres.
1283 1299 1335 1306 —
1374 1274 1648 1322 densantur
1685 1285 1822 1321 corr.
1861 1286 1906 1320 c.
1948 1274 2001 1320 et
2034 1270 2213 1321 Aldus.
2276 1273 2354 1334 (Ut
2389 1287 2503 1333 ηοε,

467 1350 628 1397 ceteri
671 1348 835 1397 nostri
869 1350 922 1397 et
955 1361 1035 1410 pr.
1076 1360 1130 1405 c,
1176 1344 1314 1411 βγκ,
1359 1348 1588 1396 Pottierii
1626 1347 1851 1405 omnes)
1894 1374 1945 1380 —
1994 1347 2072 1394 2⁴.
2114 1346 2318 1395 rabidus
2350 1344 2383 1395 δ
2416 1361 2501 1411 ap.

467 1423 676 1472 Kirchn.
715 1422 747 1471 l.
787 1421 819 1471 Ι.

404 1665 568 1715 forma
604 1677 701 1728 pro
729 1665 963 1723 derisore,
1001 1664 1264 1727 reperitur
1287 1664 1445 1713 etiam
1523 1663 2321 1713 On’onhibmisconditurundis.
2343 1665 2567 1716 Theocr.

402 1739 542 1803 apud
588 1738 749 1787 Tacit.
787 1738 923 1787 Ann.
960 1738 1019 1797 2,
1072 1736 1152 1788 ⁴4.
1203 1750 1268 1786 ex
1311 1737 1442 1787 Cod.
1523 1740 1581 1799 7,
1608 1737 2016 1787 53.ed.Ameis:
2056 1731 2268 1788 Χῶταν
2291 1737 2572 1800 ἐφ’ἑσπε-

402 1813 538 1863 Med.
577 1814 845 1861 dmi-serent.
897 1811 1027 1861 Vide
1064 1812 1278 1861 omnino
1317 1812 1448 1860 Wa-

400 1900 622 2012 gneggzn
656 1886 725 1935 ad
763 1886 905 1948 virg.
944 1889 1034 1935 Ge.
1065 1886 1122 1944 l,
1160 1885 1274 1936 248.
1312 1888 1444 1936 Aen.

467 2111 546 2159 ΞΟ.
584 2110 765 2174 Saeva]
802 2110 992 2173 Odyss.
1031 2108 1082 2169 λ,
1120 2109 1200 2160 47:
1239 2105 1444 2179 ἐπαινῇ

1520 1814 1668 1881 ρίοις
1708 1811 1933 1878 ἐρίφοις
1972 1807 2143 1874 νότος
2196 1807 2341 1882 ὑγρὰ
2391 1810 2570 1884 διώκῃ

1522 1883 1785 1951 Κύματα,
1811 1886 1861 1945 χ’
1876 1881 2086 1952 Ὡρίων
2110 1879 2191 1934 ὅτ’
2213 1886 2296 1937 ἐπ’
2312 1881 2569 1954 Ὠκεανῷ

1522 1957 1704 2023 πόδας
1725 1958 1879 2020 ἴσχει
1901 1959 2018 2009 κτλ.
2049 1962 2308 2011 Leonidas
2338 1964 2390 2011 in
2409 1963 2567 2012 Anth.

1522 2035 1629 2087 Pal.
1669 2039 1705 2086 Ι.
1744 2049 1796 2099 p.
1836 2035 1958 2085 385:
1997 2028 2190 2103 Εὕρου
2225 2050 2299 2099 με
2332 2040 2574 2105 τρηχεῖα

1521 2111 1621 2159 καὶ
1655 2106 1949 2174 αἰπήεσσα
1982 2110 2269 2175 καταιγίς,
2310 2111 2412 2159 καὶ
2444 2106 2568 2174 νύξ,

401 2183 810 2255 Περσεφονείῃ.
848 2186 1120 2246 Imperiosa
1156 2184 1346 2234 eadem
1372 2185 1450 2234 di-
1521 2186 1622 2234 καὶ
1662 2179 1951 2251 δνοφερῆς
1986 2180 2219 2247 κύματα
2253 2183 2573 2250 πανδυσίης

400 2260 534 2308 citur
567 2261 671 2308 Sal..
711 2260 768 2318 2,
818 2261 876 2319 5,
928 2260 1039 2308 440.
1079 2260 1359 2308 Brunatius
1395 2259 1445 2306 in

401 2334 581 2382 Museo
617 2333 955 2382 Kircheriano
991 2346 1045 2396 p.
1085 2332 1173 2382 63:
1215 2332 1304 2381 Ar.
1330 2344 1448 2382 su·-

401 2418 501 2456 ros.
545 2408 722 2455 Pwro.
759 2420 951 2457 wrm
990 2419 1079 2455 ιε.
1115 2419 1198 2456 ιι).
1243 2418 1442 2457 mmm.

399 2494 605 2530 murm.
674 2510 726 2517 —
784 2483 930 2547 fugit]
985 2483 1097 2532 Hoc
1148 2481 1446 2546 perfectum

397 2550 698 2624 ἀορίστως.
737 2558 897 2606 Recte
918 2595 929 2616 ‚
967 2555 1158 2616 cred0,
1205 2558 1446 2620 Porphy-

398 2630 500 2678 rio:
552 2629 799 2680 «Nullum
842 2631 1001 2694 caput
1030 2631 1342 2694 Proserpina
1380 2630 1448 2679 ti-

399 2707 525 2762 met,
552 2718 615 2753 ac
637 2718 736 2768 per
753 2705 856 2754 hoc
873 2706 1143 2755 neminem
1162 2707 1447 2768 exceptum

397 2777 628 2836 habet»;
679 2780 819 2839 sive,
863 2780 908 2829 si
943 2780 1140 2840 mavis,
1179 2778 1445 2842 aliquanto

399 2850 689 2915 elegantius
711 2866 837 2902 cum
860 2851 1284 2916 Diilenburgero:
1319 2854 1450 2903 «Ne-

399 2941 488 2978 mo
524 2930 631 2977 tam
667 2929 842 2989 gravis
878 2931 983 2987 est,
1028 2941 1191 2991 quem
1227 2930 1447 2978 Proser-

398 3003 551 3066 pina,
593 3001 643 3051 id
680 3004 791 3062 est,
830 3014 977 3052 mors
1012 3001 1203 3065 fugiat,
1241 3003 1441 3060 timeat,

398 3076 466 3125 ad
490 3090 652 3139 quem
676 3089 823 3126 mors
847 3089 953 3126 non
971 3075 1244 3125 accedat.»
1281 3076 1448 3125 Affert

401 3152 594 3201 Lucan.
647 3152 714 3210 2,
770 3152 864 3200 75:
916 3164 1053 3200 mors
1100 3152 1213 3212 ipsa
1261 3151 1448 3214 refugit

399 3225 556 3285 Saepe
587 3226 754 3273 virum
794 3224 1067 3286 (Marium).
1130 3225 1443 3287 Proserpina

401 3299 510 3360 ipsa
545 3298 612 3348 ad
648 3297 996 3348 moribundos
1032 3297 1241 3347 accedit
1275 3298 1443 3360 iisque

401 3375 671 3435 tamquam
717 3373 944 3423 victimis
987 3366 1283 3443 καταρχῆς
1327 3371 1444 3421 loco

399 3447 703 3496 cincinnum
761 3446 1014 3506 desecat,
1074 3449 1133 3496 ut
1182 3443 1445 3509 Θάνατος

398 3521 538 3583 apud
575 3521 751 3584 Eurip.
789 3520 898 3571 Alc.
937 3521 1018 3571 74.
1057 3521 1196 3583 Virg.
1231 3524 1362 3571 Aen.
1389 3520 1440 3581 4,

399 3594 518 3643 698:
557 3596 790 3644 Nondum
821 3596 894 3643 illi
925 3597 1118 3658 flavum
1143 3596 1447 3657 Proserpina

396 3667 578 3717 vertice
618 3670 808 3717 crinem
848 3669 1128 3718 Abstulerat
1177 3670 1447 3732 Styqioquo

398 3747 548 3803 caput
588 3744 920 3792 damnaverat
962 3744 1106 3792 Orco.
1154 3745 1281 3793 stat.
1320 3742 1441 3793 silv,

398 3816 446 3874 2,
486 3816 533 3875 l,
572 3816 692 3867 447:
729 3818 840 3866 Iam
872 3818 1134 3878 cmnple-na
1165 3831 1322 3867 manu
1348 3818 1449 3866 cri-

396 3903 508 3938 nem
540 3895 667 3940 tenet
700 3892 866 3953 infera
898 3893 1036 3941 Iuno.

459 4039 539 4087 2⁴.
577 4039 660 4088 22.
706 4040 898 4103 devexi]
926 4040 1024 4090 aad
1046 4053 1298 4090 occasum
1323 4052 1447 4090 ver-

396 4113 634 4173 gentis‚»
672 4113 732 4162 ul
765 4114 859 4162 Od.
896 4113 953 4174 3,
993 4116 1082 4173 27,
1123 4114 1210 4163 48:
1254 4115 1448 4163 Pronus

397 4187 566 4236 Οήοπ.
602 4186 771 4250 Epod.
813 4188 901 4246 45,
940 4189 995 4237 7:
1043 4188 1212 4238 nautis
1243 4188 1447 4249 infestus

399 4261 564 4310 Orion
596 4262 730 4323 virg.
755 4265 885 4311 Aen,
909 4264 956 4314 7.
988 4263 1112 4310 749:
1151 4263 1341 4311 Saevus
1363 4261 1445 4310 ubi

1505 2252 1755 2319 Ἕβλαψ’
1802 2252 2094 2326 Ὠρίωνος.
2145 2258 2249 2307 Cfr.
2298 2260 2570 2309 Thoonem

1521 2333 1664 2397 apud
1701 2332 1981 2395 Inghirami
2019 2333 2131 2383 Gal.
2161 2333 2267 2381 Om.
2298 2334 2379 2383 111.
2406 2335 2461 2382 T.
2484 2335 2566 2383 83.

1523 2408 1784 2471 imprimis
1818 2420 1869 2470 p.
1909 2407 2023 2457 234.
2069 2434 2123 2442 -
2161 2407 2362 2456 Occidit
2389 2409 2571 2457 autem

1521 2482 1679 2533 Orion
1715 2482 1931 2531 ineunte
1968 2480 2273 2541 Novembri,
2313 2494 2419 2544 quo
2447 2482 2571 2531 anni

1520 2559 1763 2618 tempore
1815 2557 2059 2605 saeviunt
2091 2554 2381 2618 procellae,
2432 2569 2571 2618 quo-

1522 2632 1661 2680 circa
1698 2632 1865 2679 Notus
1899 2643 2059 2679 comes
2092 2630 2290 2677 Orionis
2329 2631 2567 2679 vocatur.

1521 2703 1736 2754 Hesiod.
1758 2697 1914 2772 ‘'Epy.
1943 2705 2063 2752 6⁴7:
2102 2695 2231 2752 Εὖτ’
2258 2696 2334 2751 ἄν
2356 2698 2574 2767 Πληϊά-

1520 2777 1638 2840 δες,
1707 2777 1917 2839 σθένος
1987 2770 2236 2843 ὄβριμον
2297 2770 2573 2847 Ὠρίωνος

1521 2849 1848 2918 Φεύγουσαι
1881 2853 2163 2902 πίπτωσιν
2191 2851 2252 2913 ἐς
2278 2846 2574 2921 ἠεροειδέα

1520 2923 1761 2986 πόντον,
1811 2922 1896 2991 Διὶ
1942 2922 2072 2975 τότε
2107 2927 2395 2975 παντοίων
2429 2920 2566 2977 ἀνέ-

1517 3018 1646 3065 μων
1691 2996 1939 3052 θύουσιν
1983 2995 2179 3065 ἀῆται.
2235 3028 2291 3039 -
2337 3003 2569 3066 Illyricis]

1520 3078 1714 3127 «maris
1732 3077 2032 3135 Hadriatici,
2060 3077 2211 3126 cuius
2229 3078 2412 3126 intimo
2430 3078 2570 3127 sinui

1518 3151 1727 3200 adiacet
1759 3148 1983 3211 illyria.»
2023 3150 2427 3214 Oudendorpius
2450 3164 2572 3201 ma-

1519 3224 1664 3274 lebat
1716 3225 1895 3273 lonicis
1950 3223 2032 3273 vel
2100 3226 2274 3288 potius
2329 3224 2566 3285 Amicis.

1519 3301 1717 3348 Verum
1736 3299 1948 3359 Illyricis
1970 3299 2148 3358 eliam,
2177 3311 2302 3348 cum
2326 3298 2394 3347 de
2420 3297 2570 3350 litore

1519 3374 1713 3424 Matino
1760 3374 1812 3421 in
1864 3371 2049 3436 Apulia
2102 3374 2302 3434 agitur,
2356 3372 2572 3422 defendi

1520 3448 1911 3510 quadamtenus
1958 3449 2160 3510 potest,
2216 3448 2259 3495 si
2306 3445 2571 3496 habemus

1517 3520 1602 3570 vel
1649 3535 1747 3584 pro
1793 3519 2016 3584 simplici
2060 3519 2304 3585 ἐπιθέτῳ
2349 3523 2572 3570 ornante

1519 3608 1563 3645 s.
1611 3596 1822 3658 poetico
1866 3608 1963 3659 pro
2014 3595 2170 3645 undis
2222 3592 2566 3656 quibuslibet,

1522 3670 1621 3730 (ut,
1670 3682 1736 3718 ne
1773 3670 1891 3732 quis
1927 3682 2013 3718 me
2051 3667 2432 3725 calumnietur,
2484 3667 2573 3717 vei

1520 3743 1570 3790 in
1620 3742 1715 3791 Od.
1775 3744 1833 3802 l,
1896 3744 1951 3802 l,
2008 3742 2093 3791 ⁴3:
2163 3741 2304 3791 trabe
2357 3742 2574 3803 cypria-

1517 3818 1773 3876 Myr-town
1796 3817 2146 3865 mare-Icariis
2166 3815 2421 3880 fluctibus,
2458 3815 2569 3878 ubi,

1519 3891 1562 3939 si
1599 3889 1879 3947 voluisset.
1917 3889 2017 3939 alia
2052 3891 2289 3940 ἐπίθετα
2312 3888 2457 3939 haud
2478 3891 2575 3940 mi—

1520 3978 1621 4014 nus
1657 3967 1779 4028 apta
1815 3963 2011 4027 eligere
2049 3964 2369 4028 potuisset:)
2404 3962 2491 4014 vel
2527 3966 2571 4014 si

1520 4036 1849 4101 explicamus
1900 4038 1968 4087 de
2030 4038 2259 4102 procella
2311 4037 2380 4088 ab
2433 4038 2572 4087 Euro

1521 4112 1644 4161 inde
1681 4126 1746 4160 ex
1782 4113 1943 4161 maris
1980 4112 2264 4162 Hadriaciti
2300 4114 2417 4163 sinu
2451 4125 2575 4162 con·-

1521 4187 1698 4244 citata,
1737 4198 1875 4248 quae
1912 4186 2223 4248 naufragum
2258 4186 2475 4236 tandem
2508 4185 2574 4234 il-

1523 4260 1610 4310 lud
1648 4261 1716 4309 ad
1758 4259 1879 4310 litus
1915 4260 2179 4310 detulerit.
