3234 4975
689 423 810 489 ⁴64

1444 396 1695 476 nonnil
1734 425 2070 475 (namnum

1353 700 2179 765 cmm

1022 873 1170 949 lcci,
1220 873 1423 938 beatis
1469 892 1636 937 nunc
1680 870 1960 938 Arabum
2005 868 2254 935 invides

1019 994 1246 1069 GaziS,
1281 975 1358 1058 'et
1401 1013 1617 1059 acrem
1661 991 1948 1057 militiam
1991 1011 2182 1077 paras

1099 1117 1235 1180 Non
1280 1125 1424 1180 ante
1470 1113 1740 1179 devictis
1786 1111 2076 1178 Sabaeae

1190 1234 1506 1322 RegibuS‚
1553 1232 1974 1320 horribilique
2019 1231 2206 1299 Medo

806 1435 978 1485 XXIX.
1017 1436 1181 1483 inser.
1221 1432 1355 1495 volg.
1393 1436 1446 1482 et
1479 1433 1569 1481 ST:
1606 1432 1682 1481 Aa
1715 1432 1913 1479 Iccium.
1958 1458 2009 1465 ω
2050 1431 2096 1479 4.
2128 1431 2332 1479 inuictus
2365 1431 2420 1479 T.

740 1612 913 1662 XXIX.
981 1613 1344 1674 compositum
1386 1612 1469 1660 est
1503 1621 1718 1658 carmen

676 1689 797 1736 ante
855 1687 1276 1750 expeditionem,
1347 1697 1508 1747 quam
1571 1684 1717 1733 iussu

676 1762 891 1824 Augusti
925 1759 1102 1811 Aelius
1137 1758 1312 1809 Gallus
1345 1772 1392 1808 a.
1428 1772 1480 1807 u.
1517 1772 1564 1807 c.
1600 1757 1714 1806 730.

672 1837 912 1899 suscepit
954 1837 1005 1884 in
1039 1834 1287 1884 Arabiam
1333 1832 1565 1890 felicem,
1621 1831 1718 1882 sed

674 1911 1008 1974 improspero
1047 1922 1320 1960 successu.
1394 1908 1498 1957 Cfr.
1540 1905 1714 1956 Strab.

675 1986 766 2044 ⁴6,
813 1986 903 2034 22:
959 1985 1222 2046 Augustus
1275 1976 1316 2047 ἦ
1362 1976 1472 2051 γὰρ
1521 1979 1717 2043 φίλοις

671 2053 868 2124 ἤλπιζε
931 2057 1230 2119 πλουσίοις
1294 2054 1620 2126 χρήσεσθαι
1677 2049 1721 2121 ἤ

673 2129 901 2203 ἐχθρῶν
922 2131 1232 2203 κρατήσειν
1265 2130 1573 2182 πλουσίων.
1619 2131 1716 2180 Dio

673 2209 820 2258 Cass.
858 2206 947 2267 53,
994 2207 1075 2256 29.
1113 2205 1192 2256 Ad
1228 2205 1455 2255 eandem
1491 2205 1716 2268 expedi-

671 2283 870 2332 tionem
927 2281 1155 2331 refertur
1209 2282 1445 2343 Propert.
1501 2281 1556 2340 2,
1619 2282 1710 2340 40,

671 2358 762 2406 46:
804 2356 1044 2419 Auyuste,
1083 2381 1112 2391 -
1145 2382 1174 2392 -
1208 2357 1380 2403 domnas
1412 2355 1632 2403 intactae
1670 2359 1715 2402 {e

667 2431 834 2480 tremit
864 2430 1096 2479 Arabiae.
1152 2428 1278 2480 Plin.
1318 2429 1379 2478 11.
1416 2431 1476 2479 N.
1517 2430 1574 2490 6,
1617 2430 1709 2479 28:

669 2508 896 2556 Romana
927 2519 1077 2555 arma
1109 2505 1241 2554 solus
1273 2506 1325 2553 in
1367 2518 1479 2554 eam
1522 2510 1714 2553 terram

669 2582 832 2630 adhuc
862 2581 1029 2630 intulit
1060 2580 1226 2630 Aelius
1259 2581 1454 2640 Galim,
1501 2581 1715 2642 equestri

666 2657 855 2706 ordine.
928 2656 1209 2705 Grotefend
1246 2657 1301 2704 et
1334 2656 1533 2705 Franke
1572 2655 1714 2705 refe-

666 2732 790 2780 runt
821 2729 889 2780 ad
923 2743 970 2779 a.
998 2730 1135 2789 7274
1172 2729 1271 2780 sed
1295 2730 1390 2780 cfr.
1420 2728 1714 2792 Hertzberg

668 2807 896 2868 quaestt.
935 2806 1089 2868 Prop.
1117 2818 1168 2868 p.
1204 2805 1317 2854 2⁴7.
1367 2804 1545 2854 Hoeck
1569 2805 1709 2853 Ro’m.

668 2880 945 2930 Geschichte
968 2879 1005 2927 1.
1032 2892 1086 2942 p.
1107 2878 1221 2928 360.
1249 2879 1386 2929 hanc
1412 2878 1714 2941 expeditio-

666 2965 791 3003 nem
813 2954 994 3002 vocat:
1034 2953 1114 3001 die
1133 2953 1604 3016 Entdeckunqsreise
1633 2954 1715 3001 des

666 3027 831 3077 Aelius
853 3027 1025 3076 Gallus
1046 3026 1175 3076 nach
1195 3027 1303 3076 dem
1323 3028 1571 3076 sualichen
1585 3027 1715 3076 Ara—

668 3103 792 3152 bien.
852 3128 906 3136 -
955 3098 1180 3150 Amabili
1225 3103 1279 3150 et
1328 3102 1497 3150 amica
1547 3102 1712 3151 ironia

668 3179 780 3229 sine
830 3173 933 3225 ulla
984 3175 1273 3225 acerbitate
1321 3189 1449 3226 usus
1491 3176 1715 3225 miratur

666 3254 823 3318 poeta
841 3290 852 3312 ,
890 3250 1162 3313 quomodo
1184 3250 1354 3301 Iccius
1378 3249 1621 3314 deposito
1645 3250 1712 3299 ad

668 3329 880 3390 tempus
922 3323 1287 3389 philosophiae
1333 3324 1506 3375 studio
1552 3337 1714 3375 occa-

668 3402 877 3453 sionem
920 3401 974 3448 et
1014 3412 1146 3463 opes
1182 3401 1236 3449 et
1268 3398 1487 3463 gloriam
1532 3401 1583 3449 in
1626 3399 1710 3449 illa

669 3475 1002 3541 expeditione
1061 3474 1283 3538 parandi
1341 3476 1589 3539 captarit,
1655 3477 1715 3524 ut

668 3552 906 3603 fecerant
936 3549 1049 3600 sine
1090 3549 1253 3599 dubio
1288 3550 1591 3615 complures
1630 3551 1713 3600 iu-

670 3638 834 3676 venes
890 3626 1004 3675 eius
1070 3623 1321 3687 aequales
1344 3664 1355 3685 ,
1424 3628 1710 3689 propterea

670 3697 811 3749 nullo
851 3700 1049 3763 probro
1094 3697 1264 3762 digni,
1319 3700 1485 3749 immo
1524 3698 1709 3761 laude,

670 3773 1123 3837 quemadmodum
1168 3775 1293 3822 tunc
1334 3774 1573 3825 viventes
1608 3775 1714 3824 Ro-

670 3847 812 3898 mani
847 3849 1168 3904 iudicabant.
1205 3850 1387 3912 utpote
1412 3849 1502 3912 qui
1526 3850 1714 3899 Roma-

672 3934 801 3972 num
834 3922 1115 3985 imperium
1156 3921 1414 3973 adversus
1450 3922 1713 3973 Barbaros

672 3995 937 4047 defensuri
973 4000 1133 4060 atque
1157 3999 1362 4047 aucturi
1384 3999 1580 4048 essent.
1631 3998 1712 4048 Ad

672 4071 847 4136 priora
882 4074 1062 4121 autem
1096 4073 1270 4124 studia
1297 4074 1494 4123 Iccium
1526 4077 1710 4138 postea

671 4146 955 4197 revertisse
1011 4149 1159 4210 patet
1213 4160 1279 4196 ex
1327 4149 1455 4212 Epp.
1511 4148 1566 4210 ⁴,
1628 4149 1708 4198 42.

672 4222 894 4272 Omnino
928 4220 1159 4285 iniquius
1192 4221 1260 4271 de
1296 4221 1573 4298 innocente
1608 4224 1712 4273 hoc

670 4297 866 4347 Horatii
916 4295 1111 4358 sodali,
1164 4298 1316 4348 cuius
1364 4297 1713 4361 patrocinium

1793 1609 2003 1670 egregie
2056 1608 2293 1671 suscepit
2339 1607 2527 1658 Iacobs
2575 1610 2626 1659 in
2673 1611 2836 1659 Lecti.

1791 1682 1987 1731 Venus.
2027 1695 2079 1745 p.
2118 1682 2190 1744 3.,
2243 1679 2485 1746 plerique
2522 1684 2839 1747 interpretes

1790 1756 2113 1817 iudicarunt,
2168 1758 2317 1820 quasi
2373 1757 2528 1807 fuerit
2577 1759 2740 1808 homo
2785 1761 2840 1808 et

1791 1823 2005 1880 sordide
2049 1843 2241 1882 avarus
2286 1834 2341 1880 et
2385 1831 2602 1893 stultus,
2659 1834 2839 1882 cuius·

1790 1904 1935 1955 modi
1991 1905 2237 1969 propudii
2301 1907 2588 1956 amicitiam
2651 1905 2836 1970 procul

1790 1978 1953 2029 dubio
1988 1980 2278 2044 respuisset
2315 1981 2575 2031 Horatius.

1856 2091 1902 2140 4.
1976 2093 2155 2142 Exstat
2203 2106 2454 2143 nummus
2503 2106 2626 2143 cum
2672 2095 2831 2143 inscr.

1788 2166 1842 2215 L.
1878 2167 1978 2215 1T1.
2027 2168 2222 2217 ROMA.
2261 2166 2455 2217 Eckhel
2490 2169 2553 2217 D.
2592 2170 2651 2217 N.
2689 2170 2748 2217 V.
2776 2182 2829 2232 p.

1789 2241 1900 2288 227.
1941 2242 2176 2291 attamen
2225 2244 2281 2304 Q.
2319 2242 2462 2291 ITIO.
2504 2244 2562 2304 Q.
2598 2243 2655 2291 F.
2695 2243 2829 2292 CLV.

1790 2318 1847 2375 Q.
1885 2315 2065 2364 ITIVS.
2105 2317 2159 2365 L.
2199 2319 2283 2366 est
2317 2318 2366 2365 in
2405 2314 2551 2365 titulo
2587 2318 2827 2367 Larinate

1787 2389 1926 2453 apud
1979 2392 2189 2440 Guarini
2222 2392 2468 2454 Spiqolati
2499 2404 2550 2455 p.
2588 2390 2669 2441 24.
2730 2392 2836 2441 Sed

1786 2467 1856 2515 Μ.
1877 2466 2035 2516 Iccius
2061 2468 2389 2517 memoratur
2407 2465 2549 2531 apud
2568 2466 2676 2517 Cic.
2700 2465 2828 2516 Phil.

1787 2542 1843 2601 3,
1884 2542 1962 2590 ⁴0.
2002 2543 2226 2590 Gentem
2259 2542 2491 2603 ignotam
2526 2544 2682 2591 vocat
2711 2542 2833 2591 Ric-

1787 2615 1869 2665 cio
1902 2617 1974 2664 M.
1999 2617 2054 2664 F.
2081 2617 2136 2665 R.
2163 2629 2218 2679 p.
2255 2615 2368 2665 ⁴03.
2412 2644 2464 2651 -
2505 2617 2616 2666 Hoc
2651 2619 2830 2667 autem

1788 2671 2061 2739 exordium
2117 2691 2239 2750 Icci,
2275 2717 2304 2727 -
2334 2716 2364 2726 -
2385 2695 2587 2739 catenas
2622 2690 2828 2752 meliuS,

1787 2766 1860 2815 uti
1894 2766 2195 2828 sequentia,
2251 2765 2619 2827 interrogative
2664 2767 2831 2830 accipi

1785 2839 2020 2900 videtur,
2057 2841 2117 2888 ut
2148 2840 2240 2889 sit:
2294 2839 2629 2899 «Quomod0,
2667 2839 2831 2890 obse-

1787 2928 1905 2974 cre,
1944 2913 2026 2974 fit,
2065 2917 2123 2963 ut
2154 2916 2338 2964 nectas
2373 2916 2661 2965 catenosi»
2699 2917 2832 2965 Lan·

1786 2990 1911 3050 guet
1945 2989 2086 3038 enim
2121 2987 2247 3038 illud
2281 2989 2395 3038 sine
2423 2989 2829 3050 interrogatione

1786 3062 2075 3126 prolatum,
2114 3065 2169 3114 et
2201 3062 2259 3112 fit
2293 3064 2443 3127 quasi
2474 3062 2830 3126 frigidiuscula

1785 3138 2016 3188 narratio
2052 3139 2190 3199 eius,
2228 3137 2374 3201 quod
2407 3150 2546 3188 nunc
2569 3152 2692 3189 cum
2715 3152 2832 3189 ma-

1785 3214 1924 3262 xime
1960 3215 2081 3275 agat
2114 3213 2334 3262 amicus.
2377 3240 2431 3248 —
2458 3213 2627 3278 beatis]
2653 3214 2748 3264 Od.
2774 3214 2826 3275 3,

1784 3286 1865 3346 24,
1906 3287 1959 3335 ⁴:
2012 3288 2216 3336 Intactis
2258 3288 2535 3350 opulentior
2570 3289 2830 3338 Tbesamis

1781 3362 2019 3412 Arabum.
2072 3361 2223 3412 Idem
2258 3364 2340 3413 est
2372 3376 2436 3412 ac
2471 3365 2828 3427 «pretiosissi-

1783 3437 1950 3495 mis»,
2001 3438 2061 3485 ut
2110 3437 2212 3487 iam
2265 3438 2406 3500 apud
2458 3439 2611 3488 Hom.
2660 3437 2715 3488 11.
2766 3436 2822 3499 λ,

1784 3512 1872 3562 68:
1933 3506 2141 3582 ἀνδρὸς
2184 3509 2474 3583 μάκαρος,
2524 3512 2714 3564 divitis.
2767 3541 2822 3550 —

1781 3587 1937 3651 nime]
1986 3600 2147 3637 «cum
2191 3590 2406 3652 praeter
2445 3600 2601 3651 spem
2651 3587 2824 3638 subita

1784 3663 1993 3712 occasio
2029 3664 2079 3712 te
2114 3662 2314 3713 ditandi
2348 3675 2469 3714 sese
2504 3663 2708 3712 offert.»

1849 3775 1896 3825 3.
1933 3776 2046 3824 Non
2067 3779 2183 3824 ante
2206 3774 2421 3837 devictis]
2449 3775 2558 3824 Hoc
2581 3775 2695 3824 sine
2721 3771 2822 3822 ulla

1783 3849 1949 3900 ironia
1971 3849 2169 3900 dictum
2193 3847 2473 3899 manifesto
2497 3848 2826 3899 demonstrat

1785 3938 2001 3975 carmen
2044 3924 2301 3988 scriptum
2346 3936 2466 3973 esse
2501 3927 2623 3973 ante
2659 3936 2823 3987 expe-

1784 3998 2019 4058 ditionis,
2056 4011 2219 4063 quam
2252 4010 2440 4049 omnes
2467 3996 2822 4048 felicissimam

1783 4073 1895 4124 fore
1929 4072 2352 4136 augurabantur,
2390 4073 2604 4124 exitum.
2643 4099 2697 4108 —-·
2723 4072 2823 4121 Sa·—

1783 4146 1951 4210 baeae]
1985 4146 2209 4212 populus
2231 4147 2455 4198 Arabiae
2479 4146 2668 4208 felicis,
2695 4160 2825 4210 quo-

1784 4234 1904 4271 rum
1927 4223 2085 4285 caput
2106 4221 2261 4271 Saba.
2289 4221 2417 4271 Ptin.
2442 4222 2491 4282 6,
2517 4223 2603 4272 28:
2641 4220 2823 4270 Sabaei

1784 4295 2004 4346 Arabum
2029 4302 2238 4359 propter
2268 4298 2419 4347 thura
2450 4296 2712 4346 clarissimi
2741 4322 2770 4332 -
2793 4322 2821 4332 -
