3234 4975
1277 388 1395 438 Lm.
1433 389 1518 439 111.

1590 390 1650 439 c.
1688 391 1749 439 ιι.
2516 393 2642 458 343

979 544 1184 608 Vexet
1227 562 1433 630 eques
1477 544 1866 612 metuendus
1910 545 2091 613 hasta

819 701 1155 788 Vitamque
1201 700 1323 767 sub
1368 700 1518 768 divo
1563 712 1630 768 et
1671 703 1938 790 trepidis
1984 715 2130 790 agat
2602 709 2642 772 5

813 824 884 887 ln
927 821 1146 888 rebus.
1236 819 1418 887 Illum
1464 842 1544 887 ex
1587 824 1928 891 moenibus
1972 823 2235 894 hosticis

899 942 1186 1008 Matrona
1229 940 1526 1008 bellantis
1570 945 1823 1031 tyranni

980 1062 1390 1150 Prospiciens
1434 1073 1499 1129 et
1541 1063 1759 1129 adulta
1800 1064 1982 1152 virgo

811 1221 1132 1307 Suspiret,
1184 1219 1383 1297 eheu,
1432 1241 1514 1286 ne
1563 1220 1744 1287 rudis
1787 1222 2113 1309 agminum

812 1343 1109 1429 Sponsus
1154 1340 1435 1408 lacessat
1475 1341 1696 1428 regius
1740 1362 2046 1430 asperum

894 1464 1088 1529 Tactu
1133 1460 1421 1539 leonem,
1469 1484 1667 1550 quem
1713 1474 1980 1530 cruenta

977 1584 1104 1650 Per
1147 1583 1395 1650 medias
1439 1583 1608 1670 rapit
1650 1584 1745 1649 ira
1789 1584 2047 1651 caedes,

597 1775 645 1823 δ.
683 1774 766 1822 dio
795 1774 875 1823 ct.
917 1798 971 1809 -
1009 1773 1121 1822 ἀόυο
1154 1773 1360 1835 trepidis
1391 1772 1638 1834 Doering.
1675 1771 1937 1822 Refutavit
1968 1772 2146 1836 Regel.
2178 1801 2233 1810 -—
2272 1775 2383 1837 (vv,
2411 1776 2573 1826 5—42

536 1847 735 1898 desunt
766 1847 819 1897 in
853 1846 931 1910 B.)
971 1872 1026 1883 —
1063 1846 1111 1896 9.
1147 1847 1242 1897 hou
1270 1847 1366 1897 hou
1396 1846 1449 1896 d.
1490 1846 1668 1896 Ceteri
1700 1846 1807 1897 mei
1840 1848 1975 1897 eheu.

531 2005 580 2055 3.
616 2004 950 2069 4..1>oe·0·os]
987 2005 1082 2054 Hic
1114 2000 1348 2072 γνώμας
1382 2018 1512 2068 pro·

465 2092 671 2143 ponens
691 2080 908 2143 proprio
929 2080 1094 2129 utitur
1115 2082 1329 2131 nomine
1346 2117 1359 2140 ‚
1385 2079 1510 2131 alibi

464 2166 627 2217 saepe
671 2152 980 2217 praeferens
1024 2155 1229 2218 poetica
1268 2154 1353 2205 vel
1397 2157 1509 2206 Μο-

462 2229 643 2277 domm
687 2227 773 2278 vel
820 2229 1088 2278 Per-sanun
1129 2227 1408 2279 vocabula.
1449 2256 1505 2267 -

469 2301 643 2365 ναυσὶ]
699 2303 916 2365 «urgeat
964 2305 1020 2351 et
1052 2301 1338 2352 conturbet
1367 2304 1509 2353 acri-

463 2377 654 2438 terque
689 2377 1093 2439 persequatur.»

526 2450 576 2499 ὅ.
628 2448 718 2499 aab
750 2450 864 2499 divo
898 2454 946 2500 et
977 2447 1205 2513 trepidis]
1265 2452 1352 2501 «et
1384 2463 1508 2501 cum

462 2523 704 2575 molestia
755 2527 811 2574 et
859 2525 912 2574 in
960 2523 1262 2587 periculis.»
1341 2526 1511 2576 Parti-

461 2597 577 2648 cula
613 2605 660 2648 et
691 2611 877 2648 carere
912 2611 1020 2648 non
1041 2611 1347 2661 possumus,
1384 2611 1509 2649 cum

461 2674 640 2737 inepta
673 2673 742 2722 sit
775 2673 1067 2722 sententia:
1124 2673 1317 2723 «vitam
1350 2672 1511 2736 degat

459 2748 513 2797 in
547 2744 797 2810 periculis
840 2746 942 2800 sub
985 2746 1161 2795 divo.»
1208 2747 1427 2809 Trepidis
1456 2748 1511 2797 in

457 2821 607 2870 robus
639 2819 771 2869 dixit
803 2821 963 2869 etiam
992 2820 1168 2871 Livius
1198 2819 1256 2880 4,
1296 2821 1374 2870 ⁴7.
1414 2821 1505 2883 34,

462 2895 541 2944 Η.
579 2895 634 2944 in
663 2907 723 2944 re
754 2895 954 2956 vopida
985 2896 1043 2955 ὅ,
1080 2895 1161 2944 50.
1216 2893 1400 2945 Tibull.
1445 2897 1504 2956 2,

460 2969 520 3029 3,
553 2970 609 3018 Ἣ
637 2983 649 3018 :
685 2970 892 3031 mpidis
906 2970 1093 3031 petiere
1112 2969 1324 3019 oracula
1343 2970 1506 3021 rebus.

459 3042 594 3093 Alibi
631 3043 861 3104 «dubiis,
891 3041 1271 3108 periculosis.»

524 3117 573 3167 6.
632 3118 802 3182 mun]
870 3120 1057 3168 Totam
1107 3117 1246 3168 hano
1295 3132 1505 3184 pugnae

459 3205 678 3242 scenam
745 3193 955 3255 egregie
1022 3206 1088 3242 ac
1143 3194 1506 3258 maximopere

460 3261 757 3328 δεικτικῶς
805 3268 927 3317 ante
979 3265 1165 3317 oculos
1217 3267 1372 3318 nobis
1406 3282 1509 3333 po-

460 3339 598 3390 suit:
640 3340 811 3388 «tunam
844 3339 1186 3390 fortissimum
1224 3354 1288 3392 ac
1323 3342 1507 3393 formi-

459 3411 697 3462 dandum
735 3412 984 3462 iuvenem
1024 3414 1322 3465 Romanum
1339 3433 1364 3459 ¹·
1400 3418 1505 3466 cet.

459 3486 567 3537 Cl'r.
611 3485 820 3535 Nitzsch
860 3485 1002 3548 apud
1042 3485 1344 3539 Ltibkerum
1384 3502 1503 3554 pag.

457 3560 572 3610 3⁴⁴.
614 3585 669 3595 -—-
705 3558 929 3622 hosticis]
966 3559 1172 3620 poetica
1206 3560 1375 3612 torma
1407 3576 1507 3627 pro

457 3632 734 3693 hostilibus,
771 3634 832 3681 ut
859 3632 1106 3695 asmicto-3,
1157 3646 1264 3696 quo
1296 3636 1507 3688 Tacitus

458 3707 650 3766 utitur,
687 3709 743 3756 et
774 3707 975 3755 civicus.
1022 3732 1078 3743 -
1115 3708 1226 3757 Iam
1265 3708 1333 3757 ad
1372 3711 1508 3760 ima-

457 3782 665 3844 ginem,
704 3793 843 3844 quae
879 3781 1074 3830 mentis
1107 3779 1274 3831 oculis
1308 3781 1508 3833 obver-

456 3860 629 3912 setur,
667 3856 892 3905 transire
928 3855 1174 3905 maturat.

522 3931 572 3980 7.
607 3930 875 3994 Matrona]
914 3931 971 3979 ut
1006 3930 1110 3979 iam
1143 3929 1284 3993 apud
1307 3930 1509 3980 Home-

453 4016 577 4054 rum
625 4003 697 4068 (ΙΙ.
734 4021 799 4070 y,
843 4004 976 4066 ⁴54.)
1015 4006 1070 4053 et
1100 4003 1316 4054 Hesiod.
1362 4004 1504 4054 Scut.

453 4079 582 4131 242:
658 4080 726 4129 αἱ
778 4077 841 4130 δὲ
891 4084 1159 4146 γυναῖκες
1208 4073 1508 4143 ἐϋδμήτων

453 4153 548 4206 ἐπὶ
580 4150 810 4226 πύργων
841 4150 1111 4204 Χάλκεον
1157 4146 1264 4217 ὀξὺ
1309 4149 1471 4214 βόων
1490 4189 1505 4214 ,

454 4225 604 4280 κατὰ
625 4227 673 4279 δ’
697 4226 1047 4301 ἐδρύπτοντο
1079 4225 1337 4300 παρειάς·
1375 4242 1509 4279 uxo-

1584 2017 1675 2055 res
1711 2017 1914 2068 pugnas
1948 2005 2178 2056 heroum
2203 2021 2234 2056 e
2257 2006 2493 2059 turribus
2516 2022 2641 2072 pro-

1582 2081 1852 2143 spectaut3
1906 2080 2033 2130 item
2077 2081 2336 2143 Antigone
2379 2083 2432 2132 in
2468 2084 2637 2134 muris

1583 2153 1864 2204 Thebanis.
1906 2152 2099 2217 (Eurip.
2126 2153 2325 2205 Phoen.
2353 2156 2455 2217 88.)
2493 2157 2633 2221 virg.

1582 2227 1714 2277 Aen.
1770 2227 1851 2276 ⁴⁴.
1889 2225 2018 2277 475:
2098 2227 2219 2276 Tum
2265 2241 2438 2278 maros
2483 2231 2638 2279 varia

1580 2301 1786 2350 cinxere
1833 2313 2025 2350 corona
2067 2302 2337 2352 Matronae
2366 2305 2629 2366 puerique.

1583 2373 1735 2424 Silius
1773 2376 1830 2432 2.
1866 2375 1990 2423 25⁴:
2046 2374 2372 2425 Conclamant
2406 2382 2632 2440 matres,

1579 2448 1803 2510 celsoque
1857 2461 1884 2498 e
1930 2447 2144 2499 malvane
2191 2450 2331 2499 nwri
2379 2452 2636 2503 Lamentis

1579 2537 1685 2571 voa:
1706 2523 1873 2571 mixta
1901 2528 2061 2572 sonat.
2100 2523 2227 2572 Stat.
2250 2523 2416 2574 Theb.
2443 2526 2492 2584 7,
2515 2526 2630 2577 240:

1580 2597 1815 2645 Nondum
1844 2597 1995 2645 hostis
2025 2598 2190 2657 circa,
2238 2599 2432 2658 trepido
2465 2604 2633 2649 men

1581 2671 1783 2733 aomina
1827 2675 2017 2719 matres
2056 2670 2397 2719 Conscendant
2442 2685 2633 2735 muros,

1580 2745 1697 2794 inde
1728 2757 1879 2793 arma
1917 2744 2130 2792 nitmia
2170 2743 2305 2791 natis
2335 2744 2402 2793 Et
2447 2745 2633 2807 fornu—

1582 2819 1774 2868 dandos
1801 2822 2084 2867 monstrant
2113 2817 2203 2867 aab
2224 2820 2415 2868 casside
2438 2825 2630 2880 patros.

1649 2893 1697 2942 9.
1733 2890 1984 2955 Suspirat]
2010 2892 2196 2941 «tacita
2219 2904 2471 2953 secum3»
2508 2908 2632 2947 nam

1583 2969 1699 3017 eius
1746 2965 2126 3017 sollicitudines
2176 2966 2464 3028 significat,
2522 2983 2634 3021 non

1581 3041 1749 3106 ipsius
1806 3037 2057 3103 querelae
2104 3038 2271 3089 verba
2327 3041 2507 3092 refert.
2574 3071 2629 3080 —

1581 3129 1645 3166 ne
1662 3115 1788 3180 cet]
1816 3112 2086 3174 «sollicita,
2108 3127 2206 3163 ne»
2228 3117 2331 3165 cet.
2366 3117 2635 3168 Metueudi

1582 3192 1726 3241 enim
1745 3190 1889 3239 notio
1905 3189 2047 3238 inest
2062 3189 2114 3238 in
2133 3187 2301 3238 verbo
2317 3191 2547 3252 suspiret.
2574 3218 2629 3229 —

1582 3263 1867 3328 aqnvimom]
1904 3263 2066 3313 totius
2087 3263 2166 3313 rei
2190 3262 2427 3315 militaris
2444 3302 2456 3325 ‚
2482 3266 2634 3315 cuius

1581 3337 1728 3389 haud
1742 3338 1959 3388 minima
1974 3349 2101 3401 pars
2114 3338 2197 3387 est
2206 3350 2399 3401 agmen
2412 3337 2629 3389 ducere.

1651 3414 1731 3463 ⁴0.
1800 3411 2287 3474 Spoomu-roqiioe]
2352 3412 2635 3475 Accipien-

1581 3487 1713 3537 dum
1747 3486 1816 3536 de
1850 3485 1982 3536 alius
2016 3485 2156 3547 regis
2206 3485 2463 3535 foederati
2505 3483 2630 3546 filio,

1580 3563 1642 3610 ut
1690 3558 1967 3611 Coroebus
2006 3561 2228 3622 propter
2272 3558 2633 3609 Cassandram

1580 3636 1789 3686 Troiam
1835 3635 2074 3684 venerat.
2115 3658 2169 3668 —-
2223 3631 2457 3696 lacessat]
2511 3645 2636 3684 «su-

1580 3708 1750 3774 perbe
1797 3710 1853 3758 et
1892 3711 2073 3759 tamen
2114 3707 2230 3757 sine
2272 3719 2532 3756 successu
2564 3707 2633 3757 ad

1579 3795 1815 3849 pugnam
1879 3782 2186 3846 provocet.»
2264 3806 2318 3815 —-
2393 3793 2633 3842 amman

1585 3859 1740 3908 Tacta
1786 3855 2002 3919 1002an
2080 3866 2275 3917 «quem
2330 3854 2375 3904 si
2426 3855 2629 3917 tangas,

1584 3933 1958 3995 exasperatur,
2052 3928 2175 3978 furit
2238 3929 2632 3993 prosternitque

1582 4008 1803 4070 propius
1838 4002 2211 4053 accedentes.»
2247 4001 2389 4053 Iliad.
2407 4019 2477 4069 ῃ,
2516 4004 2629 4054 472.

1584 4079 1653 4129 de
1696 4078 1886 4130 leone:
1974 4073 2102 4139 ἰθὺς
2166 4079 2403 4149 φέρεται
2449 4079 2628 4143 μένει.

1585 4151 1738 4203 Silius
1771 4154 1801 4201 7
1819 4190 1831 4212 ‚
1869 4151 1981 4203 400.
2038 4152 2106 4202 de
2141 4151 2458 4203 Hannibale:
2522 4153 2633 4201 Iam

1583 4240 1753 4278 cernes
1800 4226 2039 4289 Libycum
2096 4228 2226 4278 hum
2286 4228 2421 4278 vallo
2470 4227 2635 4276 assul-
