3234 4975
674 403 798 469 244

1444 405 1701 455 HORATII
1736 405 2074 457 CARMINUM

1011 560 1297 647 Angulus
1342 560 1532 637 ridet,
1579 559 1693 626 ubi
1736 581 1865 626 non
1909 562 2213 649 Hymetto

1012 681 1197 748 Melia
1241 681 1567 749 decedunt
1607 681 1930 768 viridique
1973 690 2176 748 certat

1264 804 1438 868 Baca
1486 800 1790 880 Venasro;

1008 962 1135 1028 Ver
1174 961 1287 1027 ubi
1329 959 1592 1048 longum
1634 958 2019 1047 tepidasque
2062 960 2335 1047 praehet

1005 1081 1293 1168 Iuppiter
1332 1081 1632 1158 brumaS,
1696 1090 1761 1147 et
1803 1081 2049 1147 amicus
2091 1081 2296 1148 Aulon

1002 1201 1219 1269 Fertili
1260 1201 1514 1269 Baccho
1557 1201 1891 1268 minimum
1934 1202 2222 1270 Falernis

793 1403 872 1452 48.
910 1402 1123 1451 amictus
1154 1402 1214 1450 N.
1243 1400 1515 1461 Heinsius,
1553 1401 1760 1462 apricus
1777 1398 1947 1450 Bentl.
1985 1401 2148 1462 coni.‚
2188 1399 2540 1464 «levissima,»
2577 1403 2762 1468 inquit,

730 1479 1104 1528 «mutationem
1156 1502 1212 1512 —
1260 1476 1342 1525 49.
1392 1476 1591 1525 Fertilis
1633 1475 1803 1542 1),γμ,
1846 1476 1995 1524 Serv.
2032 1474 2101 1524 ad
2149 1477 2280 1524 Aen.
2319 1475 2375 1524 3.
2413 1476 2549 1539 553„
2595 1477 2763 1527 Bentl.

730 1554 809 1615 (Ut
840 1564 965 1613 noS,
1001 1550 1175 1611 BSTd,
1212 1551 1347 1600 Pott.
1385 1549 1619 1612 novem.)
1676 1577 1732 1586 —
1781 1549 1996 1598 nimium
2028 1562 2095 1600 ex
2126 1561 2291 1613 prava
2326 1552 2662 1603 correctione
2697 1552 2763 1610 d;

728 1627 872 1677 idem
905 1639 1176 1691 superscr.
1215 1627 1267 1675 in
1302 1626 1360 1675 Β.

724 1794 806 1844 43.
825 1794 905 1844 44.
924 1793 1238 1843 Necessario
1257 1792 1581 1855 iungendum
1596 1805 1705 1842 non
1774 1792 1942 1856 feram
1982 1791 2237 1844 Falerno?
2290 1795 2425 1854 quod
2465 1794 2628 1844 oleum
2663 1794 2832 1843 Vena-

659 1880 827 1917 omnes
861 1872 1146 1927 terrai-mn,
1185 1866 1283 1917 sed
1305 1867 1520 1929 anqulas
1542 1872 1708 1916 terra·-
1774 1867 1857 1930 fro
1871 1867 1912 1930 P)
1950 1869 2005 1918 et
2037 1867 2200 1918 Plinio
2225 1868 2311 1929 45,
2348 1868 2398 1918 2.
2427 1870 2690 1933 optimum
2714 1871 2831 1918 erat

657 1954 800 2002 nnn,
837 1943 897 1989 ut
920 1943 1158 2005 Propert.
1187 1940 1236 2001 4,
1271 1941 1319 2001 9,
1358 1940 1446 1989 65:
1483 1940 1706 2003 Anqulus

658 2015 737 2063 hic
784 2014 960 2063 mundi
1006 2028 1141 2063 mmc
1180 2027 1260 2063 me
1289 2027 1404 2063 mea
1444 2014 1557 2077 fata
1590 2019 1706 2063 tra-

655 2088 846 2137 hentem
877 2087 1094 2150 Accipit:
1144 2088 1266 2137 haec
1301 2088 1428 2151 fesso
1458 2090 1552 2137 vix
1581 2089 1705 2137 milii

655 2168 797 2212 term
815 2166 969 2224 patet.
1007 2161 1189 2212 Vellei.
1217 2164 1266 2223 2,
1295 2163 1415 2212 ⁴02:
1452 2164 1507 2211 in
1527 2162 1704 2212 ultimo

654 2250 717 2285 ac
761 2237 1088 2286 remotissimo
1133 2242 1391 2287 terrarum
1434 2236 1567 2286 orb-'s
1604 2251 1704 2286 an-

653 2311 786 2374 gulo.
840 2337 896 2347 -
942 2310 1088 2374 ridet]
1133 2312 1317 2361 Axtius
1362 2311 1431 2361 ad
1474 2312 1698 2361 Vestric.

655 2386 807 2449 Spur.
845 2398 898 2448 p.
938 2385 1050 2436 444.
1090 2384 1288 2435 mavolt
1319 2386 1510 2447 videns,
1548 2385 1704 2435 vide-

654 2457 777 2510 licet
809 2462 1030 2525 propter
1064 2461 1326 2511 metrum!
1369 2487 1423 2497 —
1454 2460 1701 2525 Hymetto]

655 2533 796 2584 melli
853 2535 1121 2596 Hymettio
1186 2535 1239 2585 in
1301 2536 1494 2596 Attica,
1557 2536 1703 2601 quod

654 2609 961 2660 etiamnunc
1007 2608 1311 2659 celebratur
1353 2613 1575 2674 propter
1608 2624 1705 2661 co-

650 2682 825 2733 lorem
859 2680 1041 2733 album
1078 2685 1134 2733 et
1166 2696 1436 2734 summam
1469 2683 1707 2735 dulcedi-

652 2771 796 2809 nem.
834 2755 937 2808 Mel
971 2760 1154 2808 autem
1187 2759 1530 2809 Tarentinum
1565 2761 1705 2825 opti-

652 2845 804 2884 mum
855 2831 983 2881 dicit
1032 2833 1085 2881 in
1144 2832 1289 2883 ltalia
1339 2834 1507 2884 Varro
1559 2835 1704 2899 apud

652 2906 888 2959 Macroh.
927 2907 1032 2956 Sat.
1071 2907 1129 2966 2,
1170 2908 1249 2956 42.
1280 2920 1332 2971 p.
1360 2907 1473 2958 365.
1513 2909 1705 2959 hodie-

654 2995 760 3045 que
795 2981 1048 3030 eximium
1083 2983 1191 3042 est,
1229 2984 1288 3031 ut
1317 2983 1479 3033 etiam
1502 2980 1700 3033 oleum.

652 3055 860 3105 Tarenti
880 3055 1060 3104 utrum
1076 3054 1326 3105 habuerit
1340 3055 1519 3107 villam
1536 3059 1705 3122 Septi-

652 3130 818 3190 mius,
856 3131 917 3177 ut
949 3129 1232 3193 opinantur
1265 3129 1525 3194 nonnulli,
1571 3146 1705 3183 nec-

653 3217 720 3254 ne
785 3216 885 3253 nos
921 3204 1243 3266 ignoramus.

720 3242 800 3329 ὦ.
839 3278 1092 3343 decedunt]
1130 3278 1354 3330 Decedit
1383 3283 1599 3346 proprie
1635 3283 1699 3345 is,

654 3352 746 3418 qui
793 3353 908 3403 viro
964 3352 1210 3417 ampliori
1263 3355 1318 3406 in
1366 3357 1451 3406 via
1486 3357 1702 3408 honoris

654 3441 817 3479 causa
839 3426 1019 3478 locum
1042 3428 1149 3477 dat.
1181 3456 1234 3464 -
1255 3430 1504 3491 viridique
1524 3431 1702 3494 certat]

653 3504 739 3553 Sic
784 3507 1003 3565 certare,
1048 3516 1284 3567 paquara
1327 3503 1470 3567 apud
1515 3507 1702 3567 poetas

652 3576 796 3627 haud
839 3590 963 3627 raro
1010 3590 1135 3628 cum
1170 3577 1363 3626 dativo.
1409 3577 1550 3639 Virg.
1590 3577 1698 3628 Ecl.

652 3655 712 3712 5,
750 3652 799 3702 8.
838 3652 896 3713 8,
935 3653 1016 3701 55.
1055 3653 1185 3700 Aen.
1224 3649 1282 3711 4,
1319 3650 1408 3701 38:
1453 3651 1705 3713 placitone

651 3727 807 3778 etiam
832 3725 1084 3789 puqnabt‘s
1109 3725 1312 3774 amori?

722 3801 801 3849 46.
850 3799 1009 3864 Baca]
1064 3798 1229 3848 «Eius
1280 3797 1448 3850 olivae
1495 3803 1705 3852 certant

655 3886 779 3924 cum
814 3871 938 3934 illis,
976 3885 1111 3935 quas
1144 3871 1393 3937 producit
1412 3874 1704 3925 Venafrum

654 3948 834 4013 (viride
865 3949 1087 4011 propter
1118 3948 1232 4012 ipsa
1258 3946 1485 4013 oliveta),
1525 3952 1704 4000 extre-

654 4034 805 4073 mum
839 4023 893 4071 in
926 4023 1352 4085 Septentrionem
1380 4023 1700 4088 Campaniae

654 4096 910 4160 oppidum
931 4109 1101 4160 prope
1126 4098 1468 4149 Minturnas.»
1514 4097 1702 4149 Oleum

653 4173 835 4221 autem
855 4170 1211 4221 Venari-anum
1236 4175 1371 4223 teste
1395 4175 1556 4223 etiam
1570 4173 1701 4223 Var-

653 4258 782 4298 rone
820 4247 894 4308 (R.
921 4247 979 4297 R.
1010 4247 1068 4308 4,
1106 4247 1161 4296 2:
1202 4248 1343 4310 Quod
1372 4249 1547 4299 vinnam
1578 4262 1702 4299 con-

1779 1943 1917 1992 inter
1951 1944 2148 1993 omnia.

1845 2017 2011 2066 ⁴8-20.
2031 2016 2209 2081 Aulon]
2230 2017 2412 2067 «Mons
2423 2014 2699 2067 Calabriae
2718 2018 2833 2067 iux-

1777 2093 1830 2141 ta
1886 2091 2174 2141 Tarentum
2237 2091 2383 2141 ferax
2433 2092 2640 2155 optimix
2667 2091 2827 2141 vini.»

1778 2166 1961 2214 Senot..
1990 2166 2146 2223 Cnuo.
2173 2162 2392 2215 Martial.
2416 2165 2504 2225 43,
2533 2166 2652 2216 ⁴25:
2679 2164 2831 2214 Nobi-

1776 2239 1837 2287 lis
1879 2243 1928 2287 et
1970 2238 2101 2287 lam's
2132 2244 2180 2288 et
2220 2239 2416 2289 Baccho
2454 2239 2634 2303 fertilis
2664 2240 2828 2289 Aulon

1777 2314 1871 2363 Det
1895 2313 2121 2375 pretiosa
2153 2313 2241 2362 tibi
2271 2315 2484 2375 vellera,
2527 2315 2654 2364 vina
2671 2315 2812 2364 mihi.

1775 2389 1946 2438 Nemo
1987 2388 2168 2438 tamen
2203 2389 2639 2453 Geographorum
2675 2403 2826 2439 mon-

1776 2466 1873 2511 tem
1915 2460 2157 2512 didonem
2200 2463 2464 2523 nominat;
2519 2465 2602 2514 est
2648 2465 2828 2528 potius

1777 2549 2026 2587 recessus
2081 2537 2389 2599 depressior
2441 2537 2670 2601 regionis
2724 2540 2828 2588 Ta-

1777 2612 2018 2661 rentinae
2041 2624 2210 2675 prope
2235 2613 2501 2674 Saturum,
2539 2611 2699 2663 hodie
2722 2615 2829 2664 Mo-

1776 2686 1885 2735 lone
1930 2684 2237 2748 (Romanelli
2290 2687 2636 2750 Topoqraphia
2683 2688 2722 2736 Ι.
2768 2700 2823 2752 p.

1776 2758 1902 2809 294:
1956 2760 2079 2809 «sito
2111 2760 2371 2822 delizioso,
2416 2760 2601 2811 celebre
2632 2774 2826 2810 ancora

1768 2834 1850 2894 pe'
1885 2833 1995 2882 suoi
2024 2833 2226 2898 vinam),
2264 2836 2354 2897 qui
2389 2837 2610 2898 propter
2638 2836 2826 2886 vineas

1777 2920 1902 2958 suas
1953 2907 2146 2958 dicitur
2201 2910 2393 2957 amicus
2445 2922 2547 2958 esse
2598 2909 2819 2972 Baccho,

1777 2993 1808 3030 a
1831 2981 2068 3042 Baccho,
2096 2980 2371 3033 fertilitatis
2396 2982 2598 3045 datore,
2634 2984 2818 3033 amari.

1777 3057 1905 3107 Stat.
1943 3054 2063 3106 Silv.
2090 3057 2141 3117 2,
2177 3058 2227 3116 2,
2265 3056 2327 3108 4:
2365 3059 2479 3120 Qua
2507 3059 2713 3108 Bromio
2743 3058 2824 3108 di-

1774 3130 1927 3181 lectus
1959 3144 2084 3195 affer
2116 3132 2357 3194 collesque
2380 3145 2478 3194 per
2498 3133 2627 3183 altos
2652 3133 2826 3183 Urttw·

1776 3210 1823 3255 οι
1861 3205 2020 3267 prelis
2059 3220 2163 3256 non
2205 3208 2391 3256 invidet
2431 3220 2537 3256 uva
2575 3207 2817 3257 Falernis.

1777 3278 1929 3330 Silius
1949 3282 2029 3341 42,
2050 3282 2178 3331 526:
2213 3281 2460 3345 Allifanus
2477 3282 2652 3332 Iaccho
2673 3282 2825 3332 Haud

1775 3355 2029 3404 inamatus
2059 3369 2200 3419 aqer.
2270 3356 2541 3407 claudian.
2580 3357 2638 3407 R.
2671 3358 2818 3406 Pros.

1774 3429 1836 3488 2,
1891 3429 2013 3478 ⁴08:
2071 3442 2281 3489 quercus
2324 3436 2501 3480 amata
2542 3431 2665 3480 Iovi.
2742 3430 2821 3479 De

1773 3501 1962 3552 Aulona
1995 3502 2090 3552 ct'r.
2129 3505 2386 3567 imprimis
2422 3505 2746 3566 Wagnerum
2767 3504 2822 3553 in

1774 3577 1897 3626 Var.
1936 3578 2100 3627 Lecti..
2126 3578 2257 3627 Aen.
2284 3579 2341 3636 3,
2379 3579 2493 3628 553.
2531 3579 2659 3628 item
2690 3580 2823 3628 Lon-

1777 3663 1903 3713 gum
1954 3652 2011 3713 3,
2065 3652 2158 3701 21:
2216 3650 2472 3714 Κοϊλος
2520 3649 2600 3718 τῷ
2647 3649 2821 3717 πεδίῳ

1778 3719 2012 3775 αὐλών
2047 3719 2423 3790 ὑποκείμενος
2460 3725 2544 3789 (al.
2573 3720 2824 3797 ὑπερκει-

1774 3801 1966 3864 μενος)
1991 3800 2092 3849 καὶ
2123 3795 2226 3850 τὸν
2260 3791 2411 3864 ἤχου
2433 3800 2516 3861 εἰς
2537 3794 2719 3849 αὑτὸν
2740 3793 2822 3863 ὥς

1777 3867 2025 3945 ὄργανον
2043 3870 2372 3939 δεχόμενος.
2404 3901 2459 3911 -
2484 3874 2826 3924 Amicus-Fer-

1775 3950 1901 4011 tilis,
1942 3949 2087 4013 quod
2116 3949 2283 3999 habet
2303 3950 2465 3999 etiam
2487 3950 2702 4000 Servius
2723 3947 2757 3998 l.
2783 3947 2818 3998 l.

1778 4027 1832 4075 et
1875 4024 2063 4076 Monch
2110 4037 2282 4088 nuper
2323 4037 2512 4075 rursus
2553 4022 2819 4088 praetulit,

1776 4096 2101 4149 intolerabile
2138 4100 2220 4149 est
2264 4100 2486 4163 propter
2528 4098 2822 4147 orationem

1776 4173 1930 4222 nimis
1981 4172 2307 4236 pedestrem.
2388 4173 2588 4223 Amicus
2626 4172 2823 4221 Baccho

1774 4248 1890 4297 viva
1916 4249 1997 4298 est
2033 4249 2205 4312 imago
2239 4251 2461 4313 propter
2484 4260 2706 4299 sensum
2727 4246 2826 4297 hu-
