<?xml version="1.0" encoding="UTF-8"?>
<!DOCTYPE html PUBLIC "-//W3C//DTD XHTML 1.0 Transitional//EN"
    "http://www.w3.org/TR/xhtml1/DTD/xhtml1-transitional.dtd">
<html xmlns="http://www.w3.org/1999/xhtml" xml:lang="en" lang="en">
 <head>
  <title>
</title>
<meta http-equiv="Content-Type" content="text/html;charset=utf-8" />
  <meta name='ocr-system' content='tesseract 3.04.00' />
  <meta name='ocr-capabilities' content='ocr_page ocr_carea ocr_par ocr_line ocrx_word'/>
</head>
<body>
  <div class='ocr_page' id='page_1' title='image "./qhoratiusflaccu05baitgoog_0312.png"; bbox 0 0 3234 4975; ppageno 0'>
   <div class='ocr_carea' id='block_1_1' title="bbox 651 369 775 433">
    <p class='ocr_par' dir='ltr' id='par_1_1' title="bbox 651 369 775 433">
     <span class='ocr_line' id='line_1_1' title="bbox 651 369 775 433; baseline -0.008 0"><span class='ocrx_word' id='word_1_1' title='bbox 651 369 775 433; x_wconf 73' lang='grc'><strong>284</strong></span> 
     </span>
    </p>
   </div>
   <div class='ocr_carea' id='block_1_2' title="bbox 1161 526 2194 613">
    <p class='ocr_par' dir='ltr' id='par_1_2' title="bbox 1161 526 2194 613">
     <span class='ocr_line' id='line_1_2' title="bbox 1161 526 2194 613; baseline -0.004 -20"><span class='ocrx_word' id='word_1_2' title='bbox 1161 527 1267 593; x_wconf 87' lang='lat' dir='ltr'><strong>vis</strong></span> <span class='ocrx_word' id='word_1_3' title='bbox 1314 526 1528 613; x_wconf 84' lang='lat' dir='ltr'>rapuit</span> <span class='ocrx_word' id='word_1_4' title='bbox 1570 526 1907 613; x_wconf 83' lang='lat' dir='ltr'>rapietque</span> <span class='ocrx_word' id='word_1_5' title='bbox 1951 535 2194 611; x_wconf 80' lang='lat' dir='ltr'><strong>gentes.</strong></span> 
     </span>
    </p>
   </div>
   <div class='ocr_carea' id='block_1_3' title="bbox 1416 370 2047 421">
    <p class='ocr_par' dir='ltr' id='par_1_3' title="bbox 1416 370 2047 421">
     <span class='ocr_line' id='line_1_3' title="bbox 1416 370 2047 421; baseline -0.002 -1"><span class='ocrx_word' id='word_1_6' title='bbox 1416 372 1671 421; x_wconf 80' lang='lat' dir='ltr'>HORATH</span> <span class='ocrx_word' id='word_1_7' title='bbox 1709 370 2047 421; x_wconf 76' lang='lat' dir='ltr'>CARMINUM</span> 
     </span>
    </p>
   </div>
   <div class='ocr_carea' id='block_1_4' title="bbox 2742 524 2824 587">
    <p class='ocr_par' dir='ltr' id='par_1_4' title="bbox 2742 524 2824 587">
     <span class='ocr_line' id='line_1_4' title="bbox 2742 524 2824 587; baseline -0.024 0"><span class='ocrx_word' id='word_1_8' title='bbox 2742 524 2824 587; x_wconf 72' lang='lat'><strong>20</strong></span> 
     </span>
    </p>
   </div>
   <div class='ocr_carea' id='block_1_5' title="bbox 991 682 2438 1013">
    <p class='ocr_par' dir='ltr' id='par_1_5' title="bbox 991 682 2438 1013">
     <span class='ocr_line' id='line_1_5' title="bbox 995 682 2438 772; baseline -0.002 -22"><span class='ocrx_word' id='word_1_9' title='bbox 995 686 1203 763; x_wconf 87' lang='lat' dir='ltr'><strong>Quam</strong></span> <span class='ocrx_word' id='word_1_10' title='bbox 1246 705 1457 772; x_wconf 88' lang='lat' dir='ltr'><strong>paene</strong></span> <span class='ocrx_word' id='word_1_11' title='bbox 1501 684 1723 749; x_wconf 86' lang='lat' dir='ltr'><strong>furvae</strong></span> <span class='ocrx_word' id='word_1_12' title='bbox 1768 703 1967 770; x_wconf 84' lang='lat' dir='ltr'><strong>regna</strong></span> <span class='ocrx_word' id='word_1_13' title='bbox 2010 682 2438 769; x_wconf 81' lang='lat' dir='ltr'>Proserpinae</span> 
     </span>
     <span class='ocr_line' id='line_1_6' title="bbox 991 804 2148 872; baseline -0.003 -2"><span class='ocrx_word' id='word_1_14' title='bbox 991 807 1067 871; x_wconf 88' lang='lat' dir='ltr'><strong>Et</strong></span> <span class='ocrx_word' id='word_1_15' title='bbox 1110 804 1498 872; x_wconf 86' lang='lat' dir='ltr'><strong>iudicantem</strong></span> <span class='ocrx_word' id='word_1_16' title='bbox 1542 805 1822 870; x_wconf 87' lang='lat' dir='ltr'><strong>vidimus</strong></span> <span class='ocrx_word' id='word_1_17' title='bbox 1867 805 2148 870; x_wconf 77' lang='lat' dir='ltr'><strong>Aeacum</strong></span> 
     </span>
     <span class='ocr_line' id='line_1_7' title="bbox 1074 925 2178 1013; baseline -0.002 -22"><span class='ocrx_word' id='word_1_18' title='bbox 1074 925 1412 1013; x_wconf 88' lang='lat' dir='ltr'><strong>Sedesque</strong></span> <span class='ocrx_word' id='word_1_19' title='bbox 1458 925 1772 992; x_wconf 85' lang='lat' dir='ltr'><strong>discretas</strong></span> <span class='ocrx_word' id='word_1_20' title='bbox 1816 925 2070 1011; x_wconf 88' lang='lat' dir='ltr'><strong>piorum</strong></span> <span class='ocrx_word' id='word_1_21' title='bbox 2113 934 2178 989; x_wconf 92' lang='lat' dir='ltr'><strong>et</strong></span> 
     </span>
    </p>
   </div>
   <div class='ocr_carea' id='block_1_6' title="bbox 780 1140 2753 1208">
    <p class='ocr_par' dir='ltr' id='par_1_6' title="bbox 780 1140 2753 1208">
     <span class='ocr_line' id='line_1_8' title="bbox 780 1140 2753 1208; baseline -0.003 -13"><span class='ocrx_word' id='word_1_22' title='bbox 780 1146 862 1195; x_wconf 70' lang='lat'><strong>20.</strong></span> <span class='ocrx_word' id='word_1_23' title='bbox 899 1145 1058 1208; x_wconf 73' lang='lat' dir='ltr'><strong>yentis</strong></span> <span class='ocrx_word' id='word_1_24' title='bbox 1088 1143 1191 1193; x_wconf 87' lang='lat' dir='ltr'><strong>BC.</strong></span> <span class='ocrx_word' id='word_1_25' title='bbox 1250 1168 1305 1178; x_wconf 90' lang='lat'><strong>—-</strong></span> <span class='ocrx_word' id='word_1_26' title='bbox 1359 1142 1439 1192; x_wconf 77' lang='lat'><strong>23.</strong></span> <span class='ocrx_word' id='word_1_27' title='bbox 1478 1143 1744 1204; x_wconf 77' lang='lat' dir='ltr'><strong>discriptas</strong></span> <span class='ocrx_word' id='word_1_28' title='bbox 1775 1143 1844 1201; x_wconf 88' lang='grc' dir='ltr'>Β,</span> <span class='ocrx_word' id='word_1_29' title='bbox 1893 1142 2167 1202; x_wconf 72' lang='lat' dir='ltr'><strong>descriptas</strong></span> <span class='ocrx_word' id='word_1_30' title='bbox 2200 1140 2306 1200; x_wconf 91' lang='lat' dir='ltr'><strong>bT,</strong></span> <span class='ocrx_word' id='word_1_31' title='bbox 2346 1144 2594 1202; x_wconf 85' lang='lat' dir='ltr'><strong>quattuor</strong></span> <span class='ocrx_word' id='word_1_32' title='bbox 2628 1144 2753 1191; x_wconf 90' lang='lat' dir='ltr'><strong>Pot-</strong></span> 
     </span>
    </p>
   </div>
   <div class='ocr_carea' id='block_1_7' title="bbox 715 1214 1636 1357">
    <p class='ocr_par' dir='ltr' id='par_1_7' title="bbox 715 1214 1636 1357">
     <span class='ocr_line' id='line_1_9' title="bbox 715 1214 1636 1288; baseline -0.005 -19"><span class='ocrx_word' id='word_1_33' title='bbox 715 1220 884 1281; x_wconf 88' lang='lat' dir='ltr'><strong>tierii,</strong></span> <span class='ocrx_word' id='word_1_34' title='bbox 937 1234 973 1288; x_wconf 89' lang='grc' dir='ltr'><strong><em>ρ</em></strong></span> <span class='ocrx_word' id='word_1_35' title='bbox 1024 1217 1170 1281; x_wconf 89' lang='lat' dir='ltr'><strong>(Cod.</strong></span> <span class='ocrx_word' id='word_1_36' title='bbox 1211 1214 1422 1279; x_wconf 83' lang='lat' dir='ltr'><strong>Collegii</strong></span> <span class='ocrx_word' id='word_1_37' title='bbox 1457 1217 1636 1278; x_wconf 84' lang='lat' dir='ltr'><strong>Regii,</strong></span> 
     </span>
     <span class='ocr_line' id='line_1_10' title="bbox 720 1291 1436 1357; baseline -0.007 -12"><span class='ocrx_word' id='word_1_38' title='bbox 720 1297 797 1357; x_wconf 83' lang='lat' dir='ltr'><strong>(Ut</strong></span> <span class='ocrx_word' id='word_1_39' title='bbox 830 1306 929 1344; x_wconf 90' lang='lat' dir='ltr'><strong>nos</strong></span> <span class='ocrx_word' id='word_1_40' title='bbox 952 1331 964 1354; x_wconf 89' lang='lat'>,</span> <span class='ocrx_word' id='word_1_41' title='bbox 1004 1291 1108 1342; x_wconf 86' lang='lat' dir='ltr'><strong>Sed</strong></span> <span class='ocrx_word' id='word_1_42' title='bbox 1130 1330 1142 1353; x_wconf 82' lang='lat'>,</span> <span class='ocrx_word' id='word_1_43' title='bbox 1180 1291 1436 1352; x_wconf 81' lang='lat' dir='ltr'><strong>Aldinae.)</strong></span> 
     </span>
    </p>
   </div>
   <div class='ocr_carea' id='block_1_8' title="bbox 651 1481 833 1530">
    <p class='ocr_par' dir='ltr' id='par_1_8' title="bbox 651 1481 833 1530">
     <span class='ocr_line' id='line_1_11' title="bbox 651 1481 833 1530; baseline -0.011 0"><span class='ocrx_word' id='word_1_44' title='bbox 651 1481 833 1530; x_wconf 76' lang='lat' dir='ltr'><strong>Robur.</strong></span> 
     </span>
    </p>
   </div>
   <div class='ocr_carea' id='block_1_9' title="bbox 1694 1215 2749 1277">
    <p class='ocr_par' dir='ltr' id='par_1_9' title="bbox 1694 1215 2749 1277">
     <span class='ocr_line' id='line_1_12' title="bbox 1694 1215 2749 1277; baseline 0.003 -16"><span class='ocrx_word' id='word_1_45' title='bbox 1694 1216 2157 1266; x_wconf 74' lang='lat' dir='ltr'><strong>«recentissimus»</strong></span> <span class='ocrx_word' id='word_1_46' title='bbox 2196 1215 2430 1277; x_wconf 56' lang='lat' dir='ltr'><strong>Remu),</strong></span> <span class='ocrx_word' id='word_1_47' title='bbox 2487 1216 2616 1265; x_wconf 86' lang='lat' dir='ltr'><strong>item</strong></span> <span class='ocrx_word' id='word_1_48' title='bbox 2650 1217 2749 1266; x_wconf 93' lang='lat' dir='ltr'><strong>LC.</strong></span> 
     </span>
    </p>
   </div>
   <div class='ocr_carea' id='block_1_10' title="bbox 905 1473 2812 1547">
    <p class='ocr_par' dir='ltr' id='par_1_10' title="bbox 905 1473 2812 1547">
     <span class='ocr_line' id='line_1_13' title="bbox 905 1473 2812 1547; baseline -0.002 -19"><span class='ocrx_word' id='word_1_49' title='bbox 905 1480 1004 1538; x_wconf 88' lang='lat' dir='ltr'><strong>Qui</strong></span> <span class='ocrx_word' id='word_1_50' title='bbox 1056 1480 1418 1540; x_wconf 86' lang='lat' dir='ltr'><strong>exposuerunt</strong></span> <span class='ocrx_word' id='word_1_51' title='bbox 1471 1473 1691 1547; x_wconf 77' lang='grc' dir='ltr'><strong><em>ῥώμην,</em></strong></span> <span class='ocrx_word' id='word_1_52' title='bbox 1761 1477 1967 1537; x_wconf 62' lang='lat' dir='ltr'><strong>pionem</strong></span> <span class='ocrx_word' id='word_1_53' title='bbox 2034 1476 2098 1524; x_wconf 83' lang='lat' dir='ltr'><strong>ab</strong></span> <span class='ocrx_word' id='word_1_54' title='bbox 2166 1477 2333 1538; x_wconf 77' lang='lat' dir='ltr'><strong>impiis</strong></span> <span class='ocrx_word' id='word_1_55' title='bbox 2394 1490 2494 1526; x_wconf 73' lang='lat' dir='ltr'><strong>esso</strong></span> <span class='ocrx_word' id='word_1_56' title='bbox 2558 1478 2812 1526; x_wconf 69' lang='lat' dir='ltr'><strong>discretas.</strong></span> 
     </span>
    </p>
   </div>
   <div class='ocr_carea' id='block_1_11' title="bbox 651 1549 2819 1612">
    <p class='ocr_par' dir='ltr' id='par_1_11' title="bbox 651 1549 2819 1612">
     <span class='ocr_line' id='line_1_14' title="bbox 651 1549 2819 1612; baseline -0.001 -8"><span class='ocrx_word' id='word_1_57' title='bbox 651 1554 994 1604; x_wconf 71' lang='lat' dir='ltr'><strong>«fortissimos</strong></span> <span class='ocrx_word' id='word_1_58' title='bbox 1018 1552 1210 1603; x_wconf 80' lang='lat' dir='ltr'>milites</span> <span class='ocrx_word' id='word_1_59' title='bbox 1231 1553 1546 1611; x_wconf 75' lang='lat' dir='ltr'><strong>Romanos»,</strong></span> <span class='ocrx_word' id='word_1_60' title='bbox 1588 1565 1694 1601; x_wconf 92' lang='lat' dir='ltr'><strong>non</strong></span> <span class='ocrx_word' id='word_1_61' title='bbox 1768 1549 2002 1599; x_wconf 81' lang='lat' dir='ltr'><strong>Aliorum</strong></span> <span class='ocrx_word' id='word_1_62' title='bbox 2037 1551 2309 1612; x_wconf 71' lang='lat' dir='ltr'><strong>descriptas</strong></span> <span class='ocrx_word' id='word_1_63' title='bbox 2344 1551 2664 1612; x_wconf 81' lang='lat' dir='ltr'><strong>significaret</strong></span> <span class='ocrx_word' id='word_1_64' title='bbox 2700 1565 2819 1601; x_wconf 74' lang='lat' dir='ltr'><strong>«se-</strong></span> 
     </span>
    </p>
   </div>
   <div class='ocr_carea' id='block_1_12' title="bbox 633 1628 1698 4293">
    <p class='ocr_par' dir='ltr' id='par_1_12' title="bbox 644 1628 1697 2062">
     <span class='ocr_line' id='line_1_15' title="bbox 651 1628 1693 1690; baseline -0.003 -13"><span class='ocrx_word' id='word_1_65' title='bbox 651 1628 1165 1687; x_wconf 83' lang='lat' dir='ltr'><strong>animadverterunt‚</strong></span> <span class='ocrx_word' id='word_1_66' title='bbox 1242 1628 1570 1690; x_wconf 81' lang='lat' dir='ltr'><strong>quantopere</strong></span> <span class='ocrx_word' id='word_1_67' title='bbox 1625 1628 1693 1674; x_wconf 86' lang='lat' dir='ltr'><strong>ita</strong></span> 
     </span>
     <span class='ocr_line' id='line_1_16' title="bbox 649 1699 1697 1762; baseline -0.002 -10"><span class='ocrx_word' id='word_1_68' title='bbox 649 1704 994 1752; x_wconf 78' lang='lat' dir='ltr'><strong>enervaretur</strong></span> <span class='ocrx_word' id='word_1_69' title='bbox 1015 1699 1180 1751; x_wconf 87' lang='lat' dir='ltr'><strong>locus.</strong></span> <span class='ocrx_word' id='word_1_70' title='bbox 1210 1727 1266 1736; x_wconf 92' lang='lat'>—</span> <span class='ocrx_word' id='word_1_71' title='bbox 1299 1702 1474 1762; x_wconf 78' lang='lat' dir='ltr'><strong>rapuit</strong></span> <span class='ocrx_word' id='word_1_72' title='bbox 1503 1701 1697 1761; x_wconf 79' lang='lat' dir='ltr'><strong>rapiet-</strong></span> 
     </span>
     <span class='ocr_line' id='line_1_17' title="bbox 648 1775 1693 1840; baseline -0.002 -14"><span class='ocrx_word' id='word_1_73' title='bbox 648 1777 764 1840; x_wconf 73' lang='lat' dir='ltr'><strong>que]</strong></span> <span class='ocrx_word' id='word_1_74' title='bbox 828 1775 1115 1838; x_wconf 82' lang='lat' dir='ltr'><strong>Aliquoties</strong></span> <span class='ocrx_word' id='word_1_75' title='bbox 1171 1775 1273 1824; x_wconf 82' lang='lat' dir='ltr'><strong>hac</strong></span> <span class='ocrx_word' id='word_1_76' title='bbox 1313 1776 1693 1839; x_wconf 85' lang='lat' dir='ltr'><strong>compositione</strong></span> 
     </span>
     <span class='ocr_line' id='line_1_18' title="bbox 644 1848 1683 1913; baseline -0.002 -13"><span class='ocrx_word' id='word_1_77' title='bbox 644 1851 808 1900; x_wconf 87' lang='lat' dir='ltr'><strong>utitur</strong></span> <span class='ocrx_word' id='word_1_78' title='bbox 860 1851 1122 1900; x_wconf 80' lang='lat' dir='ltr'><strong>Horatius.</strong></span> <span class='ocrx_word' id='word_1_79' title='bbox 1198 1851 1328 1913; x_wconf 87' lang='lat' dir='ltr'><strong>Epp.</strong></span> <span class='ocrx_word' id='word_1_80' title='bbox 1375 1850 1428 1909; x_wconf 76' lang='lat'><strong>⁴,</strong></span> <span class='ocrx_word' id='word_1_81' title='bbox 1483 1850 1543 1909; x_wconf 77' lang='lat'><strong>2,</strong></span> <span class='ocrx_word' id='word_1_82' title='bbox 1591 1848 1683 1899; x_wconf 69' lang='lat'><strong>43:</strong></span> 
     </span>
     <span class='ocr_line' id='line_1_19' title="bbox 647 1923 1691 1987; baseline -0.003 -14"><span class='ocrx_word' id='word_1_83' title='bbox 647 1924 856 1973; x_wconf 76' lang='lat' dir='ltr'><strong>Labitur</strong></span> <span class='ocrx_word' id='word_1_84' title='bbox 889 1928 935 1973; x_wconf 80' lang='lat' dir='ltr'><strong>et</strong></span> <span class='ocrx_word' id='word_1_85' title='bbox 967 1924 1175 1973; x_wconf 75' lang='lat' dir='ltr'><strong>labetur.</strong></span> <span class='ocrx_word' id='word_1_86' title='bbox 1229 1924 1359 1987; x_wconf 90' lang='lat' dir='ltr'><strong>Epp.</strong></span> <span class='ocrx_word' id='word_1_87' title='bbox 1400 1924 1458 1984; x_wconf 79' lang='grc'><strong>4,</strong></span> <span class='ocrx_word' id='word_1_88' title='bbox 1497 1923 1554 1980; x_wconf 89' lang='grc'><strong>7,</strong></span> <span class='ocrx_word' id='word_1_89' title='bbox 1591 1923 1648 1971; x_wconf 73' lang='grc'><strong>21</strong></span> <span class='ocrx_word' id='word_1_90' title='bbox 1681 1937 1691 1970; x_wconf 88' lang='grc'>;</span> 
     </span>
     <span class='ocr_line' id='line_1_20' title="bbox 651 1999 1012 2062; baseline -0.003 -15"><span class='ocrx_word' id='word_1_91' title='bbox 651 1999 762 2047; x_wconf 77' lang='lat' dir='ltr'><strong>tulit</strong></span> <span class='ocrx_word' id='word_1_92' title='bbox 794 2003 840 2046; x_wconf 79' lang='lat' dir='ltr'><strong>et</strong></span> <span class='ocrx_word' id='word_1_93' title='bbox 871 1999 1012 2062; x_wconf 77' lang='lat' dir='ltr'><strong>seret.</strong></span> 
     </span>
    </p>

    <p class='ocr_par' dir='ltr' id='par_1_13' title="bbox 640 2070 1696 3087">
     <span class='ocr_line' id='line_1_21' title="bbox 710 2070 1696 2134; baseline -0.002 -13"><span class='ocrx_word' id='word_1_94' title='bbox 710 2074 792 2121; x_wconf 71' lang='lat'><strong>2⁴.</strong></span> <span class='ocrx_word' id='word_1_95' title='bbox 850 2070 1052 2134; x_wconf 59' lang='lat' dir='ltr'><strong>suman]</strong></span> <span class='ocrx_word' id='word_1_96' title='bbox 1114 2074 1224 2122; x_wconf 90' lang='lat' dir='ltr'><strong>lam</strong></span> <span class='ocrx_word' id='word_1_97' title='bbox 1276 2073 1461 2121; x_wconf 78' lang='lat' dir='ltr'><strong>Festus</strong></span> <span class='ocrx_word' id='word_1_98' title='bbox 1496 2073 1696 2120; x_wconf 87' lang='lat' dir='ltr'><strong>notavit</strong></span> 
     </span>
     <span class='ocr_line' id='line_1_22' title="bbox 646 2144 1692 2209; baseline -0.002 -13"><span class='ocrx_word' id='word_1_99' title='bbox 646 2144 875 2196; x_wconf 88' lang='lat' dir='ltr'><strong>similem</strong></span> <span class='ocrx_word' id='word_1_100' title='bbox 910 2159 1102 2196; x_wconf 89' lang='lat' dir='ltr'><strong>sonum</strong></span> <span class='ocrx_word' id='word_1_101' title='bbox 1135 2159 1220 2195; x_wconf 81' lang='lat' dir='ltr'><strong>vv.</strong></span> <span class='ocrx_word' id='word_1_102' title='bbox 1257 2146 1461 2208; x_wconf 72' lang='lat' dir='ltr'><strong>furvus,</strong></span> <span class='ocrx_word' id='word_1_103' title='bbox 1505 2146 1692 2209; x_wconf 52' lang='lat' dir='ltr'><strong>scaeua,</strong></span> 
     </span>
     <span class='ocr_line' id='line_1_23' title="bbox 643 2221 1695 2284; baseline -0.001 -15"><span class='ocrx_word' id='word_1_104' title='bbox 643 2221 821 2283; x_wconf 64' lang='lat' dir='ltr'><strong>lidiae,</strong></span> <span class='ocrx_word' id='word_1_105' title='bbox 845 2221 1029 2283; x_wconf 76' lang='lat' dir='ltr'><strong>sumus,</strong></span> <span class='ocrx_word' id='word_1_106' title='bbox 1053 2221 1220 2284; x_wconf 72' lang='lat' dir='ltr'><strong>sunus.</strong></span> <span class='ocrx_word' id='word_1_107' title='bbox 1247 2221 1409 2270; x_wconf 82' lang='lat' dir='ltr'><strong>Vetus</strong></span> <span class='ocrx_word' id='word_1_108' title='bbox 1429 2223 1513 2269; x_wconf 88' lang='lat' dir='ltr'><strong>est</strong></span> <span class='ocrx_word' id='word_1_109' title='bbox 1531 2233 1695 2269; x_wconf 87' lang='lat' dir='ltr'><strong>voca-</strong></span> 
     </span>
     <span class='ocr_line' id='line_1_24' title="bbox 646 2292 1694 2358; baseline 0 -15"><span class='ocrx_word' id='word_1_110' title='bbox 646 2292 831 2343; x_wconf 90' lang='lat' dir='ltr'><strong>bulum</strong></span> <span class='ocrx_word' id='word_1_111' title='bbox 856 2293 1001 2356; x_wconf 87' lang='lat' dir='ltr'><strong>(Gell.</strong></span> <span class='ocrx_word' id='word_1_112' title='bbox 1029 2295 1050 2343; x_wconf 72' lang='lat'>4</span> <span class='ocrx_word' id='word_1_113' title='bbox 1077 2332 1088 2354; x_wconf 85' lang='lat'><strong>‚</strong></span> <span class='ocrx_word' id='word_1_114' title='bbox 1116 2295 1215 2355; x_wconf 79' lang='grc'><strong>48.)</strong></span> <span class='ocrx_word' id='word_1_115' title='bbox 1251 2292 1334 2344; x_wconf 82' lang='lat' dir='ltr'><strong>vel</strong></span> <span class='ocrx_word' id='word_1_116' title='bbox 1365 2294 1694 2358; x_wconf 84' lang='lat' dir='ltr'><strong>pontificium</strong></span> 
     </span>
     <span class='ocr_line' id='line_1_25' title="bbox 646 2367 1691 2430; baseline -0.001 -13"><span class='ocrx_word' id='word_1_117' title='bbox 646 2369 699 2417; x_wconf 92' lang='lat' dir='ltr'><strong>in</strong></span> <span class='ocrx_word' id='word_1_118' title='bbox 723 2367 828 2417; x_wconf 91' lang='lat' dir='ltr'><strong>hoc</strong></span> <span class='ocrx_word' id='word_1_119' title='bbox 849 2380 979 2418; x_wconf 88' lang='lat' dir='ltr'><strong>usu:</strong></span> <span class='ocrx_word' id='word_1_120' title='bbox 1017 2369 1206 2418; x_wconf 76' lang='lat' dir='ltr'><strong>hostiae</strong></span> <span class='ocrx_word' id='word_1_121' title='bbox 1238 2369 1446 2430; x_wconf 66' lang='lat' dir='ltr'><strong>sumas,</strong></span> <span class='ocrx_word' id='word_1_122' title='bbox 1490 2368 1691 2430; x_wconf 83' lang='lat' dir='ltr'><strong>nigrae,</strong></span> 
     </span>
     <span class='ocr_line' id='line_1_26' title="bbox 645 2441 1693 2506; baseline 0 -13"><span class='ocrx_word' id='word_1_123' title='bbox 645 2454 779 2506; x_wconf 84' lang='lat' dir='ltr'><strong>quas</strong></span> <span class='ocrx_word' id='word_1_124' title='bbox 815 2442 896 2493; x_wconf 87' lang='lat' dir='ltr'><strong>dis</strong></span> <span class='ocrx_word' id='word_1_125' title='bbox 932 2441 1109 2494; x_wconf 78' lang='lat' dir='ltr'><strong>inseris</strong></span> <span class='ocrx_word' id='word_1_126' title='bbox 1143 2441 1512 2503; x_wconf 80' lang='lat' dir='ltr'><strong>immolabant,</strong></span> <span class='ocrx_word' id='word_1_127' title='bbox 1552 2441 1693 2493; x_wconf 85' lang='lat' dir='ltr'><strong>unde</strong></span> 
     </span>
     <span class='ocr_line' id='line_1_27' title="bbox 643 2514 1690 2580; baseline 0.002 -15"><span class='ocrx_word' id='word_1_128' title='bbox 643 2518 909 2577; x_wconf 74' lang='lat' dir='ltr'><strong>mysticum</strong></span> <span class='ocrx_word' id='word_1_129' title='bbox 928 2529 1106 2566; x_wconf 69' lang='lat' dir='ltr'><strong>nouzon</strong></span> <span class='ocrx_word' id='word_1_130' title='bbox 1127 2520 1285 2567; x_wconf 87' lang='lat' dir='ltr'><strong>vocat</strong></span> <span class='ocrx_word' id='word_1_131' title='bbox 1301 2514 1473 2566; x_wconf 87' lang='lat' dir='ltr'><strong>Schol.</strong></span> <span class='ocrx_word' id='word_1_132' title='bbox 1497 2517 1690 2580; x_wconf 83' lang='lat' dir='ltr'><strong>Cruq.;</strong></span> 
     </span>
     <span class='ocr_line' id='line_1_28' title="bbox 645 2590 1693 2655; baseline 0.001 -15"><span class='ocrx_word' id='word_1_133' title='bbox 645 2590 786 2654; x_wconf 90' lang='lat' dir='ltr'><strong>apud</strong></span> <span class='ocrx_word' id='word_1_134' title='bbox 833 2594 1020 2655; x_wconf 77' lang='lat' dir='ltr'><strong>poetas</strong></span> <span class='ocrx_word' id='word_1_135' title='bbox 1070 2591 1138 2641; x_wconf 88' lang='lat' dir='ltr'><strong>de</strong></span> <span class='ocrx_word' id='word_1_136' title='bbox 1189 2590 1352 2642; x_wconf 82' lang='lat' dir='ltr'><strong>rebus</strong></span> <span class='ocrx_word' id='word_1_137' title='bbox 1395 2591 1464 2640; x_wconf 88' lang='lat' dir='ltr'><strong>ad</strong></span> <span class='ocrx_word' id='word_1_138' title='bbox 1498 2591 1693 2641; x_wconf 77' lang='lat' dir='ltr'><strong>interos</strong></span> 
     </span>
     <span class='ocr_line' id='line_1_29' title="bbox 645 2665 1691 2729; baseline -0.001 -13"><span class='ocrx_word' id='word_1_139' title='bbox 645 2666 1010 2729; x_wconf 83' lang='lat' dir='ltr'><strong>spectantibus</strong></span> <span class='ocrx_word' id='word_1_140' title='bbox 1046 2669 1347 2729; x_wconf 86' lang='lat' dir='ltr'><strong>usurpatur.</strong></span> <span class='ocrx_word' id='word_1_141' title='bbox 1405 2665 1691 2728; x_wconf 81' lang='lat' dir='ltr'><strong>(singulare</strong></span> 
     </span>
     <span class='ocr_line' id='line_1_30' title="bbox 643 2739 1694 2804; baseline 0.001 -15"><span class='ocrx_word' id='word_1_142' title='bbox 643 2739 771 2789; x_wconf 91' lang='lat' dir='ltr'><strong>illud</strong></span> <span class='ocrx_word' id='word_1_143' title='bbox 806 2743 888 2791; x_wconf 88' lang='lat' dir='ltr'><strong>est</strong></span> <span class='ocrx_word' id='word_1_144' title='bbox 909 2740 1217 2802; x_wconf 79' lang='lat' dir='ltr'><strong>Hieronymi</strong></span> <span class='ocrx_word' id='word_1_145' title='bbox 1241 2741 1404 2804; x_wconf 87' lang='lat' dir='ltr'><strong>Epist.</strong></span> <span class='ocrx_word' id='word_1_146' title='bbox 1443 2740 1541 2790; x_wconf 81' lang='lat'><strong>66:</strong></span> <span class='ocrx_word' id='word_1_147' title='bbox 1576 2741 1694 2804; x_wconf 80' lang='lat' dir='ltr'><strong>sur-</strong></span> 
     </span>
     <span class='ocr_line' id='line_1_31' title="bbox 640 2814 1690 2878; baseline 0 -14"><span class='ocrx_word' id='word_1_148' title='bbox 640 2829 710 2864; x_wconf 84' lang='lat' dir='ltr'><strong>va</strong></span> <span class='ocrx_word' id='word_1_149' title='bbox 742 2816 913 2864; x_wconf 79' lang='lat' dir='ltr'><strong>tunica</strong></span> <span class='ocrx_word' id='word_1_150' title='bbox 937 2815 1174 2876; x_wconf 72' lang='lat' dir='ltr'><strong>pullatus.</strong></span> <span class='ocrx_word' id='word_1_151' title='bbox 1181 2814 1202 2878; x_wconf 90' lang='lat'><em>)</em></span> <span class='ocrx_word' id='word_1_152' title='bbox 1245 2842 1299 2849; x_wconf 92' lang='lat'><strong>—</strong></span> <span class='ocrx_word' id='word_1_153' title='bbox 1349 2816 1690 2878; x_wconf 75' lang='lat' dir='ltr'><strong>Proserpinae]</strong></span> 
     </span>
     <span class='ocr_line' id='line_1_32' title="bbox 643 2886 1694 2952; baseline 0.001 -15"><span class='ocrx_word' id='word_1_154' title='bbox 643 2889 819 2937; x_wconf 83' lang='lat' dir='ltr'><strong>Prima</strong></span> <span class='ocrx_word' id='word_1_155' title='bbox 853 2887 970 2950; x_wconf 80' lang='lat' dir='ltr'><strong>syll.</strong></span> <span class='ocrx_word' id='word_1_156' title='bbox 1009 2889 1060 2937; x_wconf 91' lang='lat' dir='ltr'><strong>in</strong></span> <span class='ocrx_word' id='word_1_157' title='bbox 1093 2889 1197 2938; x_wconf 91' lang='lat' dir='ltr'><strong>boc</strong></span> <span class='ocrx_word' id='word_1_158' title='bbox 1231 2901 1282 2937; x_wconf 85' lang='lat' dir='ltr'><strong>v.</strong></span> <span class='ocrx_word' id='word_1_159' title='bbox 1321 2887 1390 2937; x_wconf 91' lang='lat' dir='ltr'><strong>ab</strong></span> <span class='ocrx_word' id='word_1_160' title='bbox 1427 2886 1539 2937; x_wconf 88' lang='lat' dir='ltr'><strong>aliis</strong></span> <span class='ocrx_word' id='word_1_161' title='bbox 1562 2903 1694 2952; x_wconf 87' lang='lat' dir='ltr'><strong>pro-</strong></span> 
     </span>
     <span class='ocr_line' id='line_1_33' title="bbox 643 2961 1689 3024; baseline 0.002 -14"><span class='ocrx_word' id='word_1_162' title='bbox 643 2961 882 3021; x_wconf 83' lang='lat' dir='ltr'><strong>ducitur,</strong></span> <span class='ocrx_word' id='word_1_163' title='bbox 922 2962 1202 3024; x_wconf 89' lang='lat' dir='ltr'><strong>corripitur</strong></span> <span class='ocrx_word' id='word_1_164' title='bbox 1236 2962 1396 3011; x_wconf 89' lang='lat' dir='ltr'><strong>etiam</strong></span> <span class='ocrx_word' id='word_1_165' title='bbox 1430 2975 1458 3010; x_wconf 90' lang='lat' dir='ltr'><strong>a</strong></span> <span class='ocrx_word' id='word_1_166' title='bbox 1484 2963 1689 3012; x_wconf 83' lang='lat' dir='ltr'><strong>Seneca</strong></span> 
     </span>
     <span class='ocr_line' id='line_1_34' title="bbox 644 3035 1458 3087; baseline -0.001 0"><span class='ocrx_word' id='word_1_167' title='bbox 644 3038 797 3087; x_wconf 86' lang='lat' dir='ltr'><strong>Herc.</strong></span> <span class='ocrx_word' id='word_1_168' title='bbox 837 3035 935 3085; x_wconf 78' lang='lat' dir='ltr'><strong>sur.</strong></span> <span class='ocrx_word' id='word_1_169' title='bbox 972 3035 1085 3085; x_wconf 82' lang='grc'><strong>548.</strong></span> <span class='ocrx_word' id='word_1_170' title='bbox 1142 3037 1458 3086; x_wconf 70' lang='grc' dir='ltr'><strong><em>Βιιουοκῡυε.</em></strong></span> 
     </span>
    </p>

    <p class='ocr_par' dir='ltr' id='par_1_14' title="bbox 637 3109 1688 3630">
     <span class='ocr_line' id='line_1_35' title="bbox 707 3109 1684 3174; baseline 0.002 -16"><span class='ocrx_word' id='word_1_171' title='bbox 707 3111 788 3158; x_wconf 73' lang='lat'><strong>22.</strong></span> <span class='ocrx_word' id='word_1_172' title='bbox 825 3110 1060 3174; x_wconf 79' lang='lat' dir='ltr'><strong>Aeacum]</strong></span> <span class='ocrx_word' id='word_1_173' title='bbox 1095 3109 1307 3160; x_wconf 83' lang='lat' dir='ltr'><strong>Achillis</strong></span> <span class='ocrx_word' id='word_1_174' title='bbox 1340 3123 1517 3160; x_wconf 80' lang='lat' dir='ltr'><strong>avum.</strong></span> <span class='ocrx_word' id='word_1_175' title='bbox 1556 3109 1684 3160; x_wconf 86' lang='lat' dir='ltr'><strong>Plat.</strong></span> 
     </span>
     <span class='ocr_line' id='line_1_36' title="bbox 643 3181 1688 3250; baseline 0.001 -16"><span class='ocrx_word' id='word_1_176' title='bbox 643 3187 798 3246; x_wconf 84' lang='lat' dir='ltr'><strong>Gorg.</strong></span> <span class='ocrx_word' id='word_1_177' title='bbox 841 3197 894 3247; x_wconf 91' lang='lat' dir='ltr'><strong>p.</strong></span> <span class='ocrx_word' id='word_1_178' title='bbox 940 3182 1054 3234; x_wconf 76' lang='lat'><strong>524.</strong></span> <span class='ocrx_word' id='word_1_179' title='bbox 1103 3185 1198 3234; x_wconf 79' lang='lat' dir='ltr'><strong>A.:</strong></span> <span class='ocrx_word' id='word_1_180' title='bbox 1253 3185 1352 3235; x_wconf 81' lang='grc' dir='ltr'><strong>καὶ</strong></span> <span class='ocrx_word' id='word_1_181' title='bbox 1400 3181 1537 3247; x_wconf 80' lang='grc' dir='ltr'><strong><em>τοὺς</em></strong></span> <span class='ocrx_word' id='word_1_182' title='bbox 1577 3184 1688 3250; x_wconf 73' lang='grc' dir='ltr'><strong>μὲν</strong></span> 
     </span>
     <span class='ocr_line' id='line_1_37' title="bbox 641 3252 1687 3347; baseline 0.002 -38"><span class='ocrx_word' id='word_1_183' title='bbox 641 3258 708 3309; x_wconf 79' lang='grc' dir='ltr'><strong>ἐκ</strong></span> <span class='ocrx_word' id='word_1_184' title='bbox 757 3255 862 3324; x_wconf 80' lang='grc' dir='ltr'><strong>τῆς</strong></span> <span class='ocrx_word' id='word_1_185' title='bbox 905 3252 1092 3347; x_wconf 71' lang='lat' dir='ltr'><strong>&#39;Aulag</strong></span> <span class='ocrx_word' id='word_1_186' title='bbox 1134 3253 1529 3324; x_wconf 78' lang='grc' dir='ltr'><strong><em>Ῥαδάμανθυς</em></strong></span> <span class='ocrx_word' id='word_1_187' title='bbox 1563 3277 1687 3331; x_wconf 86' lang='grc' dir='ltr'><strong><em>κρι-</em></strong></span> 
     </span>
     <span class='ocr_line' id='line_1_38' title="bbox 641 3329 1688 3406; baseline -0.001 -21"><span class='ocrx_word' id='word_1_188' title='bbox 641 3338 761 3394; x_wconf 82' lang='grc' dir='ltr'><strong><em>νεῖ,</em></strong></span> <span class='ocrx_word' id='word_1_189' title='bbox 827 3329 967 3395; x_wconf 76' lang='grc' dir='ltr'><strong><em>τοὺς</em></strong></span> <span class='ocrx_word' id='word_1_190' title='bbox 1026 3331 1088 3385; x_wconf 76' lang='grc' dir='ltr'><strong>δὲ</strong></span> <span class='ocrx_word' id='word_1_191' title='bbox 1137 3333 1202 3385; x_wconf 81' lang='grc' dir='ltr'><strong>ἐκ</strong></span> <span class='ocrx_word' id='word_1_192' title='bbox 1249 3331 1353 3400; x_wconf 73' lang='grc' dir='ltr'><strong>τῆς</strong></span> <span class='ocrx_word' id='word_1_193' title='bbox 1403 3330 1688 3406; x_wconf 78' lang='grc' dir='ltr'><em>Εὐρώπης</em></span> 
     </span>
     <span class='ocr_line' id='line_1_39' title="bbox 639 3406 1685 3496; baseline 0 -37"><span class='ocrx_word' id='word_1_194' title='bbox 639 3406 886 3471; x_wconf 82' lang='grc' dir='ltr'><strong><em>Αἰακός·</em></strong></span> <span class='ocrx_word' id='word_1_195' title='bbox 923 3409 1081 3476; x_wconf 81' lang='grc' dir='ltr'><strong><em>Μίνῳ</em></strong></span> <span class='ocrx_word' id='word_1_196' title='bbox 1115 3408 1176 3460; x_wconf 80' lang='grc' dir='ltr'><strong>δὲ</strong></span> <span class='ocrx_word' id='word_1_197' title='bbox 1212 3409 1487 3496; x_wconf 80' lang='grc' dir='ltr'><strong><em>πρεσβεῖα</em></strong></span> <span class='ocrx_word' id='word_1_198' title='bbox 1516 3408 1685 3461; x_wconf 84' lang='grc' dir='ltr'><strong><em>δωσω</em></strong></span> 
     </span>
     <span class='ocr_line' id='line_1_40' title="bbox 639 3479 1687 3557; baseline 0.001 -22"><span class='ocrx_word' id='word_1_199' title='bbox 639 3483 1078 3554; x_wconf 79' lang='grc' dir='ltr'><strong><em>ἐπιδιακρίνειν,</em></strong></span> <span class='ocrx_word' id='word_1_200' title='bbox 1130 3481 1234 3536; x_wconf 82' lang='grc' dir='ltr'><strong>ἐὰν</strong></span> <span class='ocrx_word' id='word_1_201' title='bbox 1285 3479 1584 3557; x_wconf 77' lang='grc' dir='ltr'><strong><em>ἀπορῆτόν</em></strong></span> <span class='ocrx_word' id='word_1_202' title='bbox 1633 3501 1687 3536; x_wconf 82' lang='grc' dir='ltr'><strong>τι</strong></span> 
     </span>
     <span class='ocr_line' id='line_1_41' title="bbox 637 3556 945 3630; baseline -0.003 -21"><span class='ocrx_word' id='word_1_203' title='bbox 637 3556 718 3609; x_wconf 80' lang='grc' dir='ltr'><strong>τώ</strong></span> <span class='ocrx_word' id='word_1_204' title='bbox 754 3559 945 3630; x_wconf 80' lang='grc' dir='ltr'><strong><em>ἑτέρω.</em></strong></span> 
     </span>
    </p>

    <p class='ocr_par' dir='ltr' id='par_1_15' title="bbox 633 3635 1698 4293">
     <span class='ocr_line' id='line_1_42' title="bbox 703 3635 1689 3702; baseline 0.004 -17"><span class='ocrx_word' id='word_1_205' title='bbox 703 3635 785 3685; x_wconf 76' lang='grc'><strong>23.</strong></span> <span class='ocrx_word' id='word_1_206' title='bbox 840 3637 1101 3702; x_wconf 76' lang='lat' dir='ltr'><strong>discretas]</strong></span> <span class='ocrx_word' id='word_1_207' title='bbox 1147 3649 1177 3686; x_wconf 91' lang='lat' dir='ltr'><strong>a</strong></span> <span class='ocrx_word' id='word_1_208' title='bbox 1213 3638 1448 3687; x_wconf 81' lang='lat' dir='ltr'><strong>Tartaru.</strong></span> <span class='ocrx_word' id='word_1_209' title='bbox 1520 3638 1689 3689; x_wconf 88' lang='lat' dir='ltr'><strong>Orcus</strong></span> 
     </span>
     <span class='ocr_line' id='line_1_43' title="bbox 637 3709 1689 3775; baseline 0.002 -16"><span class='ocrx_word' id='word_1_210' title='bbox 637 3709 781 3760; x_wconf 87' lang='lat' dir='ltr'><strong>enim</strong></span> <span class='ocrx_word' id='word_1_211' title='bbox 830 3711 971 3773; x_wconf 84' lang='lat' dir='ltr'><strong>apud</strong></span> <span class='ocrx_word' id='word_1_212' title='bbox 1023 3712 1350 3775; x_wconf 85' lang='lat' dir='ltr'><strong>posteriores</strong></span> <span class='ocrx_word' id='word_1_213' title='bbox 1400 3726 1466 3761; x_wconf 82' lang='lat' dir='ltr'><strong>ex</strong></span> <span class='ocrx_word' id='word_1_214' title='bbox 1513 3711 1689 3773; x_wconf 80' lang='lat' dir='ltr'><strong>Elysio</strong></span> 
     </span>
     <span class='ocr_line' id='line_1_44' title="bbox 639 3783 1688 3849; baseline 0.002 -17"><span class='ocrx_word' id='word_1_215' title='bbox 639 3784 869 3846; x_wconf 88' lang='lat' dir='ltr'><strong>(diverso</strong></span> <span class='ocrx_word' id='word_1_216' title='bbox 887 3784 955 3834; x_wconf 86' lang='lat' dir='ltr'><strong>ab</strong></span> <span class='ocrx_word' id='word_1_217' title='bbox 975 3786 1258 3836; x_wconf 89' lang='lat' dir='ltr'><strong>Homerico</strong></span> <span class='ocrx_word' id='word_1_218' title='bbox 1268 3786 1458 3849; x_wconf 80' lang='lat' dir='ltr'><strong>Odyss.</strong></span> <span class='ocrx_word' id='word_1_219' title='bbox 1480 3783 1531 3846; x_wconf 90' lang='grc' dir='ltr'><strong>δ,</strong></span> <span class='ocrx_word' id='word_1_220' title='bbox 1551 3786 1688 3848; x_wconf 81' lang='grc'><strong>563.)</strong></span> 
     </span>
     <span class='ocr_line' id='line_1_45' title="bbox 637 3858 1687 3919; baseline 0.003 -12"><span class='ocrx_word' id='word_1_221' title='bbox 637 3859 693 3907; x_wconf 84' lang='lat' dir='ltr'><strong>et</strong></span> <span class='ocrx_word' id='word_1_222' title='bbox 725 3858 942 3908; x_wconf 87' lang='lat' dir='ltr'><strong>Tartaro</strong></span> <span class='ocrx_word' id='word_1_223' title='bbox 989 3862 1213 3910; x_wconf 87' lang='lat' dir='ltr'><strong>constat.</strong></span> <span class='ocrx_word' id='word_1_224' title='bbox 1262 3861 1389 3909; x_wconf 86' lang='lat' dir='ltr'><strong>Stat.</strong></span> <span class='ocrx_word' id='word_1_225' title='bbox 1432 3859 1598 3909; x_wconf 88' lang='lat' dir='ltr'><strong>Theb.</strong></span> <span class='ocrx_word' id='word_1_226' title='bbox 1638 3859 1687 3919; x_wconf 92' lang='grc'><strong>4,</strong></span> 
     </span>
     <span class='ocr_line' id='line_1_46' title="bbox 636 3931 1693 3998; baseline 0 -15"><span class='ocrx_word' id='word_1_227' title='bbox 636 3931 768 3983; x_wconf 75' lang='lat'><strong>524:</strong></span> <span class='ocrx_word' id='word_1_228' title='bbox 807 3935 873 3984; x_wconf 83' lang='lat' dir='ltr'><strong>Et</strong></span> <span class='ocrx_word' id='word_1_229' title='bbox 894 3936 1026 3996; x_wconf 71' lang='lat' dir='ltr'><strong>Styae</strong></span> <span class='ocrx_word' id='word_1_230' title='bbox 1058 3936 1282 3984; x_wconf 75' lang='lat' dir='ltr'><strong>discretis</strong></span> <span class='ocrx_word' id='word_1_231' title='bbox 1314 3937 1551 3998; x_wconf 71' lang='lat' dir='ltr'><strong>interflua</strong></span> <span class='ocrx_word' id='word_1_232' title='bbox 1572 3936 1693 3984; x_wconf 80' lang='lat' dir='ltr'><strong>Ma-</strong></span> 
     </span>
     <span class='ocr_line' id='line_1_47' title="bbox 635 4008 1689 4072; baseline 0.001 -15"><span class='ocrx_word' id='word_1_233' title='bbox 635 4008 782 4057; x_wconf 68' lang='lat' dir='ltr'><strong>nibus</strong></span> <span class='ocrx_word' id='word_1_234' title='bbox 830 4008 1006 4058; x_wconf 73' lang='lat' dir='ltr'><strong>obstat.</strong></span> <span class='ocrx_word' id='word_1_235' title='bbox 1094 4010 1235 4072; x_wconf 81' lang='lat' dir='ltr'><strong>Virg.</strong></span> <span class='ocrx_word' id='word_1_236' title='bbox 1278 4011 1408 4059; x_wconf 83' lang='lat' dir='ltr'><strong>Aen.</strong></span> <span class='ocrx_word' id='word_1_237' title='bbox 1453 4009 1519 4069; x_wconf 83' lang='lat'><strong>8,</strong></span> <span class='ocrx_word' id='word_1_238' title='bbox 1557 4009 1689 4058; x_wconf 79' lang='lat'><strong>670:</strong></span> 
     </span>
     <span class='ocr_line' id='line_1_48' title="bbox 635 4082 1692 4144; baseline 0.002 -12"><span class='ocrx_word' id='word_1_239' title='bbox 635 4084 958 4144; x_wconf 74' lang='lat' dir='ltr'><strong>secretosque</strong></span> <span class='ocrx_word' id='word_1_240' title='bbox 973 4083 1104 4144; x_wconf 74' lang='lat' dir='ltr'><strong>pios.</strong></span> <span class='ocrx_word' id='word_1_241' title='bbox 1137 4109 1190 4118; x_wconf 90' lang='lat'>—</span> <span class='ocrx_word' id='word_1_242' title='bbox 1230 4084 1428 4132; x_wconf 86' lang='lat' dir='ltr'><strong>Firmat</strong></span> <span class='ocrx_word' id='word_1_243' title='bbox 1450 4083 1588 4134; x_wconf 86' lang='lat' dir='ltr'><strong>bane</strong></span> <span class='ocrx_word' id='word_1_244' title='bbox 1612 4082 1692 4134; x_wconf 87' lang='lat' dir='ltr'><strong>le-</strong></span> 
     </span>
     <span class='ocr_line' id='line_1_49' title="bbox 635 4156 1696 4217; baseline 0.001 -11"><span class='ocrx_word' id='word_1_245' title='bbox 635 4156 871 4206; x_wconf 85' lang='lat' dir='ltr'><strong>ctionem</strong></span> <span class='ocrx_word' id='word_1_246' title='bbox 911 4157 1149 4207; x_wconf 87' lang='lat' dir='ltr'><strong>Lactant.</strong></span> <span class='ocrx_word' id='word_1_247' title='bbox 1188 4158 1312 4207; x_wconf 89' lang='lat' dir='ltr'><strong>Inst.</strong></span> <span class='ocrx_word' id='word_1_248' title='bbox 1353 4157 1412 4217; x_wconf 86' lang='lat'><strong>7,</strong></span> <span class='ocrx_word' id='word_1_249' title='bbox 1450 4158 1515 4206; x_wconf 87' lang='lat'><strong>7:</strong></span> <span class='ocrx_word' id='word_1_250' title='bbox 1576 4159 1696 4207; x_wconf 74' lang='lat' dir='ltr'><strong>Esse</strong></span> 
     </span>
     <span class='ocr_line' id='line_1_50' title="bbox 633 4230 1698 4293; baseline 0.003 -14"><span class='ocrx_word' id='word_1_251' title='bbox 633 4230 826 4293; x_wconf 72' lang='lat' dir='ltr'><strong>inferos</strong></span> <span class='ocrx_word' id='word_1_252' title='bbox 855 4230 1020 4280; x_wconf 75' lang='lat' dir='ltr'><strong>Zenon</strong></span> <span class='ocrx_word' id='word_1_253' title='bbox 1053 4230 1248 4280; x_wconf 72' lang='lat' dir='ltr'><strong>Stoicus</strong></span> <span class='ocrx_word' id='word_1_254' title='bbox 1280 4231 1446 4280; x_wconf 76' lang='lat' dir='ltr'><strong>docuit</strong></span> <span class='ocrx_word' id='word_1_255' title='bbox 1478 4237 1525 4281; x_wconf 81' lang='lat' dir='ltr'><strong>ot</strong></span> <span class='ocrx_word' id='word_1_256' title='bbox 1562 4233 1698 4282; x_wconf 70' lang='lat' dir='ltr'><strong>sodes</strong></span> 
     </span>
    </p>
   </div>
   <div class='ocr_carea' id='block_1_13' title="bbox 1761 1625 2819 4300">
    <p class='ocr_par' dir='ltr' id='par_1_16' title="bbox 1768 1625 2816 1749">
     <span class='ocr_line' id='line_1_51' title="bbox 1768 1625 2816 1688; baseline 0.002 -15"><span class='ocrx_word' id='word_1_257' title='bbox 1768 1626 1995 1687; x_wconf 83' lang='lat' dir='ltr'><strong>paratim</strong></span> <span class='ocrx_word' id='word_1_258' title='bbox 2031 1625 2387 1688; x_wconf 78' lang='lat' dir='ltr'><strong>assignatas»;</strong></span> <span class='ocrx_word' id='word_1_259' title='bbox 2424 1637 2615 1675; x_wconf 80' lang='lat' dir='ltr'><strong>verum</strong></span> <span class='ocrx_word' id='word_1_260' title='bbox 2638 1626 2816 1676; x_wconf 82' lang='lat' dir='ltr'><strong>valere</strong></span> 
     </span>
     <span class='ocr_line' id='line_1_52' title="bbox 1770 1696 2812 1749; baseline 0.002 -2"><span class='ocrx_word' id='word_1_261' title='bbox 1770 1698 1934 1747; x_wconf 85' lang='lat' dir='ltr'><strong>debet</strong></span> <span class='ocrx_word' id='word_1_262' title='bbox 1968 1696 2249 1749; x_wconf 87' lang='lat' dir='ltr'><strong>meliorum</strong></span> <span class='ocrx_word' id='word_1_263' title='bbox 2303 1699 2469 1749; x_wconf 89' lang='lat' dir='ltr'><strong>Codd.</strong></span> <span class='ocrx_word' id='word_1_264' title='bbox 2508 1701 2812 1749; x_wconf 86' lang='lat' dir='ltr'><strong>auctoritas.</strong></span> 
     </span>
    </p>

    <p class='ocr_par' dir='ltr' id='par_1_17' title="bbox 1766 1773 2819 2716">
     <span class='ocr_line' id='line_1_53' title="bbox 1832 1773 2819 1838; baseline 0.002 -16"><span class='ocrx_word' id='word_1_265' title='bbox 1832 1774 1914 1824; x_wconf 76' lang='grc'><strong>24.</strong></span> <span class='ocrx_word' id='word_1_266' title='bbox 1984 1774 2188 1838; x_wconf 77' lang='lat' dir='ltr'><strong>Aeoliis]</strong></span> <span class='ocrx_word' id='word_1_267' title='bbox 2259 1777 2451 1824; x_wconf 78' lang='lat' dir='ltr'><strong>Poetae</strong></span> <span class='ocrx_word' id='word_1_268' title='bbox 2502 1774 2677 1824; x_wconf 88' lang='lat' dir='ltr'><strong>Lesbii</strong></span> <span class='ocrx_word' id='word_1_269' title='bbox 2730 1773 2819 1824; x_wconf 82' lang='lat' dir='ltr'><strong>Al-</strong></span> 
     </span>
     <span class='ocr_line' id='line_1_54' title="bbox 1770 1848 2817 1912; baseline 0.002 -16"><span class='ocrx_word' id='word_1_270' title='bbox 1770 1861 1932 1897; x_wconf 87' lang='lat' dir='ltr'><strong>caeus</strong></span> <span class='ocrx_word' id='word_1_271' title='bbox 1966 1851 2021 1897; x_wconf 90' lang='lat' dir='ltr'><strong>et</strong></span> <span class='ocrx_word' id='word_1_272' title='bbox 2069 1849 2283 1912; x_wconf 84' lang='lat' dir='ltr'><strong>Sappho</strong></span> <span class='ocrx_word' id='word_1_273' title='bbox 2328 1848 2539 1898; x_wconf 86' lang='lat' dir='ltr'><strong>Aeolica</strong></span> <span class='ocrx_word' id='word_1_274' title='bbox 2592 1848 2817 1898; x_wconf 89' lang='lat' dir='ltr'><strong>dialecto</strong></span> 
     </span>
     <span class='ocr_line' id='line_1_55' title="bbox 1766 1921 2811 1972; baseline -0.001 -1"><span class='ocrx_word' id='word_1_275' title='bbox 1766 1921 2071 1972; x_wconf 87' lang='lat' dir='ltr'><strong>utebantur.</strong></span> <span class='ocrx_word' id='word_1_276' title='bbox 2145 1924 2255 1972; x_wconf 86' lang='lat' dir='ltr'><strong>lam</strong></span> <span class='ocrx_word' id='word_1_277' title='bbox 2307 1922 2563 1972; x_wconf 88' lang='lat' dir='ltr'><strong>Pindarus</strong></span> <span class='ocrx_word' id='word_1_278' title='bbox 2614 1924 2694 1972; x_wconf 86' lang='lat' dir='ltr'><strong>Fr.</strong></span> <span class='ocrx_word' id='word_1_279' title='bbox 2731 1922 2811 1971; x_wconf 80' lang='lat'><strong>95.</strong></span> 
     </span>
     <span class='ocr_line' id='line_1_56' title="bbox 1768 1996 2816 2059; baseline -0.002 -12"><span class='ocrx_word' id='word_1_280' title='bbox 1768 1999 1954 2059; x_wconf 82' lang='lat' dir='ltr'><strong>Bergk.</strong></span> <span class='ocrx_word' id='word_1_281' title='bbox 1983 1998 2064 2057; x_wconf 79' lang='grc'><strong>40,</strong></span> <span class='ocrx_word' id='word_1_282' title='bbox 2095 1999 2139 2045; x_wconf 77' lang='grc'><strong>4.</strong></span> <span class='ocrx_word' id='word_1_283' title='bbox 2180 1997 2407 2046; x_wconf 87' lang='lat' dir='ltr'><strong>Boeckh.</strong></span> <span class='ocrx_word' id='word_1_284' title='bbox 2435 1998 2566 2047; x_wconf 89' lang='lat' dir='ltr'><strong>Edit.</strong></span> <span class='ocrx_word' id='word_1_285' title='bbox 2596 1998 2721 2046; x_wconf 86' lang='lat' dir='ltr'><strong>min.</strong></span> <span class='ocrx_word' id='word_1_286' title='bbox 2748 1996 2816 2045; x_wconf 89' lang='lat' dir='ltr'><strong>de</strong></span> 
     </span>
     <span class='ocr_line' id='line_1_57' title="bbox 1768 2068 2817 2141; baseline 0 -21"><span class='ocrx_word' id='word_1_287' title='bbox 1768 2070 2049 2120; x_wconf 85' lang='lat' dir='ltr'><strong>beatorum</strong></span> <span class='ocrx_word' id='word_1_288' title='bbox 2096 2071 2147 2119; x_wconf 88' lang='lat' dir='ltr'><strong>in</strong></span> <span class='ocrx_word' id='word_1_289' title='bbox 2193 2072 2328 2120; x_wconf 89' lang='lat' dir='ltr'><strong>Orco</strong></span> <span class='ocrx_word' id='word_1_290' title='bbox 2362 2068 2645 2141; x_wconf 80' lang='grc' dir='ltr'><strong><em>διαγωγῇ·</em></strong></span> <span class='ocrx_word' id='word_1_291' title='bbox 2705 2069 2817 2120; x_wconf 78' lang='grc' dir='ltr'><strong>Καὶ</strong></span> 
     </span>
     <span class='ocr_line' id='line_1_58' title="bbox 1766 2144 2811 2212; baseline 0.002 -19"><span class='ocrx_word' id='word_1_292' title='bbox 1766 2145 1859 2194; x_wconf 79' lang='grc' dir='ltr'><strong>τοὶ</strong></span> <span class='ocrx_word' id='word_1_293' title='bbox 1906 2144 2016 2209; x_wconf 76' lang='grc' dir='ltr'><strong>μὲν</strong></span> <span class='ocrx_word' id='word_1_294' title='bbox 2078 2144 2274 2207; x_wconf 73' lang='grc' dir='ltr'><strong><em>ἵπποις</em></strong></span> <span class='ocrx_word' id='word_1_295' title='bbox 2322 2148 2667 2212; x_wconf 81' lang='grc' dir='ltr'><strong><em>γυμνασίοις</em></strong></span> <span class='ocrx_word' id='word_1_296' title='bbox 2715 2159 2777 2195; x_wconf 88' lang='grc' dir='ltr'><strong><em>τε</em></strong></span> <span class='ocrx_word' id='word_1_297' title='bbox 2798 2183 2811 2204; x_wconf 93' lang='grc'>,</span> 
     </span>
     <span class='ocr_line' id='line_1_59' title="bbox 1768 2217 2815 2291; baseline 0.001 -23"><span class='ocrx_word' id='word_1_298' title='bbox 1768 2219 1857 2268; x_wconf 80' lang='grc' dir='ltr'><strong>τοὶ</strong></span> <span class='ocrx_word' id='word_1_299' title='bbox 1913 2217 1976 2269; x_wconf 80' lang='grc' dir='ltr'><strong>δὲ</strong></span> <span class='ocrx_word' id='word_1_300' title='bbox 2030 2224 2298 2281; x_wconf 84' lang='grc' dir='ltr'><strong><em>πεσσοῖς,</em></strong></span> <span class='ocrx_word' id='word_1_301' title='bbox 2389 2221 2493 2271; x_wconf 72' lang='lat' dir='ltr'><strong>Tol</strong></span> <span class='ocrx_word' id='word_1_302' title='bbox 2549 2218 2612 2270; x_wconf 76' lang='grc' dir='ltr'><strong>δὲ</strong></span> <span class='ocrx_word' id='word_1_303' title='bbox 2666 2236 2815 2291; x_wconf 83' lang='grc' dir='ltr'><strong><em>φορ-</em></strong></span> 
     </span>
     <span class='ocr_line' id='line_1_60' title="bbox 1766 2295 2813 2364; baseline 0.003 -22"><span class='ocrx_word' id='word_1_304' title='bbox 1766 2295 2037 2359; x_wconf 83' lang='grc' dir='ltr'><strong><em>μίγγεσσι</em></strong></span> <span class='ocrx_word' id='word_1_305' title='bbox 2070 2296 2389 2364; x_wconf 76' lang='grc' dir='ltr'><strong><em>τέρπονται.</em></strong></span> <span class='ocrx_word' id='word_1_306' title='bbox 2423 2322 2477 2331; x_wconf 92' lang='grc'><strong>-</strong></span> <span class='ocrx_word' id='word_1_307' title='bbox 2516 2296 2813 2358; x_wconf 66' lang='lat' dir='ltr'><strong>querentem]</strong></span> 
     </span>
     <span class='ocr_line' id='line_1_61' title="bbox 1768 2367 2817 2434; baseline 0.002 -17"><span class='ocrx_word' id='word_1_308' title='bbox 1768 2368 1913 2432; x_wconf 89' lang='lat' dir='ltr'><strong>quod</strong></span> <span class='ocrx_word' id='word_1_309' title='bbox 1947 2367 2047 2419; x_wconf 91' lang='lat' dir='ltr'><strong>sibi</strong></span> <span class='ocrx_word' id='word_1_310' title='bbox 2082 2369 2135 2417; x_wconf 90' lang='lat' dir='ltr'><strong>in</strong></span> <span class='ocrx_word' id='word_1_311' title='bbox 2168 2382 2351 2419; x_wconf 85' lang='lat' dir='ltr'><strong>amore</strong></span> <span class='ocrx_word' id='word_1_312' title='bbox 2388 2383 2492 2419; x_wconf 93' lang='lat' dir='ltr'><strong>non</strong></span> <span class='ocrx_word' id='word_1_313' title='bbox 2528 2369 2817 2434; x_wconf 86' lang='lat' dir='ltr'><strong>responde-</strong></span> 
     </span>
     <span class='ocr_line' id='line_1_62' title="bbox 1768 2438 2816 2515; baseline 0.002 -23"><span class='ocrx_word' id='word_1_314' title='bbox 1768 2444 1904 2492; x_wconf 92' lang='lat' dir='ltr'><strong>rent.</strong></span> <span class='ocrx_word' id='word_1_315' title='bbox 1976 2443 2182 2505; x_wconf 86' lang='lat' dir='ltr'><strong>Fragm.</strong></span> <span class='ocrx_word' id='word_1_316' title='bbox 2241 2442 2322 2494; x_wconf 82' lang='grc'><strong>43.</strong></span> <span class='ocrx_word' id='word_1_317' title='bbox 2382 2444 2584 2506; x_wconf 84' lang='lat' dir='ltr'><strong>Bergk:</strong></span> <span class='ocrx_word' id='word_1_318' title='bbox 2648 2438 2816 2515; x_wconf 82' lang='grc' dir='ltr'><strong><em>Ἔρος</em></strong></span> 
     </span>
     <span class='ocr_line' id='line_1_63' title="bbox 1766 2508 2815 2583; baseline 0.003 -17"><span class='ocrx_word' id='word_1_319' title='bbox 1766 2508 1940 2582; x_wconf 67' lang='grc' dir='ltr'><strong><em>δηῦτε(</em></strong></span> <span class='ocrx_word' id='word_1_320' title='bbox 1970 2520 2032 2582; x_wconf 78' lang='grc' dir='ltr'><strong>μ’</strong></span> <span class='ocrx_word' id='word_1_321' title='bbox 2069 2512 2102 2566; x_wconf 89' lang='grc' dir='ltr'>ὁ</span> <span class='ocrx_word' id='word_1_322' title='bbox 2138 2515 2449 2583; x_wconf 67' lang='grc' dir='ltr'><strong><em>λυσιμελὴς</em></strong></span> <span class='ocrx_word' id='word_1_323' title='bbox 2490 2515 2643 2568; x_wconf 81' lang='grc' dir='ltr'><strong><em>δύνει</em></strong></span> <span class='ocrx_word' id='word_1_324' title='bbox 2680 2522 2815 2582; x_wconf 83' lang='lat' dir='ltr'><strong>(ante</strong></span> 
     </span>
     <span class='ocr_line' id='line_1_64' title="bbox 1767 2587 2816 2716; baseline 0.002 -75"><span class='ocrx_word' id='word_1_325' title='bbox 1767 2595 1823 2716; x_wconf 59' lang='grc' dir='ltr'><strong>Ξ.</strong></span> <span class='ocrx_word' id='word_1_326' title='bbox 1861 2590 2036 2656; x_wconf 84' lang='grc' dir='ltr'><strong><em>δονεῖ)</em></strong></span> <span class='ocrx_word' id='word_1_327' title='bbox 2080 2590 2475 2678; x_wconf 80' lang='grc' dir='ltr'><strong><em>Γλυκύπικρον</em></strong></span> <span class='ocrx_word' id='word_1_328' title='bbox 2508 2587 2816 2657; x_wconf 81' lang='grc' dir='ltr'><strong><em>ἀμάχανον</em></strong></span> 
     </span>
    </p>

    <p class='ocr_par' dir='ltr' id='par_1_18' title="bbox 1761 2682 2816 3846">
     <span class='ocr_line' id='line_1_65' title="bbox 1842 2682 2031 2717; baseline 0 -1"><span class='ocrx_word' id='word_1_329' title='bbox 1842 2682 2031 2717; x_wconf 81' lang='grc' dir='ltr'><strong><em>πετον.</em></strong></span> 
     </span>
     <span class='ocr_line' id='line_1_66' title="bbox 1764 2684 2815 2812; baseline 0.003 -22"><span class='ocrx_word' id='word_1_330' title='bbox 1764 2684 1875 2806; x_wconf 49' lang='lat' dir='ltr'><strong>fagit</strong></span> <span class='ocrx_word' id='word_1_331' title='bbox 1926 2736 2230 2807; x_wconf 78' lang='grc' dir='ltr'><strong><em>ἀπήχθετο</em></strong></span> <span class='ocrx_word' id='word_1_332' title='bbox 2285 2741 2664 2812; x_wconf 83' lang='grc' dir='ltr'><strong><em>Φροντίσδην,</em></strong></span> <span class='ocrx_word' id='word_1_333' title='bbox 2722 2741 2815 2793; x_wconf 80' lang='grc' dir='ltr'><strong><em>ἐπὶ</em></strong></span> 
     </span>
     <span class='ocr_line' id='line_1_67' title="bbox 1767 2811 2815 2886; baseline 0.002 -22"><span class='ocrx_word' id='word_1_334' title='bbox 1767 2813 1814 2864; x_wconf 88' lang='grc' dir='ltr'><strong>δ’</strong></span> <span class='ocrx_word' id='word_1_335' title='bbox 1866 2811 2237 2886; x_wconf 78' lang='grc' dir='ltr'><strong><em>Ἀνδρομέδαν</em></strong></span> <span class='ocrx_word' id='word_1_336' title='bbox 2307 2813 2473 2886; x_wconf 81' lang='grc' dir='ltr'><strong>πότῃ.</strong></span> <span class='ocrx_word' id='word_1_337' title='bbox 2560 2818 2815 2867; x_wconf 79' lang='lat' dir='ltr'><strong>Maximus</strong></span> 
     </span>
     <span class='ocr_line' id='line_1_68' title="bbox 1764 2886 2813 2958; baseline 0 -19"><span class='ocrx_word' id='word_1_338' title='bbox 1764 2891 1886 2952; x_wconf 76' lang='lat' dir='ltr'><strong>Tyr.</strong></span> <span class='ocrx_word' id='word_1_339' title='bbox 1906 2889 1989 2950; x_wconf 74' lang='grc'><strong>24,</strong></span> <span class='ocrx_word' id='word_1_340' title='bbox 2007 2891 2055 2939; x_wconf 84' lang='grc'><strong>9;</strong></span> <span class='ocrx_word' id='word_1_341' title='bbox 2080 2888 2200 2940; x_wconf 82' lang='grc' dir='ltr'><strong>Νῦν</strong></span> <span class='ocrx_word' id='word_1_342' title='bbox 2215 2889 2323 2955; x_wconf 74' lang='grc' dir='ltr'><strong>μὲν</strong></span> <span class='ocrx_word' id='word_1_343' title='bbox 2341 2887 2575 2958; x_wconf 76' lang='grc' dir='ltr'><strong><em>ἐπιτιμᾷ</em></strong></span> <span class='ocrx_word' id='word_1_344' title='bbox 2592 2886 2813 2951; x_wconf 81' lang='grc' dir='ltr'><strong><em>Σαπφω</em></strong></span> 
     </span>
     <span class='ocr_line' id='line_1_69' title="bbox 1764 2958 2815 3035; baseline 0.001 -22"><span class='ocrx_word' id='word_1_345' title='bbox 1764 2964 2004 3034; x_wconf 81' lang='grc' dir='ltr'><strong><em>(Γοργοῖ</em></strong></span> <span class='ocrx_word' id='word_1_346' title='bbox 2066 2965 2163 3014; x_wconf 80' lang='grc' dir='ltr'><strong>καὶ</strong></span> <span class='ocrx_word' id='word_1_347' title='bbox 2203 2959 2543 3035; x_wconf 76' lang='grc' dir='ltr'><strong><em>Ἀνδρομέδᾳ</em></strong></span> <span class='ocrx_word' id='word_1_348' title='bbox 2597 2958 2815 3014; x_wconf 79' lang='grc' dir='ltr'><strong><em>ἀντιτέ-</em></strong></span> 
     </span>
     <span class='ocr_line' id='line_1_70' title="bbox 1762 3035 2814 3108; baseline 0 -20"><span class='ocrx_word' id='word_1_349' title='bbox 1762 3040 1969 3104; x_wconf 87' lang='grc' dir='ltr'><strong><em>χνοιν),</em></strong></span> <span class='ocrx_word' id='word_1_350' title='bbox 1986 3036 2088 3090; x_wconf 80' lang='grc' dir='ltr'><strong>νῦν</strong></span> <span class='ocrx_word' id='word_1_351' title='bbox 2100 3037 2162 3089; x_wconf 78' lang='grc' dir='ltr'><strong>δὲ</strong></span> <span class='ocrx_word' id='word_1_352' title='bbox 2174 3038 2388 3106; x_wconf 77' lang='grc' dir='ltr'><strong><em>ἐλέγχει</em></strong></span> <span class='ocrx_word' id='word_1_353' title='bbox 2407 3040 2507 3089; x_wconf 79' lang='grc' dir='ltr'><strong>καὶ</strong></span> <span class='ocrx_word' id='word_1_354' title='bbox 2524 3035 2814 3108; x_wconf 78' lang='grc' dir='ltr'><strong><em>εἰρωνεύε-</em></strong></span> 
     </span>
     <span class='ocr_line' id='line_1_71' title="bbox 1762 3107 2809 3200; baseline 0.001 -38"><span class='ocrx_word' id='word_1_355' title='bbox 1762 3128 1857 3163; x_wconf 81' lang='grc' dir='ltr'><strong>ται</strong></span> <span class='ocrx_word' id='word_1_356' title='bbox 1908 3107 2060 3163; x_wconf 77' lang='grc' dir='ltr'><strong><em>αὐτὰ</em></strong></span> <span class='ocrx_word' id='word_1_357' title='bbox 2110 3112 2301 3164; x_wconf 80' lang='grc' dir='ltr'><strong><em>ἐκεῖνα</em></strong></span> <span class='ocrx_word' id='word_1_358' title='bbox 2345 3110 2417 3163; x_wconf 85' lang='grc' dir='ltr'><strong>τὰ</strong></span> <span class='ocrx_word' id='word_1_359' title='bbox 2452 3109 2809 3200; x_wconf 80' lang='grc' dir='ltr'><strong><em>Σωκράτους.</em></strong></span> 
     </span>
     <span class='ocr_line' id='line_1_72' title="bbox 1766 3182 2813 3259; baseline -0.002 -22"><span class='ocrx_word' id='word_1_360' title='bbox 1766 3183 1881 3237; x_wconf 88' lang='grc' dir='ltr'><strong>Τὸν</strong></span> <span class='ocrx_word' id='word_1_361' title='bbox 1912 3182 2084 3238; x_wconf 77' lang='grc' dir='ltr'><strong><em>Ἴωνα</em></strong></span> <span class='ocrx_word' id='word_1_362' title='bbox 2130 3190 2354 3259; x_wconf 81' lang='grc' dir='ltr'><strong><em>χαίρειν</em></strong></span> <span class='ocrx_word' id='word_1_363' title='bbox 2393 3189 2577 3254; x_wconf 84' lang='grc' dir='ltr'><strong><em>φησὶν</em></strong></span> <span class='ocrx_word' id='word_1_364' title='bbox 2618 3182 2652 3236; x_wconf 91' lang='grc' dir='ltr'>ὁ</span> <span class='ocrx_word' id='word_1_365' title='bbox 2687 3188 2813 3236; x_wconf 89' lang='grc' dir='ltr'><strong>Σω-</strong></span> 
     </span>
     <span class='ocr_line' id='line_1_73' title="bbox 1761 3258 2814 3333; baseline 0.002 -22"><span class='ocrx_word' id='word_1_366' title='bbox 1761 3258 2008 3333; x_wconf 81' lang='grc' dir='ltr'><strong><em>κράτης·</em></strong></span> <span class='ocrx_word' id='word_1_367' title='bbox 2060 3260 2259 3312; x_wconf 82' lang='grc' dir='ltr'><strong><em>Πολλά</em></strong></span> <span class='ocrx_word' id='word_1_368' title='bbox 2308 3277 2413 3326; x_wconf 88' lang='grc' dir='ltr'><strong>μοι</strong></span> <span class='ocrx_word' id='word_1_369' title='bbox 2445 3258 2551 3312; x_wconf 84' lang='grc' dir='ltr'><strong>τὰν</strong></span> <span class='ocrx_word' id='word_1_370' title='bbox 2584 3261 2814 3313; x_wconf 78' lang='grc' dir='ltr'><strong><em>Πολυα-</em></strong></span> 
     </span>
     <span class='ocr_line' id='line_1_74' title="bbox 1762 3326 2812 3425; baseline -0.001 -38"><span class='ocrx_word' id='word_1_371' title='bbox 1762 3335 2002 3387; x_wconf 86' lang='grc' dir='ltr'><strong><em>νακτίδα</em></strong></span> <span class='ocrx_word' id='word_1_372' title='bbox 2055 3335 2232 3387; x_wconf 82' lang='grc' dir='ltr'><strong><em>παῖδα</em></strong></span> <span class='ocrx_word' id='word_1_373' title='bbox 2275 3339 2529 3425; x_wconf 80' lang='grc' dir='ltr'><strong><em>χαίρειν,</em></strong></span> <span class='ocrx_word' id='word_1_374' title='bbox 2589 3326 2812 3399; x_wconf 84' lang='grc' dir='ltr'><strong><em>Σαπφω</em></strong></span> 
     </span>
     <span class='ocr_line' id='line_1_75' title="bbox 1764 3405 2816 3479; baseline 0.001 -19"><span class='ocrx_word' id='word_1_375' title='bbox 1764 3409 1930 3477; x_wconf 80' lang='grc' dir='ltr'><strong><em>λέγει.</em></strong></span> <span class='ocrx_word' id='word_1_376' title='bbox 1956 3440 1987 3449; x_wconf 94' lang='grc'>-</span> <span class='ocrx_word' id='word_1_377' title='bbox 2009 3405 2114 3460; x_wconf 87' lang='grc' dir='ltr'><strong>-Ὃ</strong></span> <span class='ocrx_word' id='word_1_378' title='bbox 2146 3428 2201 3462; x_wconf 79' lang='grc' dir='ltr'><strong>τι</strong></span> <span class='ocrx_word' id='word_1_379' title='bbox 2234 3411 2432 3479; x_wconf 84' lang='grc' dir='ltr'><strong><em>εκείνῳ</em></strong></span> <span class='ocrx_word' id='word_1_380' title='bbox 2461 3407 2816 3477; x_wconf 73' lang='grc' dir='ltr'><strong><em>Ἀλκιβιάδης</em></strong></span> 
     </span>
     <span class='ocr_line' id='line_1_76' title="bbox 1762 3483 2815 3575; baseline 0.001 -39"><span class='ocrx_word' id='word_1_381' title='bbox 1762 3487 1863 3536; x_wconf 82' lang='grc' dir='ltr'><strong>καὶ</strong></span> <span class='ocrx_word' id='word_1_382' title='bbox 1896 3483 2200 3556; x_wconf 79' lang='grc' dir='ltr'><strong><em>Χαρμίδης</em></strong></span> <span class='ocrx_word' id='word_1_383' title='bbox 2233 3488 2333 3536; x_wconf 77' lang='grc' dir='ltr'><strong>καὶ</strong></span> <span class='ocrx_word' id='word_1_384' title='bbox 2367 3484 2639 3575; x_wconf 85' lang='grc' dir='ltr'><strong><em>Φαῖδρος,</em></strong></span> <span class='ocrx_word' id='word_1_385' title='bbox 2674 3485 2815 3537; x_wconf 82' lang='grc' dir='ltr'><strong><em>τοῦ-</em></strong></span> 
     </span>
     <span class='ocr_line' id='line_1_77' title="bbox 1761 3554 2815 3647; baseline 0.002 -38"><span class='ocrx_word' id='word_1_386' title='bbox 1761 3574 1830 3610; x_wconf 83' lang='grc' dir='ltr'><strong>το</strong></span> <span class='ocrx_word' id='word_1_387' title='bbox 1864 3557 1934 3647; x_wconf 82' lang='grc' dir='ltr'><strong>τῆ</strong></span> <span class='ocrx_word' id='word_1_388' title='bbox 1971 3559 2195 3628; x_wconf 74' lang='grc' dir='ltr'><strong><em>Λεσβία</em></strong></span> <span class='ocrx_word' id='word_1_389' title='bbox 2227 3556 2479 3631; x_wconf 81' lang='grc' dir='ltr'><strong><em>Γυριννώ</em></strong></span> <span class='ocrx_word' id='word_1_390' title='bbox 2514 3561 2614 3610; x_wconf 79' lang='grc' dir='ltr'><strong>καὶ</strong></span> <span class='ocrx_word' id='word_1_391' title='bbox 2634 3554 2815 3623; x_wconf 74' lang='grc' dir='ltr'><strong><em>Ἀτθὶς</em></strong></span> 
     </span>
     <span class='ocr_line' id='line_1_78' title="bbox 1761 3612 2809 3706; baseline 0.001 -22"><span class='ocrx_word' id='word_1_392' title='bbox 1761 3635 1862 3685; x_wconf 79' lang='grc' dir='ltr'><strong>καὶ</strong></span> <span class='ocrx_word' id='word_1_393' title='bbox 1890 3612 2237 3706; x_wconf 83' lang='grc' dir='ltr'><strong><em>Ανακτορία.</em></strong></span> <span class='ocrx_word' id='word_1_394' title='bbox 2293 3637 2442 3686; x_wconf 83' lang='lat' dir='ltr'><strong>Ovid.</strong></span> <span class='ocrx_word' id='word_1_395' title='bbox 2472 3637 2594 3686; x_wconf 91' lang='lat' dir='ltr'><strong>Her.</strong></span> <span class='ocrx_word' id='word_1_396' title='bbox 2622 3637 2701 3696; x_wconf 72' lang='lat'><strong>45,</strong></span> <span class='ocrx_word' id='word_1_397' title='bbox 2731 3638 2809 3685; x_wconf 66' lang='lat'><strong>⁴7.</strong></span> 
     </span>
     <span class='ocr_line' id='line_1_79' title="bbox 1763 3709 2814 3774; baseline -0.001 -16"><span class='ocrx_word' id='word_1_398' title='bbox 1763 3712 2045 3773; x_wconf 89' lang='lat' dir='ltr'><strong>praeterea</strong></span> <span class='ocrx_word' id='word_1_399' title='bbox 2094 3712 2237 3771; x_wconf 74' lang='lat' dir='ltr'><strong>vilis,</strong></span> <span class='ocrx_word' id='word_1_400' title='bbox 2292 3711 2365 3760; x_wconf 86' lang='lat' dir='ltr'><strong>ait</strong></span> <span class='ocrx_word' id='word_1_401' title='bbox 2406 3709 2643 3774; x_wconf 83' lang='lat' dir='ltr'><strong>SapphO,</strong></span> <span class='ocrx_word' id='word_1_402' title='bbox 2694 3710 2814 3758; x_wconf 76' lang='lat' dir='ltr'><strong>mihi</strong></span> 
     </span>
     <span class='ocr_line' id='line_1_80' title="bbox 1765 3785 2206 3846; baseline 0.002 -13"><span class='ocrx_word' id='word_1_403' title='bbox 1765 3785 1988 3834; x_wconf 73' lang='lat' dir='ltr'><strong>candida</strong></span> <span class='ocrx_word' id='word_1_404' title='bbox 2020 3786 2206 3846; x_wconf 72' lang='lat' dir='ltr'><strong>Oydno.</strong></span> 
     </span>
    </p>

    <p class='ocr_par' dir='ltr' id='par_1_19' title="bbox 1767 3856 2817 4300">
     <span class='ocr_line' id='line_1_81' title="bbox 1830 3856 2815 3922; baseline -0.003 -14"><span class='ocrx_word' id='word_1_405' title='bbox 1830 3859 1912 3908; x_wconf 73' lang='lat'><strong>26.</strong></span> <span class='ocrx_word' id='word_1_406' title='bbox 1967 3859 2246 3922; x_wconf 76' lang='lat' dir='ltr'><strong>sonantem]</strong></span> <span class='ocrx_word' id='word_1_407' title='bbox 2292 3856 2538 3908; x_wconf 79' lang='lat' dir='ltr'><strong>Similiter</strong></span> <span class='ocrx_word' id='word_1_408' title='bbox 2571 3857 2639 3907; x_wconf 89' lang='lat' dir='ltr'><strong>de</strong></span> <span class='ocrx_word' id='word_1_409' title='bbox 2674 3860 2815 3908; x_wconf 82' lang='lat' dir='ltr'><strong>Ana-</strong></span> 
     </span>
     <span class='ocr_line' id='line_1_82' title="bbox 1767 3931 2811 3994; baseline -0.002 -12"><span class='ocrx_word' id='word_1_410' title='bbox 1767 3936 1984 3982; x_wconf 88' lang='lat' dir='ltr'><strong>creonte</strong></span> <span class='ocrx_word' id='word_1_411' title='bbox 2053 3932 2352 3984; x_wconf 88' lang='lat' dir='ltr'><strong>Simonides</strong></span> <span class='ocrx_word' id='word_1_412' title='bbox 2425 3932 2536 3981; x_wconf 79' lang='grc'><strong>446.</strong></span> <span class='ocrx_word' id='word_1_413' title='bbox 2609 3931 2811 3994; x_wconf 62' lang='lat' dir='ltr'><strong>Berfflx:</strong></span> 
     </span>
     <span class='ocr_line' id='line_1_83' title="bbox 1768 4000 2812 4089; baseline -0.001 -33"><span class='ocrx_word' id='word_1_414' title='bbox 1768 4005 2010 4072; x_wconf 83' lang='grc' dir='ltr'><strong><em>Μολπῆς</em></strong></span> <span class='ocrx_word' id='word_1_415' title='bbox 2042 4006 2087 4056; x_wconf 82' lang='grc' dir='ltr'><strong>δ’</strong></span> <span class='ocrx_word' id='word_1_416' title='bbox 2121 4000 2192 4057; x_wconf 80' lang='grc' dir='ltr'><strong>οὐ</strong></span> <span class='ocrx_word' id='word_1_417' title='bbox 2228 4003 2380 4071; x_wconf 74' lang='grc' dir='ltr'><strong><em>λήθη</em></strong></span> <span class='ocrx_word' id='word_1_418' title='bbox 2429 4004 2812 4089; x_wconf 82' lang='grc' dir='ltr'><strong><em>μελιτερπέος</em></strong></span> 
     </span>
     <span class='ocr_line' id='line_1_84' title="bbox 1768 4073 2817 4167; baseline -0.003 -35"><span class='ocrx_word' id='word_1_419' title='bbox 1768 4080 1888 4132; x_wconf 81' lang='grc' dir='ltr'>ἀλλ’</span> <span class='ocrx_word' id='word_1_420' title='bbox 1954 4076 2030 4131; x_wconf 75' lang='grc' dir='ltr'><strong>ἔτ</strong></span> <span class='ocrx_word' id='word_1_421' title='bbox 2077 4081 2266 4133; x_wconf 83' lang='grc' dir='ltr'><strong><em>έκεῖνο</em></strong></span> <span class='ocrx_word' id='word_1_422' title='bbox 2328 4076 2616 4167; x_wconf 81' lang='grc' dir='ltr'><strong><em>Βάρβιτον</em></strong></span> <span class='ocrx_word' id='word_1_423' title='bbox 2683 4073 2817 4129; x_wconf 73' lang='grc' dir='ltr'><strong><em>οὐδὲ</em></strong></span> 
     </span>
     <span class='ocr_line' id='line_1_85' title="bbox 1770 4149 2815 4227; baseline -0.004 -20"><span class='ocrx_word' id='word_1_424' title='bbox 1770 4153 1965 4207; x_wconf 78' lang='grc' dir='ltr'><strong><em>θανών</em></strong></span> <span class='ocrx_word' id='word_1_425' title='bbox 1987 4150 2228 4208; x_wconf 78' lang='grc' dir='ltr'><strong><em>εὔνασεν</em></strong></span> <span class='ocrx_word' id='word_1_426' title='bbox 2250 4156 2333 4205; x_wconf 82' lang='grc' dir='ltr'><strong>εἰν</strong></span> <span class='ocrx_word' id='word_1_427' title='bbox 2350 4149 2517 4227; x_wconf 80' lang='grc' dir='ltr'><strong>Ἀίδῃ.</strong></span> <span class='ocrx_word' id='word_1_428' title='bbox 2550 4182 2602 4191; x_wconf 93' lang='lat'><strong>—-</strong></span> <span class='ocrx_word' id='word_1_429' title='bbox 2642 4155 2815 4218; x_wconf 72' lang='lat' dir='ltr'><strong>aureo]</strong></span> 
     </span>
     <span class='ocr_line' id='line_1_86' title="bbox 1771 4225 2814 4300; baseline -0.003 -18"><span class='ocrx_word' id='word_1_430' title='bbox 1771 4232 1855 4282; x_wconf 89' lang='lat' dir='ltr'><strong>Sic</strong></span> <span class='ocrx_word' id='word_1_431' title='bbox 1905 4230 2052 4282; x_wconf 85' lang='lat' dir='ltr'><strong>Pind.</strong></span> <span class='ocrx_word' id='word_1_432' title='bbox 2090 4233 2242 4282; x_wconf 83' lang='lat' dir='ltr'><strong>Nem.</strong></span> <span class='ocrx_word' id='word_1_433' title='bbox 2293 4232 2350 4292; x_wconf 74' lang='lat'><strong>5,</strong></span> <span class='ocrx_word' id='word_1_434' title='bbox 2386 4231 2484 4282; x_wconf 74' lang='lat'><strong>24:</strong></span> <span class='ocrx_word' id='word_1_435' title='bbox 2543 4225 2814 4300; x_wconf 83' lang='grc' dir='ltr'><strong><em>φόρμιγγ</em></strong></span> 
     </span>
    </p>
   </div>
   <div class='ocr_carea' id='block_1_14' title="bbox 2120 2662 2913 2733">
    <p class='ocr_par' dir='ltr' id='par_1_20' title="bbox 2120 2662 2913 2733">
     <span class='ocr_line' id='line_1_87' title="bbox 2120 2662 2913 2733; baseline 0.001 -16.009"><span class='ocrx_word' id='word_1_436' title='bbox 2120 2662 2294 2728; x_wconf 77' lang='grc' dir='ltr'><strong><em>Ἀτθί,</em></strong></span> <span class='ocrx_word' id='word_1_437' title='bbox 2365 2670 2463 2718; x_wconf 83' lang='grc' dir='ltr'><strong>σοὶ</strong></span> <span class='ocrx_word' id='word_1_438' title='bbox 2513 2666 2560 2717; x_wconf 85' lang='grc' dir='ltr'><strong>δ’</strong></span> <span class='ocrx_word' id='word_1_439' title='bbox 2611 2667 2816 2733; x_wconf 80' lang='grc' dir='ltr'><strong><em>ἐμέθεν</em></strong></span> <span class='ocrx_word' id='word_1_440' title='bbox 2906 2671 2913 2678; x_wconf 83' lang='grc'><em>”</em></span> 
     </span>
    </p>
   </div>
  </div>
 </body>
</html>
