3234 4975
652 389 777 457 546

821 550 1149 614 Annorum
1193 547 1398 613 series
1443 556 1507 613 et
1550 547 1701 635 fuga
1745 559 2124 635 temporum.

1418 391 1676 442 HORATH
1714 391 2052 444 CARmNUM

2787 550 2830 609 QG

820 671 960 735 Non
1003 668 1211 733 omnis
1254 666 1493 733 moriar
1538 666 1866 755 multaque
1912 689 2063 755 pars
2107 668 2234 734 mei

822 788 1051 854 Vitabit
1092 786 1462 854 Libitinam:
1509 806 1723 874 usque
1767 809 1890 875 ego
1936 799 2199 876 postera

821 908 1125 976 Crescam
1170 906 1362 974 laude
1406 928 1667 986 recenS‚
1716 908 1871 975 dum
1917 909 2298 996 Capitolium

820 1064 1099 1133 Scandet
1141 1085 1290 1132 cum
1333 1066 1521 1133 tacita
1562 1066 1809 1152 virgine
1854 1066 2154 1155 pontifex.

656 1369 812 1408 rans»
837 1393 849 1416 ,
899 1355 953 1406 id
996 1357 1106 1417 est,
1169 1355 1549 1405 «vehementer
1582 1368 1706 1406 sae-

626 1432 860 1497 ‚viensa
895 1429 1064 1494 Epod.
1103 1430 1195 1490 46,
1229 1430 1284 1479 64
1313 1443 1327 1477 :
1361 1429 1547 1479 nullius
1578 1431 1707 1479 astri

658 1531 688 1542 -
711 1510 945 1555 aestuosa
965 1529 995 1541 -
1016 1504 1323 1566 impotentia.

718 1581 768 1629 ὅ.
796 1580 844 1629 6.
879 1579 1008 1642 napa
1024 1578 1320 1643 tempor-mn]
1345 1577 1441 1628 Od.
1468 1578 1519 1637 2,
1548 1577 1698 1638 44-,4ε

652 1654 863 1719 sapaces
883 1680 914 1691 -
935 1677 965 1689 -
985 1654 1127 1703 anni.
1169 1681 1224 1690 -
1260 1654 1373 1703 Non
1396 1651 1570 1715 connis]
1606 1653 1705 1701 Se-

653 1741 787 1779 neca
810 1727 1001 1778 Troad.
1029 1727 1154 1779 382:
1190 1727 1268 1778 An
1300 1729 1391 1778 toli
1416 1728 1701 1788 morimur,

657 1804 898 1865 nullaque
952 1815 1079 1864 pars
1141 1807 1311 1851 manet
1370 1802 1542 1851 Nostri
1558 1799 1585 1850 P
1646 1828 1701 1837 -

652 1877 911 1939 multaque
952 1889 1081 1938 pars
1127 1874 1253 1940 mei]
1323 1875 1546 1938 «ingenii
1596 1875 1704 1926 mei

655 1953 1055 2001 monumenta.»

720 2025 769 2074 7.
807 2025 856 2074 8.
893 2023 1179 2087 Libitinam]
1219 2023 1429 2073 «Venus
1458 2022 1699 2083 Libitina,

652 2097 755 2147 dea
773 2096 1020 2147 funerum
1038 2096 1152 2160 (cfr.
1173 2097 1392 2158 Dionys.
1410 2095 1519 2146 Hal.
1536 2094 1584 2157 4,
1601 2097 1681 2146 45.
1687 2096 1701 2158 )

653 2171 1016 2234 metonymice
1065 2184 1164 2236 pro
1209 2173 1403 2221 morte.
1450 2195 1506 2206 -
1567 2170 1699 2220 Adv.

649 2256 808 2305 usqae
836 2245 993 2308 iunge
1016 2257 1141 2295 cum
1165 2258 1216 2293 v.
1241 2257 1486 2306 crescam,
1525 2257 1704 2295 «sem-

652 2331 751 2383 per
784 2330 1092 2369 crescamu:
1129 2331 1265 2368 non:
1301 2331 1458 2379 usque
1493 2331 1698 2377 recen-53

652 2405 757 2455 qua
809 2393 1190 2456 significatione
1242 2404 1401 2452 usqae
1439 2405 1547 2442 non
1580 2393 1702 2441 iun-

650 2466 788 2530 gitur
837 2466 937 2517 nisi
992 2479 1116 2517 cum
1150 2465 1365 2525 verbis:
1417 2478 1520 2518 nec
1569 2478 1701 2517 vero

649 2554 807 2601 usque
840 2543 960 2592 dum
980 2542 1207 2603 scandet,
1245 2554 1384 2604 quae
1409 2541 1543 2590 ratio
1566 2540 1704 2591 soret

649 2615 915 2679 pedestris
936 2614 1202 2665 orationis
1221 2642 1276 2651 -
1290 2614 1697 2679 postera-laude]

654 2690 711 2741 in
744 2702 902 2754 prosa
928 2680 1006 2739 o'r.
1047 2691 1441 2753 «posterorum,
1476 2689 1704 2752 posteri-

648 2763 822 2813 tatis.»
863 2788 918 2799 —
959 2762 1215 2826 crescam]
1256 2763 1453 2825 «magis
1499 2764 1702 2826 magis-

651 2850 757 2901 que
782 2838 1076 2900 agnoscent
1109 2836 1315 2886 suturae
1351 2837 1554 2886 aetates
1589 2835 1703 2886 lau-

648 2910 748 2961 des
782 2923 933 2960 meas
976 2911 1214 2974 poeticas
1259 2921 1458 2972 meque
1493 2910 1698 2960 honore

646 2985 1094 3049 persequentur.»
1163 2984 1319 3047 Prop.
1375 2982 1433 3045 3,
1488 2984 1546 3043 4,
1602 2984 1695 3033 33:

645 3057 751 3107 Nec
799 3070 901 3106 non
948 3056 1030 3105 ille
1077 3056 1151 3105 tui
1199 3069 1346 3105 casas
1393 3063 1703 3108 memorator

646 3130 891 3180 Homerus
949 3130 1239 3180 posteritate
1287 3143 1434 3181 suam
1481 3145 1702 3182 crescere

650 3204 802 3254 sensit
849 3216 988 3266 opus.
1048 3230 1103 3240 -
1157 3205 1353 3268 recem]
1391 3218 1699 3269 «nunquam

648 3275 948 3341 neglectus,
985 3279 1108 3342 quia
1131 3280 1391 3329 memoria
1416 3292 1535 3330 mea
1559 3293 1702 3330 sem·

648 3362 750 3414 per
780 3364 952 3402 recens
982 3354 1144 3414 atque
1177 3350 1475 3404 indelebilis
1509 3366 1701 3403 mane-

647 3424 779 3475 hit.»
820 3450 874 3461 —
914 3427 1034 3476 dam
1068 3426 1385 3491 Capitolium]
1419 3428 1697 3478 Artissime

648 3499 784 3550 haec
831 3500 1118 3564 iunguntur
1161 3514 1286 3551 cum
1323 3501 1700 3565 praecedenti-

648 3573 782 3624 bus:
840 3587 996 3636 usqae
1015 3601 1045 3612 -
1066 3601 1095 3611 -
1116 3588 1318 3634 recens3
1357 3587 1534 3637 neque
1567 3587 1698 3624 vero

650 3661 776 3699 cum
826 3650 1029 3700 recenti
1079 3649 1370 3711 interprete
1417 3649 1488 3697 ita
1532 3648 1703 3699 disse-

649 3723 761 3773 cari
794 3721 879 3773 vel
913 3723 1089 3788 potius
1123 3720 1401 3771 dilacerari
1434 3725 1692 3784 possunt:

645 3808 851 3856 roceum
886 3794 1696 3858 dwnCapitolium--pontifeoe,

647 3870 811 3920 Dicar
843 3872 946 3921 eet.
1006 3895 1061 3906 —
1118 3867 1413 3928 «Quamdiu
1462 3868 1700 3931 pontifex

650 3944 915 3995 maximus
957 3955 1082 3994 cum
1130 3941 1443 4007 pontificum
1477 3940 1700 4005 collegio

649 4021 706 4068 et
734 4017 1028 4081 virginibus
1060 4015 1361 4068 Vestalibus
1395 4014 1701 4080 religiosum

650 4089 920 4143 silentium
964 4090 1270 4141 tenentibus
1315 4089 1507 4141 diebus
1551 4090 1701 4141 festis

648 4166 705 4216 in
739 4164 932 4216 aedem
966 4165 1103 4216 Iovis
1138 4163 1414 4230 Capitolini
1457 4163 1702 4216 sollemni

651 4252 849 4305 pompa
867 4239 1150 4299 ascendet;
1187 4239 1291 4290 hoc
1315 4243 1425 4301 est,
1454 4240 1539 4290 «in
1560 4252 1703 4292 sem—

1776 1355 2102 1420 pita-numu
2163 1368 2288 1407 cum
2322 1357 2466 1408 enim
2501 1359 2667 1409 Roma
2704 1358 2832 1408 Urbs

1776 1434 1986 1480 aetema
2036 1429 2242 1481 civibus
2291 1432 2402 1481 suis
2437 1433 2610 1493 esset,
2669 1445 2828 1482 sacra

1774 1502 1988 1568 publica
2055 1517 2327 1567 nunquam
2384 1506 2705 1556 exstinctum
2760 1508 2825 1556 iri

1774 1579 1838 1628 iis
1892 1590 2214 1642 persuasum
2264 1580 2395 1628 erat.
2455 1577 2827 1650 Κυριωτέρως

1774 1655 1830 1702 et
1861 1656 1921 1702 ut
1953 1654 2167 1716 epicum
2187 1654 2404 1715 poetam
2426 1652 2658 1703 decebat
2678 1655 2824 1718 Virg.

1773 1728 1906 1776 Aen.
1945 1726 2005 1787 9,
2052 1725 2176 1777 44-8·
2240 1726 2380 1775 Dum
2419 1727 2594 1776 domas
2632 1728 2828 1778 Aeneae

1774 1800 1989 1862 Capitoli
2021 1799 2270 1850 imonobile
2301 1812 2488 1850 samem
2517 1800 2712 1851 Accolet
2732 1803 2829 1852 im·

1766 1874 2064 1935 pariamque
2103 1879 2258 1936 pater
2303 1875 2559 1924 Romanus
2610 1874 2821 1926 habebit.

1775 1947 1926 1998 ovid.
1964 1948 2117 1997 Trist.
2154 1946 2215 2008 3,
2243 1949 2301 2008 7,
2327 1949 2426 1997 5⁴:
2461 1950 2828 2009 Damqaesais

1771 2022 1963 2072 victv-iv
2012 2035 2206 2072 omnem
2254 2023 2314 2072 de
2360 2022 2608 2073 montibus
2655 2024 2827 2075 orbem

1771 2097 2041 2159 Prospiciat
2095 2097 2338 2146 domuum
2384 2098 2580 2148 Martia
2627 2100 2823 2158 Roma,

1773 2171 1932 2233 legar.
1987 2170 2202 2220 Cassius
2237 2171 2334 2220 Dio
2368 2173 2615 2235 Excerpt.
2652 2172 2822 2222 vatic.

1772 2256 1826 2308 p.
1866 2243 1994 2295 ⁴54:
2052 2240 2340 2310 Σιβύλλης
2372 2241 2641 2315 χρησμὸς
2672 2243 2825 2307 ἐφά-

1773 2332 1947 2367 σκετο
1969 2314 2329 2369 Καπιτώλιον
2351 2316 2674 2380 κεφάλαιον
2693 2314 2825 2370 ἔσε-

1773 2392 1917 2442 σθαι
1965 2392 2070 2457 τῆς
2118 2394 2467 2458 οἰκουμένης
2511 2394 2687 2466 saxeo
2718 2392 2824 2460 τῆς

1772 2463 1875 2518 τοῦ
1916 2463 2150 2533 κόσμου
2190 2463 2577 2532 καταλύσεως.
2637 2471 2820 2533 (Cete-

1733 2542 1739 2564 ¹
1773 2554 1893 2592 rum
1943 2540 2028 2591 iiia
2078 2542 2220 2592 Urbis
2258 2547 2495 2594 aeter-me
2525 2556 2626 2608 pro
2658 2545 2819 2594 Roma

1772 2615 2133 2666 denominatio
2177 2615 2454 2666 dumtaxat
2494 2615 2637 2680 apud
2685 2623 2822 2681 poe-

1772 2691 1853 2738 tas
1903 2689 2126 2752 reperiri
2169 2687 2383 2738 videtur
2429 2688 2631 2752 (Tibull.
2668 2691 2728 2752 2,
2767 2692 2817 2752 ὅ,

1771 2762 1874 2824 23.)
1891 2800 1903 2823 ,
1941 2763 2055 2812 tum
2080 2765 2253 2812 exstat
2273 2764 2325 2812 in
2348 2764 2657 2827 posterioris
2679 2767 2822 2816 tem-

1771 2837 1917 2900 poris
1934 2837 2167 2886 nummis
2184 2838 2346 2900 atque
2369 2837 2818 2901 inscriptionibus,

1771 2913 1831 2959 ut
1878 2911 1932 2960 in
1984 2922 2050 2960 ea
2098 2923 2262 2973 quam
2311 2909 2436 2960 dedi
2485 2910 2600 2961 Vol.
2639 2913 2700 2961 11.
2754 2913 2816 2962 N.

1772 2984 1893 3034 3694
1924 2998 1937 3032 :
1977 2996 2108 3035 mr.
2147 2996 2333 3033 noum.
2368 2996 2648 3036 mmm.
2708 2984 2815 3036 Cfr.

1772 3058 1948 3108 Osann
2008 3058 2063 3107 in
2113 3058 2529 3108 Zimmermanni
2584 3059 2816 3110 Zeiteclm

1775 3131 1920 3181 4837.
1957 3143 2011 3195 p.
2050 3130 2186 3192 404.)

1838 3205 1886 3254 9.
1931 3204 2177 3268 Βσωιάοι]
2215 3204 2381 3254 Varro
2402 3206 2460 3255 L.
2486 3206 2544 3255 L.
2571 3207 2621 3267 5,
2649 3205 2732 3256 47.
2759 3218 2814 3271 p.

1774 3278 1855 3327 49.
1882 3276 2249 3339 Μω1.;οαρυι
2280 3278 2475 3329 Sacrae
2502 3279 2651 3340 viae,
2688 3292 2823 3341 qaae

1765 3352 1982 3413 pertinet
2001 3351 2057 3401 in
2070 3350 2266 3413 Arcem,
2292 3365 2397 3413 qua
2414 3365 2568 3402 sacra
2582 3358 2822 3415 quotquot

1771 3425 2018 3475 mensibus
2048 3424 2263 3488 (idibus)
2293 3426 2529 3489 seruam
2547 3427 2601 3475 in
2622 3427 2816 3479 Areon.

1776 3527 1831 3535 —
1866 3500 2025 3549 tacita
2054 3499 2268 3564 Vimine]
2306 3498 2636 3551 «Vestalibus
2659 3514 2822 3552 vene-

1772 3571 2014 3623 rabunde
2060 3585 2126 3624 ac
2184 3574 2339 3624 tacite
2391 3573 2816 3626 incedentibus.»

1768 3647 1923 3710 Ipsae
1938 3646 2080 3697 enim
2091 3645 2355 3698 silentium
2370 3647 2675 3709 servabant,
2695 3661 2821 3700 cum

1771 3720 2004 3783 hymnos
2037 3722 2313 3771 cantarent
2344 3722 2495 3773 chori
2525 3734 2819 3787 puerorum

1770 3793 2177 3858 puellarumque
2193 3796 2548 3860 patrimorum
2566 3798 2620 3846 et
2641 3798 2823 3847 matri-

1772 3881 2002 3920 morum.
2061 3870 2172 3919 Nec
2195 3882 2325 3919 vero
2347 3882 2472 3920 cum
2495 3871 2820 3922 nonnemine

1771 3942 1980 3993 tacitam
2006 3943 2349 4007 airy-imitatem
2381 3945 2530 3995 Statii
2562 3944 2728 3995 Theb.
2765 3946 2816 4007 2,

1773 4017 1887 4067 232.
1925 4017 2031 4068 huc
2065 4017 2264 4069 trahas.
2301 4015 2593 4069 Vestalium
2632 4018 2822 4081 imagi-

1775 4103 1872 4142 nes
1920 4090 2043 4141 vide
2116 4092 2173 4144 in
2221 4090 2378 4144 Mittin
2431 4092 2543 4142 Gal.
2595 4105 2669 4141 m.
2722 4092 2816 4152 79,

1775 4165 1889 4216 332.
1926 4164 2166 4216 Gerhard
2201 4171 2309 4215 ant.
2346 4166 2526 4216 Bildw.
2554 4166 2610 4214 T.
2637 4165 2815 4215 XXIV.

1780 4265 1835 4276 —
1864 4238 2119 4303 pontiseoe]
2171 4238 2481 4290 Pontificem
2525 4239 2818 4291 maximum
