3234 4975
625 378 748 443 604

1383 378 1642 428 HORATII
1676 377 2014 428 CARMINUM

884 532 1223 621 Impellunt
1266 533 1518 599 animae
1564 532 1760 599 lintea
1803 531 2140 608 Thraciae;

876 656 1011 721 Iam
1054 675 1175 721 nec
1220 662 1403 741 prata
1446 655 1656 740 rigent
1699 674 1819 720 nec
1863 652 2038 718 fluvii
2085 663 2379 739 strepunt

1047 774 1330 841 Hiberna
1375 775 1523 840 nive
1568 773 1823 862 turgidi.

883 932 1116 999 Nidum
1161 933 1372 1019 ponit,
1421 933 1563 1021 Ityn
1612 931 1909 998 flebiliter
1951 951 2219 1018 gemens
2245 981 2259 1006 ,
2677 924 2686 931 ’
2754 932 2794 993 5

877 1052 1098 1119 Infelix
1141 1053 1277 1119 avis
1323 1064 1387 1119 et
1435 1053 1790 1140 Cecropiae
1835 1052 2068 1119 domus

880 1177 1228 1241 Aeternum
1271 1172 1720 1261 opprobrium,
1768 1172 1946 1260 quod
1991 1171 2159 1239 male
2201 1170 2514 1237 barbaras

1045 1297 1292 1382 Regum
1335 1305 1434 1361 est
1474 1293 1608 1360 ulta
1649 1292 1969 1360 libidines.

754 1505 803 1553 2.
840 1502 1085 1565 [apellant
1117 1503 1171 1552 T.
1224 1529 1268 1537 -
1305 1503 1354 1552 5.
1391 1501 1539 1551 hahis
1570 1502 1626 1550 T.
1672 1529 1726 1538 —-
1763 1501 1811 1550 7.
1851 1501 1998 1566 quod]
2036 1514 2166 1563 quae
2197 1499 2246 1550 λ.

1201 1656 1238 1683 ⁴,

516 1736 520 1740 Α
627 1714 695 1751 ex
717 1712 832 1763 seq.
861 1710 1030 1759 νει-3.,
1069 1709 1234 1759 quam
1256 1679 1446 1747 altera:
1485 1696 1679 1746 «modo

632 1774 895 1833 excitant,
933 1772 1121 1832 modo,
1158 1784 1283 1821 cum
1307 1772 1534 1831 cessant,
1561 1768 1680 1834 pla-

630 1851 811 1899 catum
845 1848 1077 1896 sinunt.»
1105 1873 1160 1882 —
1194 1846 1477 1907 lmpeumu]
1517 1845 1678 1895 «dum

631 1921 750 1973 vela
784 1921 1088 1979 intendunt,
1136 1933 1201 1969 eo
1240 1918 1541 1985 propellunt
1579 1933 1679 1969 na-

631 2009 780 2047 veS.»
810 2023 866 2032 —
903 1998 1106 2045 animae
1130 1994 1386 2058 straciae]
1424 1994 1677 2043 Graeciae

632 2069 702 2119 ab
737 2067 1023 2132 Aquilone,
1077 2068 1168 2131 qui
1207 2068 1353 2118 venti
1393 2080 1492 2118 ver
1523 2069 1680 2117 ante-

634 2143 849 2194 cedunt.
917 2142 1077 2206 Soph.
1121 2143 1293 2205 Antig.
1335 2141 1474 2191 586:
1527 2134 1678 2190 ὥστε

629 2218 892 2278 ποντίαις
940 2212 1127 2303 Οἶδμα
1173 2212 1486 2279 δυσπνόοις
1534 2207 1678 2265 ὅταν

629 2287 995 2362 Θρῄσσαισιν
1045 2283 1248 2360 ερεβος
1291 2282 1519 2352 ὕφαλον
1551 2289 1677 2341 ἐπι-

628 2363 819 2437 δράμῃ
883 2369 1106 2427 πνοαῖς.
1180 2364 1440 2429 (Animae,
1500 2366 1675 2416 omnis

631 2446 727 2492 aer
759 2443 965 2499 motus,
1010 2443 1069 2490 ut
1100 2440 1240 2504 Virg.
1277 2442 1408 2490 Aen.
1445 2440 1502 2500 8,
1539 2439 1670 2492 403:

632 2518 772 2580 iones
802 2517 1115 2576 animaeque.
1120 2513 1141 2578 )

694 2592 763 2640 5-
774 2591 822 2640 8.
865 2590 1053 2639 Nidum
1066 2589 1293 2652 ponitJ«

630 2665 704 2715 ris
726 2665 929 2724 nuntia,
956 2665 1062 2713 iam
1087 2662 1370 2714 nidificat.»
1397 2662 1677 2712 Pandionis

629 2737 733 2788 filia
758 2740 986 2798 Procne,
1025 2735 1346 2788 Philomelae
1375 2749 1545 2798 soror,
1582 2738 1680 2787 Te-

629 2826 729 2877 reo,
759 2813 949 2862 marito
963 2850 976 2871 ,
1013 2812 1267 2862 Thraciae
1305 2825 1433 2874 rege
1447 2849 1460 2871 ,
1503 2810 1677 2875 gladio

630 2900 753 2938 eam
804 2889 1190 2949 persequente,
1245 2886 1298 2935 in
1339 2885 1678 2935 hirundinem

631 2963 714 3011 est
762 2962 993 3020 mutata,
1068 2962 1353 3023 postquam
1397 2972 1676 3019 sororem,

631 3034 717 3083 cui
766 3032 850 3082 ille
899 3034 1010 3083 vim
1059 3032 1307 3083 intulerat
1337 3031 1679 3098 linguamque

631 3110 971 3166 exsecuerat,
1023 3105 1197 3156 ultura
1250 3109 1368 3169 Ityn
1412 3106 1579 3158 filium
1631 3108 1681 3157 ei

632 3179 958 3245 epulandum
993 3184 1330 3244 apposuerat.
1378 3181 1526 3231 Ovid.
1553 3183 1677 3232 Met.

632 3257 681 3315 6,
711 3253 808 3305 424
826 3266 907 3318 sq.
937 3258 992 3304 et
1006 3257 1230 3305 Pausan.
1262 3255 1307 3314 4,
1333 3256 1382 3314 5,
1408 3253 1455 3305 4.
1486 3255 1681 3305 Contra

630 3328 938 3394 Apollonius
1005 3329 1238 3380 Rhodius
1306 3330 1359 3378 in
1414 3326 1680 3380 Κταύνου

632 3405 817 3455 κτίσει
850 3404 993 3468 apud
1028 3403 1273 3454 Parthen.
1323 3404 1410 3453 44.
1400 3418 1411 3428 ·
1470 3402 1683 3454 Κλαῖεν

636 3473 957 3544 ἀηδονίδων
994 3475 1416 3546 θαμινώτερον,
1451 3476 1561 3528 αἴτ’
1596 3477 1683 3529 ἐνὶ

633 3549 868 3625 βήσσῃς
899 3552 1150 3619 Σιθονίῳ
1184 3549 1376 3624 κούρῳ
1411 3555 1538 3623 πέρι
1568 3569 1684 3618 μυ-

633 3629 761 3700 ρίον
789 3606 1110 3691 αἰάζουσιν.
1169 3629 1303 3677 ltem
1331 3627 1559 3678 Achilles
1581 3630 1684 3679 Ta-

632 3705 734 3754 tius
755 3705 814 3764 ὅ,
840 3704 889 3753 5.
929 3717 981 3767 p.
1013 3703 1124 3751 406.
1162 3696 1613 3766 ΙαοοὸεεἝποψ
1648 3699 1683 3753 ὁ

630 3772 798 3848 ἀνήρ,
833 3778 899 3827 αἱ
927 3773 1035 3829 δύο
1066 3780 1349 3844 γυναῖκες,
1387 3774 1687 3843 Φιλομήλα

631 3848 888 3913 χελιδών,
907 3853 1008 3902 καὶ
1020 3848 1256 3923 Πρόκνη
1273 3845 1483 3916 ἀηδών.
1506 3850 1681 3903 Schol.

631 3929 798 3977 Vatic.
837 3927 906 3977 ad
940 3928 1175 3977 Rhesum
1209 3925 1338 3977 547·
1375 3925 1616 3993 Λέγεται
1646 3920 1684 3992 ἦ

631 3996 868 4090 Πρόκνη
930 3997 1078 4066 μετὰ
1142 3996 1211 4050 τὸ
1276 4017 1312 4050 κ
1313 3999 1686 4092 ρεανομηθῆ-

634 4090 730 4126 ναι
762 4068 914 4126 Ἴτυν
963 4071 1067 4125 τὸν
1118 4071 1255 4126 υἱὸν
1295 4015 1418 4127 διὰ
1438 4072 1544 4143 τὴν
1586 4073 1687 4128 λύ-

635 4163 750 4215 πην
781 4146 1223 4215 μεταβληθῆναι
1246 4151 1329 4214 εἰς
1363 4144 1399 4200 ὅ
1400 4167 1549 4222 ρν·ιν
1585 4152 1685 4202 καὶ

636 4221 673 4292 ἡ
707 4224 817 4290 μὲν
859 4221 1096 4296 Πρόκνη
1130 4226 1211 4287 εἰς
1252 4167 1478 4291 ἀηδόνα
1519 4240 1686 4292 μετε-

1266 2588 1552 2648 «Hirundo,
1577 2601 1676 2637 ve-

1748 1691 1976 1761 βλήθη,
2030 1688 2112 1757 ὥς
2153 1694 2252 1745 καὶ
2298 1689 2336 1760 ἦ
2382 1692 2684 1761 Φιλομήλα
2716 1696 2800 1759 εἰς

1750 1766 2033 1829 χελιδόνα.
2093 1771 2205 1819 lam
2252 1770 2376 1833 quia
2420 1768 2506 1820 alii
2555 1772 2799 1822 Procnen

1749 1845 1801 1894 in
1836 1842 2129 1903 lusciniam,
2169 1841 2514 1894 Philomelam
2534 1844 2588 1893 in
2611 1844 2800 1896 hirun-

1751 1917 1930 1968 dinem
1966 1918 2226 1967 mutatam
2261 1919 2502 1977 narrant,
2555 1916 2794 1980 fuerunt,

1750 1993 1843 2056 qui
1877 1991 1930 2041 h.
1957 1990 1990 2041 l.
2019 1991 2087 2041 de
2122 1984 2343 2040 luscinia
2377 1992 2800 2056 interpretaren-

1750 2067 1837 2115 tur
1869 2077 1993 2115 cum
2030 2066 2243 2129 Sappho
2294 2065 2376 2114 Fr.
2422 2065 2503 2115 49.
2573 2066 2799 2117 Schnei-

1750 2139 1915 2190 dew.:
1962 2130 2131 2209 Ἢρος
2178 2131 2452 2204 αγγελος,
2505 2137 2800 2210 ἱμερόφω-

1749 2229 1849 2275 νος
1881 2206 2096 2278 ἀηδών.
2132 2213 2304 2264 Minus
2339 2215 2486 2264 recte
2520 2214 2589 2264 ad
2630 2228 2801 2279 popu-

1748 2287 1918 2338 larem
1951 2290 2097 2337 certe
2129 2287 2462 2350 opinionem,
2501 2300 2641 2351 quae
2674 2290 2798 2339 inde

1746 2361 1816 2412 ab
1838 2358 2154 2433 Εἰρεσιώνῃ
2177 2361 2467 2412 Homerica
2506 2360 2662 2425 longe
2684 2376 2804 2414 sae-

1747 2438 1868 2502 pius
1917 2436 2260 2488 hirundinem
2306 2435 2473 2488 habet
2516 2450 2616 2502 pro
2655 2439 2799 2490 veris

1748 2513 1957 2571 nuntia,
1992 2526 2044 2562 v,
2073 2513 2161 2562 44.
2150 2526 2161 2537 ·
2198 2505 2427 2577 Νεῦμαὶ
2447 2527 2568 2574 τοι,
2593 2510 2802 2577 νεῦμαι

1747 2582 2044 2649 ἐνιαύσιος
2085 2600 2237 2636 ωστε
2267 2584 2523 2646 χελιδών.
2573 2581 2799 2653 ’ΜΕστηκ

1746 2659 1810 2712 ἐν
1859 2657 2200 2747 προθύροις,
2251 2657 2401 2727 ψιλὴ
2437 2658 2636 2725 πόδας.
2694 2664 2801 2713 He-

1752 2736 1889 2787 siod.
1921 2730 2000 2786 Ἢ.
2038 2736 2138 2785 καὶ
2164 2730 2248 2785 ’.Η
2285 2737 2409 2786 568ε
2449 2733 2564 2787 Τὸν
2590 2734 2798 2802 δὲμετ·

1865 2806 2048 2897 ρογόη
2093 2808 2401 2873 Πανδιονὶς
2436 2803 2596 2899 ὦρτο
2645 2809 2802 2871 χελι-

1748 2882 1864 2936 δῶν
1907 2878 2001 2948 ’Eg
2048 2881 2207 2947 φάος
2255 2877 2589 2955 ανθρώκοις
2628 2877 2802 2956 ἔαρος

1749 2962 1883 3012 νέον
1908 2960 2262 3024 ἱσταμένοιο.
2287 2960 2572 3010 Simonidis
2589 2960 2794 3022 Fragm.

1753 3037 1865 3086 424.
1921 3034 2278 3084 Schneidewa
2333 3027 2559 3100 ’Ἀγγελε
2619 3029 2800 3085 κλυτὰ

1748 3105 1924 3183 ἔαρος
1966 3103 2266 3173 ἄδυόδμου
2300 3108 2531 3160 Κυανέα
2562 3106 2796 3168 χελιδοῖ.

1752 3188 1815 3236 Et
1846 3180 2225 3248 χελιδόνισμα
2256 3183 2399 3247 apud
2433 3183 2801 3234 Schneidewin

1752 3259 1866 3311 Del
1877 3273 1931 3323 p.
1947 3258 2315 3323 hennei-3111).
2333 3259 2447 3308 882.
2461 3248 2618 3308 Ἦνθ’
2624 3248 2801 3324 ,ἦνθε

1753 3329 2018 3393 χελιδών,
2084 3327 2280 3393 Καλὰς
2333 3347 2487 3403 ωρας
2540 3326 2798 3399 ἄγουσα,

1754 3403 1986 3469 Καλοὺς
2018 3404 2318 3468 ἐνιαυτούς
2351 3404 2470 3457 κτλ.
2500 3434 2555 3443 -
2583 3408 2800 3457 Nativae

1755 3480 2101 3547 simplicitatis
2153 3482 2430 3545 antiquum
2481 3481 2564 3532 est
2606 3494 2802 3533 monu-

1756 3558 1998 3606 mentum
2030 3553 2292 3607 Volcense
2314 3557 2443 3606 Δηη.
2475 3556 2632 3605 lastis.
2655 3555 2797 3604 arch.

1755 3629 1867 3681 Vol.
1908 3631 1970 3679 11.
2009 3631 2063 3680 T.
2102 3627 2185 3679 24.
2232 3630 2404 3691 (Text.
2448 3628 2562 3679 Vol.
2599 3629 2705 3679 VII.
2742 3641 2796 3692 p.

1755 3704 1869 3756 240.
1876 3705 1918 3767 );
1957 3697 2245 3769 Ἕφηβος.
2283 3701 2404 3753 [Ao
2449 3700 2798 3753 ΧΕΛΙΔΟΝ.

1751 3773 1931 3849 Ἀνήρ.
2023 3778 2125 3827 ΝΕ
2191 3777 2340 3828 ΤΟΝ
2392 3774 2798 3827 ΗΕΡΑΚΔΕΑ.

1757 3851 1922 3914 Παῖς.
1962 3846 2798 3923 ΗΑῬΤΕ1.Ἀνήρ.ΕΑΡΕΔΕ.

1756 3927 1843 3979 Bis
1878 3927 2065 3977 Cicero
2099 3925 2242 3976 illam
2275 3928 2417 3978 veris
2439 3927 2678 3977 nuntiam
2698 3922 2803 3974 λα-

1758 3998 2044 4069 λαγεῦσαν
2076 3998 2236 4052 vocat
2264 4002 2332 4052 ad
2350 4003 2451 4052 Att.
2473 4002 2523 4062 9,
2544 4002 2624 4052 48.
2646 4001 2701 4050 et
2719 4000 2799 4059 40,

1756 4078 1805 4127 2.
1843 4078 2025 4128 Horat.
2065 4076 2200 4141 Epp.
2241 4077 2298 4138 4,
2335 4077 2392 4138 7,
2433 4076 2519 4125 ⁴3:
2569 4074 2804 4125 Canule-

1749 4152 2052 4214 phyris-wc
2071 4151 2337 4201 hir-umine
2349 4151 2539 4213 prima.
2558 4173 2615 4184 —
2629 4146 2804 4197 Tertia

1758 4227 1990 4289 denique
2026 4227 2110 4275 est
2151 4224 2361 4276 fabulae
2403 4223 2573 4275 forma
2608 4222 2800 4286 Odyss.
