3234 4975
663 392 786 456 698

1461 395 1719 445 HORATu
1756 395 2008 444 EPODON

989 551 1232 615 Currus
1278 560 1342 614 ct
1386 550 1653 615 intactas
1700 549 1950 615 boves?

904 672 972 737 lo
1017 669 1388 756 Triumphe,
1437 691 1560 736 nec
1602 669 1976 757 Iugurthino
2023 690 2245 756 parem

986 790 1162 856 Bello
1209 791 1549 878 reportasti
1595 790 1861 864 ducem,

907 914 1131 999 Neque
1177 910 1571 986 Africanum,
1621 911 1725 977 cui
1772 932 1972 999 super
2003 910 2459 998 Karthaginem

2734 914 2823 975 ⁵25

989 1032 1200 1096 Virtus
1245 1030 1616 1119 sepulcrum
1662 1031 1966 1098 condidit.

901 1154 1096 1218 Terra
1138 1153 1432 1238 marique
1475 1152 1684 1219 victus
1728 1151 1929 1219 hostis
1975 1153 2211 1240 punico

780 1378 860 1426 22.
899 1376 1076 1425 boves!
1110 1376 1233 1426 LCt.
1276 1401 1328 1411 -
1367 1377 1450 1426 25.
1486 1377 1726 1440 Africano
1760 1376 1832 1426 Sd
1855 1414 1867 1436 ,
1906 1390 1984 1441 pr.
2022 1375 2086 1438 b,
2125 1378 2256 1426 item
2290 1377 2450 1428 LCtF.
2513 1379 2592 1441 (Ut
2628 1392 2750 1437 noS,

717 1465 747 1500 c
770 1488 782 1511 ,
820 1463 956 1500 corr.
994 1449 1063 1510 b,
1103 1449 1270 1501 Codd.
1309 1448 1556 1510 Bentleii,
1595 1449 1827 1501 Oberlini
1862 1451 1900 1500 B
1939 1453 1993 1500 et
2026 1464 2119 1500 sex
2154 1451 2405 1512 Pottierii,
2445 1450 2751 1513 BentleiuS.)

721 1551 773 1560 -
812 1525 910 1589 cut]
948 1539 1044 1587 quo
1079 1523 1314 1575 malebat
1344 1522 1631 1574 Bentleius.
1680 1550 1737 1561 -
1775 1525 1857 1573 27.
1896 1526 2082 1574 Punico
2114 1525 2161 1574 J.

653 1708 723 1783 ἧς
757 1719 818 1767 οἱ
846 1717 1106 1782 βασιλεῖς
1139 1716 1241 1781 τὰς
1276 1719 1342 1769 ἐκ
1374 1717 1488 1768 τῶν
1524 1717 1696 1768 πολέ-
1770 1719 1993 1768 rietinae
2043 1720 2433 1781 sempiternum
2480 1720 2662 1769 essent
2706 1722 2822 1770 Sci-

648 1809 775 1858 μων
810 1787 1045 1857 πομπὰς
1080 1789 1496 1857 πομπεύουσιν.
1536 1821 1591 1830 —-
1622 1795 1700 1842 in-
1770 1792 1943 1857 pionis
1962 1792 2181 1842 minoris
2205 1793 2666 1842 monumentum.»
2687 1792 2816 1842 Vcll.

647 1870 836 1933 tactas]
892 1869 1162 1919 «nondum
1201 1869 1302 1918 sub
1344 1870 1523 1931 iugum
1564 1870 1696 1919 mis-

648 1955 788 1993 sae.»
856 1943 998 2004 Virg.
1045 1944 1135 1991 Ge.
1192 1941 1252 2001 4,
1305 1941 1431 1992 5402
1501 1943 1697 1991 intacta

647 2018 848 2066 totidem
879 2015 1068 2065 comico
1098 2017 1348 2064 iuvencas.
1385 2016 1581 2079 Iniuqos
1612 2017 1698 2066 ho-

646 2091 770 2140 stias
800 2092 957 2137 vocat
991 2089 1223 2139 Macrob.
1272 2091 1378 2138 Sat.
1417 2089 1473 2150 3,
1510 2091 1558 2139 ὅ.
1623 2093 1695 2140 «Α

648 2161 1095 2226 triumphantibus
1129 2162 1231 2212 bos
1273 2162 1394 2212 alba
1438 2168 1492 2213 et
1537 2164 1696 2213 indo-

649 2237 773 2286 mita
798 2237 849 2285 in
876 2236 1128 2300 Capitolio
1152 2237 1412 2288 immolari
1436 2238 1694 2289 solebat.»

648 2313 818 2361 Comi.
857 2312 1015 2368 Cano.

713 2385 932 2435 23-26.
985 2385 1306 2449 Iugurthino]
1350 2388 1504 2437 «Non
1549 2389 1691 2437 tanta

657 2458 819 2521 gloria
893 2458 1236 2522 triumphavit
1291 2460 1523 2519 Marium
1589 2473 1694 2510 non

647 2546 747 2596 par
777 2533 872 2582 fnit
907 2534 1119 2583 Caesari
1155 2536 1333 2583 nostro
1363 2536 1556 2585 Marius
1591 2548 1694 2585 nec

648 2608 824 2669 Scipio
858 2607 1132 2657 Africanus
1166 2608 1390 2658 minor.»
1433 2635 1486 2644 —-
1512 2623 1695 2671 repor-

647 2681 767 2728 lasti
799 2681 997 2744 ducem]
1037 2681 1335 2730 «victorem
1383 2683 1604 2732 Marium
1641 2685 1696 2732 et

648 2757 800 2803 antea
833 2754 1137 2803 Africanum
1171 2756 1461 2814 minorem;
1499 2755 1693 2818 quibus

647 2828 847 2877 Caesar
869 2841 1008 2877 nunc
1028 2827 1344 2878 antecellit.»
1369 2830 1496 2879 Mire
1522 2843 1694 2893 nuper

646 2903 865 2964 quidam
909 2903 1179 2964 exposuit:
1235 2904 1543 2965 «reportasti
1590 2904 1694 2953 du-

646 2988 766 3024 cem
801 2976 1068 3038 captivum
1103 2989 1167 3024 ac
1200 2976 1471 3038 triumpho
1496 2977 1695 3027 ducen-

648 3048 806 3108 dum,
847 3060 912 3096 ex
946 3049 1188 3111 Aegypto
1224 3048 1589 3112 Cleopatram,
1629 3066 1694 3101 ex

645 3122 959 3182 Karthagine
981 3147 1035 3156 —
1058 3124 1260 3183 quem?
1283 3135 1508 3186 quaeso:
1543 3125 1694 3176 «Nul-

645 3193 825 3253 lum»,
874 3193 1043 3256 inquit
1075 3194 1218 3257 ipse,
1274 3199 1529 3259 «praeter
1561 3200 1693 3248 Kar-

645 3268 914 3329 thaginem
950 3268 1173 3330 ipsam.»
1201 3294 1259 3304 —
1287 3271 1429 3320 Lect.
1455 3272 1693 3334 Africano

647 3341 820 3405 (bello)
861 3342 1017 3391 nimis
1051 3342 1214 3391 refert
1245 3344 1553 3406 pedestrem
1578 3342 1712 3395 ora-'

642 3418 844 3467 tionem
861 3418 914 3465 et
936 3419 1214 3480 praeterea
1239 3410 1458 3488 ἄκυρον
1488 3422 1573 3469 est
1593 3433 1691 3482 pro

644 3491 846 3541 Punico.
886 3490 1024 3550 Quid
1056 3490 1258 3541 multa?
1293 3496 1458 3542 Prava
1484 3496 1567 3542 est
1596 3507 1691 3543 ac-

644 3564 1000 3614 commodatio
1018 3564 1087 3613 ad
1103 3579 1154 3613 v.
1176 3567 1487 3630 Iugur-thim.
1508 3591 1561 3601 —
1587 3567 1687 3631 cui]

644 3637 886 3688 Fabellae
929 3639 1149 3689 Acronis
1184 3643 1238 3689 et
1278 3641 1484 3690 Comm.
1524 3641 1686 3705 Cruq.

643 3712 712 3762 de
737 3716 1084 3762 monumento
1101 3714 1347 3763 Africano
1365 3715 1549 3763 maiori
1573 3726 1692 3764 ora-

642 3785 745 3835 culi
781 3785 927 3835 iussu
950 3786 1003 3834 in
1036 3787 1191 3849 portu
1215 3786 1441 3836 Ostiensi
1475 3787 1690 3837 condito

642 3859 699 3907 et
746 3858 1117 3920 Karthaginem
1168 3861 1489 3922 respiciente
1530 3873 1690 3923 prae-

643 3936 727 3983 ter
772 3930 1231 3984 Walckenaerium
1279 3935 1317 3983 Ι.
1354 3944 1408 3997 p.
1446 3934 1559 3983 360.
1598 3948 1691 3984 re-

642 4006 939 4057 centiorum
975 4020 1133 4057 nemo
1166 4008 1275 4058 iam
1301 4007 1464 4058 fldem
1486 4007 1685 4058 tribuit.

647 4109 701 4116 —-
717 4094 867 4143 super
881 4081 1258 4146 Karatayinem]
1281 4096 1477 4146 «super
1494 4081 1686 4143 solum,

641 4155 734 4205 ubi
777 4157 999 4206 steterat
1039 4154 1174 4205 illa.»
1212 4180 1269 4193 —
1315 4156 1493 4221 Vtram]
1543 4156 1692 4207 «Vir-

644 4234 727 4279 tus
763 4229 862 4278 dea
898 4228 1088 4288 voluit,
1148 4231 1208 4279 ut
1238 4231 1566 4293 Karthaginis
1599 4244 1691 4295 pa-

1770 1870 1881 1917 Pat.
1922 1869 1977 1926 4,
2016 1868 2106 1915 ⁴2:
2147 1865 2511 1915 eam-urbm
2541 1867 2708 1928 mayis
2737 1867 2823 1915 in-

1767 1942 1908 1991 vidia
1940 1940 2163 2002 imperii,
2200 1952 2357 2000 quam
2386 1940 2539 1988 unitas
2570 1941 2675 1990 eius
2690 1945 2821 1990 tem·

1764 2017 1906 2078 poris
1936 2016 2122 2064 noxiae
2142 2015 2359 2064 invisam
2387 2016 2609 2064 Romano
2630 2016 2822 2064 nomini

1766 2090 1991 2152 maditus
2022 2090 2220 2138 sustulit
2260 2089 2472 2152 fecitque
2502 2102 2624 2138 suae
2654 2090 2821 2138 virtu-

1769 2165 1833 2213 tis
1879 2169 2277 2224 monumentum,
2337 2165 2468 2224 quod
2512 2164 2687 2225 fuerat
2736 2166 2822 2212 avi

1769 2238 1874 2286 οἱα-ς
1905 2237 2204 2286 clementiae.
2243 2236 2403 2296 1d.2,
2442 2236 2522 2286 40.
2562 2237 2630 2286 de
2666 2240 2825 2287 Pom-

1768 2312 1916 2374 peio:
1936 2317 2053 2373 quot
2068 2316 2244 2372 partes
2264 2315 2519 2359 terranem
2534 2311 2668 2360 orbis
2684 2317 2818 2372 ame,

1768 2386 1969 2435 totidem
2016 2386 2170 2448 (fecit)
2214 2390 2537 2433 monmonta
2577 2386 2822 2436 victoriae

1768 2473 1904 2510 suae.
1949 2484 2002 2495 -
2043 2461 2141 2519 Qui
2190 2458 2370 2522 legunt
2413 2459 2677 2523 Africam,
2735 2460 2822 2510 in-

1770 2537 1953 2599 eptam
1976 2534 2293 2584 sententiam
2316 2535 2625 2584 continuare
2649 2537 2819 2584 coacti

1769 2610 1918 2657 sunt:
1956 2608 2038 2657 cui
2072 2608 2193 2657 bello
2224 2608 2462 2670 Africano
2495 2621 2644 2671 super
2679 2610 2821 2658 Kar-

1767 2682 2019 2744 thamnam
2052 2684 2154 2730 cet.

1834 2756 1916 2805 27.
1968 2756 2049 2805 28.
2113 2756 2295 2819 Ter-ra]
2356 2757 2553 2819 Copiae
2609 2757 2816 2805 Antonii

1768 2832 2078 2889 terrestreS,
2132 2842 2257 2879 cum
2309 2843 2406 2893 per
2446 2833 2656 2893 septem
2701 2830 2818 2879 dies

1769 2916 1894 2952 eum
1919 2905 2344 2966 exspectassent,
2383 2898 2463 2965 ὥς
2485 2898 2694 2954 αὐτίκα
2717 2918 2820 2952 πο-

1768 2975 1871 3026 θὲν
1925 2973 2435 3041 ἐκφανησόμενον,
2473 3004 2504 3014 -
2524 3004 2555 3014 -
2596 2976 2760 3039 τέλος
2784 3006 2813 3016 -

1767 3045 1870 3101 τοῦ
1909 3046 2232 3138 στρατηγοῦ
2275 3049 2548 3101 Κανιδίου
2591 3047 2818 3120 νύκτωρ

1769 3118 2128 3194 ἀποδραντος
2150 3152 2180 3162 -
2201 3152 2231 3162 -
2254 3121 2555 3191 γενόμενοι
2587 3121 2818 3174 πάντων

1763 3194 1972 3270 ἔρημοι
1995 3225 2025 3237 -
2040 3226 2070 3237 -
2092 3196 2170 3265 τῷ
2188 3198 2495 3269 κρατοῦντι
2519 3196 2819 3270 προσεχώ-

1765 3288 1969 3343 ρησαν.
2028 3272 2160 3324 Plut.
2209 3275 2327 3324 Ant.
2366 3275 2445 3324 68.
2504 3300 2559 3310 -
2609 3273 2812 3336 punico]

1769 3360 2070 3413 «purpureo
2094 3360 2136 3397 S.
2160 3349 2411 3397 coccineo
2435 3347 2815 3411 paludamento

1766 3421 2104 3484 imperatoris
2146 3421 2388 3485 deposito
2428 3419 2639 3483 gregale
2678 3419 2817 3484 (pul-

1765 3494 1890 3556 lum)
1928 3508 2114 3558 sagum
2148 3496 2402 3559 sumpsit,
2458 3495 2603 3558 quod
2648 3507 2815 3557 squa-

1765 3568 1891 3619 loris
1926 3569 1981 3618 et
2021 3568 2192 3619 luctus
2226 3569 2436 3631 signum
2471 3571 2665 3619 esset.»
2726 3567 2819 3617 ΑΙ-

1763 3645 1878 3692 tera
1904 3642 2072 3692 forma
2099 3644 2359 3704 puniceus,
2397 3655 2537 3707 quae
2569 3641 2820 3705 frequen-

1765 3718 1867 3766 tior
1923 3717 2005 3765 est
2064 3719 2118 3765 in
2174 3730 2333 3780 prosa
2390 3717 2627 3766 oratione
2690 3716 2813 3778 (cfr.

1764 3789 2005 3842 Muetzell
2030 3790 2099 3839 ad
2125 3791 2366 3840 Curtium
2389 3792 2439 3852 3,
2464 3792 2535 3849 7..
2573 3790 2665 3839 ubi
2699 3791 2818 3853 ipse

1756 3864 2006 3926 puniceis,
2035 3865 2226 3927 Zumpt
2240 3866 2494 3928 punicis),
2532 3865 2695 3913 utitur
2715 3864 2813 3912 Od.

1764 3936 1825 3997 4,
1865 3938 1955 3997 ⁴0,
1993 3937 2043 3988 4.
2106 3936 2343 3999 (Martial.
2388 3939 2445 3998 6,
2492 3939 2582 3987 ⁴⁴:
2642 3938 2724 3985 Vis
2772 3941 2821 3986 to

1757 4024 2104 4074 mur-omn,
2129 4013 2331 4073 Mmo,
2357 4017 2568 4075 sayatus
2586 4009 2816 4073 amornP)

1765 4084 1946 4134 Florus
1964 4083 2013 4144 4,
2037 4086 2118 4145 44,
2139 4084 2188 4134 3.
2217 4085 2287 4134 de
2306 4085 2561 4135 Antonio:
2595 4085 2820 4133 Aureum

1764 4158 1819 4206 in
1849 4171 2010 4207 manu
2047 4159 2309 4218 bacaliam
2361 4160 2431 4208 ad
2464 4159 2605 4208 {atus
2635 4158 2819 4206 acina—

1765 4244 1842 4281 008
1856 4244 1873 4289 ἱ
1918 4244 2185 4295 purpurea
2225 4234 2371 4283 vestis
2414 4230 2691 4297 maenuba-t
2726 4230 2818 4280 ob·
