3234 4975
1196 375 1319 426 Lm.
1354 375 1441 424 IV.
1513 376 1571 425 C.
1608 376 1738 426 xlv.

2480 369 2607 436 6⁴5

938 528 1258 617 Auspiciis
1300 527 1547 616 pepulit
1587 528 1894 596 secundis
1920 579 1935 605 ,

773 695 1178 782 Spectandus
1222 694 1286 761 in
1328 695 1679 763 certamine
1722 695 1946 760 Martio
1966 746 1980 770 ‚

768 816 1017 882 Devota
1064 817 1251 882 morti
1294 825 1560 904 pectora
1602 814 1849 882 liberae

857 936 1128 1015 Quantis
1183 936 1475 1024 fatigaret
1515 935 1756 1014 ruinis3

940 1055 1288 1122 Indomitas
1329 1075 1536 1143 prope
1580 1054 1792 1145 qualis
1832 1056 2042 1123 undas

2525 1058 2610 1123 20

566 1236 644 1286 46.
679 1234 898 1297 reppulit
931 1235 984 1293 S,
1020 1234 1151 1284 redit
1184 1234 1292 1298 (sic)
1328 1234 1386 1284 T.
1443 1261 1498 1271 —
1559 1233 1635 1282 49.
1674 1234 1928 1297 fatigarat
1961 1232 2025 1295 b,
2062 1248 2144 1298 pr.
2182 1237 2235 1296 S,
2258 1233 2366 1296 βκ,
2416 1192 2544 1299 sati:

494 1310 635 1373 parit
667 1309 703 1359 d
737 1311 794 1358 et
825 1321 965 1358 corr.
1002 1308 1068 1366 S.
1108 1307 1184 1357 uti
1217 1305 1435 1357 volebat
1467 1308 1528 1358 N.
1568 1308 1835 1359 Heinsius.
1877 1334 1935 1346 —
1988 1310 2073 1359 20.
2109 1310 2384 1361 Indomitum
2416 1310 2457 1360 T
2489 1312 2545 1361 et

496 1381 766 1434 Bentleius
801 1383 1127 1433 coniectura.
1169 1382 1363 1443 (Ceteri
1397 1381 1506 1432 mei
1538 1382 1851 1447 indomitae.)

434 1541 637 1589 tantam
671 1538 844 1589 solum
867 1537 966 1589 illis
990 1536 1202 1589 cladem
1222 1536 1481 1599 intulisse,

433 1614 688 1677 quantam
738 1613 838 1676 ipsi
888 1611 1174 1672 dederant,
1230 1611 1330 1661 sed
1380 1611 1484 1661 du-

431 1686 601 1751 plam,
653 1687 758 1737 hoc
792 1688 898 1749 est,
952 1700 1076 1737 eam
1108 1699 1214 1737 non
1256 1683 1483 1750 simplici

435 1761 807 1811 reddentem.»
859 1762 1107 1810 Pourm.
1163 1760 1326 1820 «Quia
1360 1758 1484 1822 plu-

434 1848 524 1885 res
579 1835 813 1885 hostium
867 1834 1260 1897 prostraverat,
1317 1846 1482 1897 quam

435 1911 672 1971 (suorum
702 1907 944 1970 militum)
980 1908 1311 1972 perdiderat;
1347 1909 1485 1959 Dru-

430 1996 524 2034 sus
557 1983 699 2033 enim
734 1980 911 2033 laesus
941 1980 1138 2046 placari
1186 1995 1294 2032 non
1323 1984 1484 2045 pote-

431 2058 539 2117 rat,
594 2058 695 2107 nisi
746 2055 940 2121 duplex
990 2055 1089 2108 illis
1130 2056 1351 2107 inferret
1383 2056 1482 2105 da-

431 2142 672 2181 mnum.»
729 2131 899 2181 Con.
940 2132 1096 2189 Cano.
1155 2133 1233 2182 De
1278 2131 1481 2181 rariore

432 2206 827 2256 constructione
886 2206 1002 2266 plus
1052 2206 1161 2255 vice
1214 2217 1312 2269 pro
1368 2203 1484 2266 plus

431 2291 587 2339 quam
627 2279 734 2326 vice
778 2278 874 2328 cfr.
912 2278 1206 2329 Firnhaber
1243 2279 1298 2328 in
1338 2278 1481 2327 Zim—

431 2352 731 2401 mermanni
762 2352 948 2400 Ztschr.
987 2351 1132 2402 4840.
1173 2366 1225 2416 p.
1264 2349 1410 2401 ⁴2⁴4.

500 2422 579 2474 ⁴4.
631 2438 789 2488 prave
829 2425 1096 2491 proelium]
1145 2426 1297 2475 Hunc
1329 2436 1477 2474 num.

431 2498 565 2560 sing.
601 2511 855 2562 premens
891 2501 991 2549 Fea
1016 2500 1291 2550 contendit
1321 2512 1482 2563 prae-

434 2572 678 2623 cedentia
734 2573 1050 2637 exponenda
1113 2587 1269 2625 esse:
1331 2593 1355 2619 a
1375 2586 1480 2623 non

432 2659 540 2697 uno
593 2644 825 2710 proelio,
894 2660 1002 2697 non
1066 2660 1172 2698 uno
1231 2646 1480 2697 conflictu

431 2721 639 2771 Drusus
673 2718 960 2771 debellavit
992 2724 1273 2772 Genaunes
1311 2722 1482 2771 Breu-

432 2807 663 2858 nosque,
710 2807 834 2845 cum
869 2797 1052 2845 contra
1086 2794 1328 2845 Tiberius
1372 2807 1479 2844 uno

431 2869 579 2932 gravi
601 2866 801 2932 proelio
825 2868 1083 2919 devicerit
1105 2869 1315 2928 Raetos,
1344 2879 1480 2931 quos

431 2939 674 3006 pluribus
723 2942 1020 2993 minoribus
1072 2954 1179 2994 non
1235 2942 1482 3006 potuerat

431 3017 637 3067 Drusus
653 3017 898 3080 quamvis
916 3030 1096 3066 acer.»
1147 3016 1348 3066 Verum
1374 3028 1480 3065 non

431 3092 753 3142 meminerat
770 3091 951 3142 Dionis
973 3091 1062 3153 54,
1095 3092 1202 3153 22„
1229 3091 1320 3155 qui
1343 3091 1480 3140 haec

432 3164 592 3215 tradit
625 3165 692 3215 de
725 3164 1052 3216 Neronibus.
1101 3158 1481 3227 Ἔσβαλόντες

430 3229 539 3288 οὖν
571 3237 632 3299 ἐς
662 3235 770 3304 τὴν
820 3239 1027 3325 χώραν
1063 3235 1198 3304 (τῶν
1225 3234 1479 3302 Ῥαιτῶν)

431 3309 795 3371 πολλαχόθεν
827 3306 953 3378 ἅμα
990 3307 1336 3401 ἀμφότεροι,
1372 3306 1481 3363 αὖ·

430 3386 524 3435 τοί
570 3399 632 3434 τε
674 3387 775 3437 καὶ
817 3383 913 3437 διὰ
952 3385 1067 3437 τῶν
1110 3382 1479 3459 ὑποστρατή-

430 3474 578 3525 γων,
628 3460 729 3509 καὶ
774 3452 809 3509 ὅ
851 3476 916 3526 γε
959 3460 1221 3532 Τιβέριος
1252 3463 1352 3512 καὶ
1385 3458 1480 3512 διὰ

429 3531 536 3597 τῆς
598 3531 803 3600 λίμνης
857 3533 1082 3598 πλοίοις
1144 3537 1476 3600 κομισθείς,

430 3601 552 3657 ἀπό
600 3621 662 3656 τε
709 3602 920 3659 τούτου
970 3606 1331 3675 κατέπληξαν
1371 3604 1480 3661 αὐ-

430 3677 597 3744 τούς,
639 3675 720 3743 ὥς
752 3676 1022 3745 ἑκάστοις
1055 3684 1229 3744 σφίσι
1261 3699 1480 3749 συμμι-

430 3751 693 3841 nuruum,
749 3750 890 3817 τούς
932 3771 997 3807 τε
1050 3750 1142 3807 ἀεὶ
1190 3756 1252 3820 ἐς
1273 3763 1480 3843 χεῖρας

439 3822 935 3893 ἀφικνουμένους,
974 3823 1045 3881 οὔ
1068 3825 1352 3894 χαλεπῶς,
1377 3847 1481 3882 ατε

429 3903 882 3969 διεσπασμέναις
897 3909 1026 3993 ταῖς
1042 3900 1321 3970 δυνάμεσι
1337 3922 1503 3982 χρεων-ο

428 3981 663 4046 μένους,
681 3975 1133 4050 κατειργάσαντο
1151 3978 1270 4030 κτλ.
1306 3981 1478 4044 Atque

431 4053 650 4106 omnino
681 4056 840 4118 poeta
875 4055 929 4105 h.
967 4051 1002 4105 l.
1039 4066 1264 4104 numero
1292 4052 1480 4117 plurali

433 4142 558 4179 cum
592 4129 667 4178 uti
703 4141 808 4178 non
843 4130 1048 4192 posset,
1077 4128 1329 4191 proelium
1349 4140 1483 4177 coni-

430 4204 625 4255 mittere
656 4216 756 4268 pro
785 4201 963 4253 bellum
993 4215 1167 4268 perere
1187 4202 1475 4265 usurpavit.

1627 1539 1802 1589 ⁴7-20.
1853 1540 2178 1605 Specmdioe]
2219 1541 2478 1604 «dignus,
2516 1542 2608 1606 qui

1558 1615 1896 1676 spectaretur
1918 1616 2062 1674 tunc,
2090 1627 2213 1665 cum
2233 1615 2475 1679 saciaco-et
2492 1629 2607 1677 eos,

1557 1686 1764 1748 magnis
1820 1685 2062 1738 cladibus
2123 1687 2393 1752 frangeret
2447 1691 2608 1753 atque

1555 1760 1626 1810 ad
1661 1760 2094 1824 desperationem
2126 1763 2448 1825 redigeret.»
2510 1765 2610 1815 Ce-

1555 1834 1733 1883 terum
1783 1837 1907 1884 nota
1970 1833 2407 1898 negligentiorem
2450 1838 2608 1890 huius

1554 1919 1748 1957 versus
1783 1920 2090 1969 caesuram,
2129 1922 2292 1973 quam
2330 1912 2514 1961 tamen
2538 1924 2608 1961 ne

1554 1979 1823 2031 Bentleius
1875 1982 2094 2045 quidem
2142 1983 2505 2047 reprehendit.
2547 2013 2603 2022 —

1553 2055 1708 2104 morti
1729 2082 1760 2092 -
1781 2055 1984 2120 liberae]
2036 2057 2226 2106 «exitio
2270 2071 2391 2108 sese
2437 2059 2609 2109 devo-

1554 2130 1770 2189 ventes,
1808 2130 1866 2179 ut
1899 2129 2091 2180 saltem
2124 2128 2277 2181 liberi
2306 2133 2468 2196 atque
2491 2134 2609 2182 ani-

1555 2202 1659 2251 mis
1693 2202 1872 2252 invicti
1910 2206 2301 2254 morerentur.»
2360 2207 2476 2264 Quo
2521 2206 2610 2256 Ti-

1555 2273 1694 2325 berii
1743 2276 1964 2326 victoria
2014 2278 2184 2327 maior
2239 2278 2606 2342 difficiliorque

1556 2350 1838 2413 appareat,
1877 2350 2118 2412 egregias
2153 2349 2397 2401 hostibus
2426 2351 2610 2403 tribuit

1555 2421 1760 2472 laudeS.
1813 2449 1869 2458 —
1920 2422 2212 2488 Indomitas]
2265 2426 2606 2477 «Furentesm

1555 2498 1739 2547 Senot..
1768 2498 1965 2558 «Quae,
1988 2498 2119 2548 dum
2136 2510 2229 2548 eas
2250 2504 2473 2560 enervet,
2495 2500 2607 2562 (Sic

1554 2568 1877 2639 γυμνάζειν.
1906 2572 2120 2622 Charito
2142 2586 2262 2636 pag.
2292 2574 2404 2623 469.
2431 2575 2600 2638 Lips.:

1555 2641 1772 2709 αὐτοὺς
1818 2643 2172 2713 γυμνάσασα
2214 2642 2308 2697 διὰ
2354 2642 2461 2713 γῆς
2504 2649 2606 2699 καὶ

1550 2718 1893 2786 θαλάσσης.)
1947 2720 2211 2772 violenter
2242 2724 2427 2786 agitat,
2481 2736 2608 2776 cum

1554 2797 1617 2847 iis
1653 2795 1898 2856 luctatur,
1935 2795 2131 2845 Auster
2165 2795 2275 2858 (Οά.
2316 2796 2368 2856 4,
2399 2796 2452 2857 4,
2481 2796 2602 2858 45.),

1554 2870 1853 2921 saeviunt.»
1920 2866 2105 2919 Tibull.
2141 2870 2201 2930 2,
2237 2869 2294 2931 3,
2331 2869 2422 2920 48:
2461 2869 2609 2920 Clau·

1555 2945 1628 2993 dit
1672 2947 1720 2992 et
1761 2943 2058 2992 indonatum
2099 2944 2252 2993 moles
2289 2955 2448 2993 mare.
2517 2945 2607 2993 In-

1555 3018 1770 3067 domitus
1803 3018 1902 3068 etsi
1935 3019 2116 3080 potest
2148 3017 2251 3067 dici
2286 3018 2448 3067 etiam
2479 3030 2607 3067 ven-

1554 3093 1671 3151 tus,
1741 3092 1802 3140 ut
1867 3103 2221 3154 quaecunque
2285 3090 2464 3140 furore
2523 3090 2606 3141 fe-

1556 3167 1744 3215 runtur
1780 3165 1945 3228 (ovid.
1984 3164 2199 3215 Heroid.
2229 3166 2317 3224 45,
2343 3165 2401 3214 9;
2444 3166 2603 3228 Uror,

1552 3245 1609 3289 ut
1642 3239 1895 3290 indemnis
1926 3240 2093 3303 iquem
2124 3239 2464 3292 excreantibus
2496 3241 2607 3291 Eu-

1554 3317 1629 3365 ris
1679 3315 1823 3378 cet.),
1876 3312 2216 3364 nihilominus
2265 3314 2319 3363 h.
2356 3311 2389 3363 l.
2426 3314 2604 3378 potius

1553 3404 1603 3440 v.
1641 3390 1806 3440 undas
1855 3389 2077 3452 requirit
2123 3386 2387 3438 ἐπίθετον
2438 3399 2603 3450 quam

1551 3464 1730 3514 Auster
1770 3474 1870 3525 per
1902 3475 1962 3512 se
1998 3459 2276 3511 violentus.
2349 3460 2603 3509 Ceterum

1555 3534 1906 3588 memorabile
1952 3536 2036 3585 est
2078 3548 2110 3583 a
2155 3533 2286 3584 Cod.
2330 3533 2604 3583 Turicensi

1554 3614 1672 3661 Sec.
1707 3610 1769 3660 X.
1808 3609 2111 3659 confirmari
2152 3604 2374 3657 Bentleii
2419 3607 2605 3655 conie-

1557 3688 1765 3735 cturam
1799 3683 2088 3732 Indomita-5.
2129 3708 2185 3717 —
2214 3693 2377 3742 prope
2421 3679 2601 3745 qualis]

1555 3760 1703 3808 «Non
1726 3756 1944 3806 memini
1967 3768 2056 3805 me
2081 3753 2225 3819 apud
2249 3752 2451 3803 bonum
2474 3759 2603 3817 poe-

1554 3834 1664 3881 tam
1698 3829 1877 3893 legere
1904 3842 2067 3892 prope
2098 3826 2184 3878 vel
2223 3828 2328 3891 sere
2359 3827 2414 3877 in
2447 3840 2600 3879 com·-

1552 3905 1845 3968 paratione.
1902 3904 2014 3954 Hoc
2045 3902 2234 3953 minuit
2266 3901 2597 3965 gravitatem,

1554 3978 1692 4028 adeo
1725 3981 1785 4028 ut
1817 3978 2044 4041 imagine
2079 3977 2255 4026 minus
2288 3975 2598 4039 afficiamur,

1555 4053 1739 4103 moniti
1773 4064 1889 4101 rem
1924 4052 2285 4115 comparatam
2316 4064 2421 4101 non
2443 4049 2601 4114 plane

1555 4129 1735 4176 tamen
1758 4137 1879 4176 esse
1903 4123 2156 4187 similem,
2193 4124 2292 4175 sed
2324 4137 2493 4190 prope
2517 4138 2604 4174 ac-

1555 4200 1770 4252 cedere.
1840 4200 2025 4263 Itaque
2062 4212 2254 4265 prosae
2291 4199 2597 4264 scriptores,
