3234 4975
641 397 764 461 272

1413 398 1668 449 HORATII
1704 398 2041 451 CARMINUM

1111 536 1284 601 More
1331 556 1549 601 comas
1595 533 1863 621 religata
1906 534 2166 600 nodum.

776 733 858 784 24.
896 745 1064 782 comas
1098 733 1171 782 ST
1207 734 1260 781 et
1295 745 1374 795 pr.
1413 730 1481 789 b,
1520 732 1649 780 item
1684 730 1920 796 quinque
1956 729 2214 780 Pottierii:
2261 743 2433 780 comae
2464 732 2522 789 Β,
2560 744 2753 781 contum

709 808 778 859 cd
811 811 866 858 et
897 821 1034 857 corr.
1071 806 1126 867 b,
1164 810 1375 870 septem
1411 811 1579 867 Pott.‚
1636 811 1757 871 Lot,
1795 807 1963 859 Bentl.
2003 808 2057 853 et
2092 806 2156 855 M.
2197 832 2251 841 —
2312 806 2536 868 retem-ta
2570 806 2624 855 T.
2697 833 2750 840 —-

707 884 836 932 nodo
869 880 1035 931 Bentl.
1062 881 1197 931 coni.
1238 884 1291 931 et
1325 883 1388 931 Μ.
1432 882 1509 941 (Ut
1544 896 1666 941 nos»,
1706 896 1892 933 omnes
1929 880 2092 932 nostri
2127 882 2182 929 et
2215 880 2485 942 Pottierii.)

648 1062 914 1110 Laconum
987 1058 1154 1108 choro
1223 1058 1365 1121 apud
1423 1060 1690 1123 Aristoph.

646 1133 864 1196 Lysistr.
929 1132 1089 1182 4346:
1159 1124 1294 1181 Ἀλλ’
1345 1125 1452 1197 ἄγε
1501 1128 1694 1197 κόμαν

645 1203 1094 1276 Παραμπύκιὸδε
1113 1242 1127 1265 ,
1177 1205 1321 1256 unde
1369 1208 1528 1257 crinis
1571 1206 1698 1269 liga-

651 1294 776 1331 men
812 1276 1238 1349 παραμπύκιον.
1324 1281 1437 1330 Mos
1473 1281 1560 1329 hic
1595 1282 1696 1330 La—

648 1356 865 1405 conicus
884 1356 1105 1418 propter
1121 1352 1516 1418 simplicitatem
1532 1367 1694 1418 saepe

647 1428 940 1478 artificibus
957 1440 1173 1491 quoque
1198 1427 1410 1491 placuit.
1449 1430 1532 1477 Sic
1555 1430 1695 1493 picta

649 1505 735 1553 est
784 1501 1022 1552 Atalanta
1073 1504 1126 1551 in
1163 1499 1339 1552 tabula
1375 1504 1697 1566 Pompeiana

648 1580 780 1628 Mus.
837 1576 984 1626 Borb.
1038 1576 1146 1626 VII.
1183 1578 1240 1626 T.
1278 1577 1327 1625 2.
1382 1589 1603 1640 prorsus
1640 1578 1700 1625 ut

651 1650 718 1701 de
755 1651 947 1700 eadem
982 1651 1131 1701 Ovid.
1158 1651 1279 1700 Met.
1319 1651 1376 1709 8,
1414 1651 1543 1702 3⁴8:
1583 1651 1699 1700 Cri-

649 1726 729 1774 nis
760 1729 872 1774 erat
901 1725 1133 1785 simpla,
1170 1725 1356 1773 nodum
1386 1725 1614 1773 collectus
1646 1726 1699 1773 in

650 1813 825 1848 unmn.
880 1797 986 1848 Ctr.
1013 1797 1166 1861 Apul.
1191 1799 1313 1848 Met.
1343 1800 1372 1847 2
1394 1837 1405 1859 ,
1432 1800 1489 1847 9:
1529 1799 1700 1848 Crines

644 1873 922 1935 paullisper
970 1874 1040 1920 ad
1081 1874 1233 1935 finem
1279 1872 1598 1935 conylobatus
1646 1874 1700 1921 in

648 1959 896 1995 stamnum
926 1947 1160 1995 verticem
1187 1948 1346 1995 nodus
1365 1947 1696 1996 ‹isirin-neret.

650 2022 734 2071 Sic
783 2019 1105 2082 Polygnotus
1163 2021 1323 2069 etiam
1375 2019 1699 2082 Polyxenam

649 2094 930 2143 Troianam
964 2093 1294 2157 depinxerat.
1333 2096 1573 2143 Pausan.
1614 2094 1695 2153 ⁴0,

649 2169 748 2218 25:
784 2164 1081 2233 Πολυξένη
1115 2163 1261 2217 κατὰ
1295 2163 1368 2217 τὰ
1398 2167 1699 2231 εἰθισμένα

651 2242 959 2312 παρθένοις
1008 2235 1428 2292 ἀναπέπλεκται
1475 2237 1580 2303 τὰς
1637 2241 1698 2292 ἐν

653 2314 721 2388 τῇ
773 2312 998 2388 κεφαλῇ
1051 2317 1267 2387 τρίχας.
1323 2344 1378 2353 -
1429 2317 1697 2379 Significat

1769 1062 1950 1109 autem
2001 1061 2111 1108 tam
2162 1056 2459 1120 simplicem
2513 1055 2715 1107 cultum
2767 1060 2823 1105 et

1769 1133 1868 1184 sibi
1906 1134 1961 1182 et
1993 1133 2195 1191 amico,
2250 1132 2449 1195 quippe
2501 1144 2627 1180 cum
2671 1133 2822 1179 uter-

1769 1220 1875 1270 que
1927 1206 2279 1271 provectioris
2332 1208 2437 1255 iam
2489 1205 2558 1254 sit
2592 1206 2814 1263 aetatis,

1770 1280 2018 1331 sufficere
2055 1294 2157 1330 nec
2191 1281 2393 1341 requiri
2428 1279 2496 1328 ab
2533 1279 2702 1327 amica
2729 1291 2822 1327 or-

1770 1360 1957 1406 natum
2004 1354 2181 1415 Illum,
2236 1369 2341 1418 qua
2395 1353 2821 1405 adolescentulos

1771 1428 1981 1479 allicere
2018 1427 2145 1479 alias
2180 1428 2366 1480 soleat.
2409 1456 2464 1466 --
2503 1428 2608 1478 Csr.
2661 1429 2822 1476 etiam

1772 1505 2096 1554 contrariam
2130 1504 2416 1565 imaginem
2444 1503 2596 1563 puers·
2620 1503 2821 1564 lonyam

1768 1578 2059 1627 renodantis
2089 1591 2286 1626 comam
2318 1576 2485 1639 Epod.
2522 1577 2574 1625 Η
2598 1614 2609 1636 ,
2636 1577 2719 1625 28.
2762 1602 2815 1610 -—

1773 1651 1940 1714 (Addo
1959 1651 2176 1701 omnino
2193 1664 2376 1700 amare
2395 1654 2582 1713 poetas
2601 1652 2822 1712 propter

1771 1724 2221 1788 pulchritudinem
2271 1726 2539 1773 Lacaenas
2590 1723 2821 1784 virgines

1774 1811 2107 1857 memorare3
2145 1800 2408 1861 Theognis
2427 1798 2571 1847 4002.
2601 1798 2822 1847 Schnei-

1773 1871 1905 1922 dew.
1932 1887 1943 1921 :
2019 1865 2261 1937 Εὗειδὴς
2333 1866 2592 1940 ῥαδιναϊς
2658 1870 2822 1941 χερσὶ

1770 1942 2037 1996 Λάκαινα
2086 1943 2252 2017 κόρη.
2336 1948 2513 1997 «Nosti
2552 1941 2822 2014 Σπάρτην

1771 2018 2257 2086 καλλιγύναικα»)
2282 2022 2455 2071 Animi
2474 2022 2680 2070 tantum
2697 2033 2823 2069 cau-

1773 2108 1832 2145 sa
1856 2096 2152 2144 notandum
2187 2097 2269 2144 est
2292 2108 2511 2144 carmen
2547 2094 2651 2143 hoc
2686 2092 2821 2142 hila-

1773 2182 1895 2219 rum
1929 2171 2089 2232 atque
2115 2168 2329 2231 elegans
2354 2168 2614 2221 normano
2640 2166 2822 2217 Peerl-

1772 2244 1985 2306 kampio
2036 2242 2309 2304 indignum
2373 2243 2587 2291 Horatio
2648 2242 2821 2291 visum

1773 2329 1895 2369 esse
1930 2330 1993 2366 ac
2027 2316 2387 2366 subditicium.

1592 2558 1604 2564 -
1620 2558 1871 2565 M..--——.

1349 2738 2088 2798 Excunsus

1542 2874 1620 2921 Ao
1653 2884 1705 2919 v.
1745 2871 1805 2920 ⁴6
1842 2883 1924 2933 sq.

785 2995 1118 3056 «Assyriaque
1160 2994 1324 3042 nardo
1351 2996 1588 3053 potamus
1620 2990 1786 3054 uncti]
1822 2992 1889 3041 M.
1928 2991 1987 3041 Α.
2044 2991 2417 3041 Dietterichius
2470 2992 2636 3054 (Jahn.
2683 2992 2818 3041 Ann.

656 3080 716 3129 N.
755 3076 869 3127 Vol.
908 3077 989 3126 3⁴.
1029 3090 1081 3140 p.
1120 3076 1228 3138 97.)
1266 3072 1614 3125 scribendum
1661 3075 1849 3123 censet
1891 3073 2192 3147 Assyrigque
2234 3073 2367 3136 (coll.
2406 3076 2585 3124 Horat.
2625 3074 2718 3124 Od.
2758 3076 2819 3124 11.

655 3161 712 3220 7,
747 3161 797 3210 8.
867 3159 979 3210 Tib.
1020 3160 1081 3209 11.
1117 3159 1177 3218 2,
1214 3159 1262 3208 7.
1333 3159 1418 3208 111.
1456 3158 1516 3218 6,
1555 3157 1657 3220 63.)
1681 3196 1693 3217 ,
1740 3156 1910 3220 quod,
1960 3158 2019 3205 ut
2053 3170 2119 3206 ex
2153 3157 2331 3208 addito
2364 3160 2501 3207 uncti
2533 3160 2819 3221 appareat,

657 3257 764 3293 non
814 3242 982 3292 herba
1033 3243 1124 3292 aut
1172 3239 1378 3300 folium,
1441 3238 1540 3290 sed
1594 3243 1926 3302 unguentum
1986 3240 2325 3304 significetur.
2418 3243 2483 3290 At
2539 3253 2838 3290 commune·

657 3329 740 3378 est
770 3328 1077 3390 poetarum,
1133 3325 1192 3374 ut
1236 3337 1341 3373 non
1383 3336 1505 3372 raro
1541 3336 1657 3373 rem
1692 3325 2045 3387 naturamque
2081 3324 2251 3386 ipsam
2288 3324 2595 3374 describant
2626 3324 2826 3387 signifi-

656 3411 828 3460 caturi
861 3410 914 3459 id
948 3408 1092 3473 quod
1128 3407 1250 3458 inde
1287 3407 1538 3457 effectum
1574 3409 1675 3457 est.
1748 3407 1853 3457 Cfr.
1893 3408 2018 3457 Hor.
2058 3407 2153 3458 Od.
2191 3410 2275 3457 III.
2313 3407 2404 3468 29,
2442 3406 2489 3457 4.
2522 3421 2698 3469 pressa
2730 3408 2827 3456 tuis

656 3494 868 3543 balanus
898 3493 1093 3555 capillis
1126 3493 1159 3541 i.
1187 3505 1235 3541 e.
1262 3490 1514 3541 balanum
1548 3503 1592 3540 s.
1632 3489 2061 3555 myrobalanum.
2112 3491 2177 3554 (v.
2216 3489 2344 3541 Plin.
2384 3491 2445 3540 H.
2482 3493 2544 3541 N.
2589 3492 2695 3540 XII.
2739 3489 2821 3541 46.

656 3579 807 3628 Mart.
845 3576 1021 3641 Epigr.
1059 3575 1189 3625 XIV.
1227 3575 1329 3638 57.)
1360 3574 1455 3624 Od.
1494 3575 1533 3623 I.
1571 3573 1667 3635 20,
1706 3573 1787 3623 ⁴0.
1858 3573 2087 3623 Caecuba
2120 3587 2247 3632 uva;
2286 3574 2427 3637 Virg.
2465 3576 2654 3636 Georg.
2692 3575 2731 3622 I.
2770 3573 2819 3622 9.

656 3662 888 3711 inventae
919 3672 1051 3709 uvae
1083 3661 1186 3708 etc.

788 3744 960 3801 Quam
992 3742 1250 3803 Assyriam
1284 3740 1369 3789 hic
1401 3741 1625 3790 nardum
1658 3739 1905 3790 Horatius
1939 3740 2229 3789 nominavit
2261 3739 2498 3790 Indicam
2520 3753 2642 3790 esse
2666 3752 2826 3789 nemo

655 3838 896 3889 unquam
930 3825 1141 3875 videtur
1174 3823 1465 3874 dubitasse.
1538 3823 1643 3872 Sed
1679 3823 1824 3885 quod
1868 3823 1997 3872 dixit
2029 3822 2252 3873 Orellius
2295 3835 2414 3873 esse
2450 3823 2686 3874 Indicam
2722 3836 2827 3873 «ex

659 3909 810 3970 Syria
860 3908 1207 3968 advectam»,
1271 3907 1428 3956 huius
1479 3905 1708 3955 nominis
1762 3903 2057 3969 explicandi
2110 3906 2235 3955 mihi
2287 3905 2386 3955 alia
2437 3906 2569 3956 ratio
2618 3905 2829 3956 videtur

659 3989 890 4041 ineunda
927 4002 1064 4040 esse.

789 4073 1024 4123 Primum
1058 4086 1313 4123 amomum
1345 4072 1505 4122 etiam
1539 4071 1798 4132 Assyrimn
1832 4069 1976 4134 (Pliu.
2018 4072 2077 4121 H.
2106 4074 2165 4122 N.
2193 4072 2297 4121 XII.
2326 4071 2407 4122 28.
2478 4073 2618 4136 Virg.
2645 4071 2823 4135 Eclog.

659 4156 719 4216 3,
755 4155 837 4205 89.
877 4154 931 4215 i,
969 4157 1033 4205 25
1069 4155 1193 4216 etc.)
1247 4156 1391 4205 haud
1425 4154 1587 4205 dubie
1621 4156 1847 4205 Indicum
1880 4156 2003 4216 fuit,
2059 4159 2117 4205 ut
2154 4156 2524 4206 ηιαιοὸαυιηηη
2565 4159 2647 4206 est
2682 4156 2824 4218 (Hor.

661 4239 756 4288 Od.
805 4240 868 4289 Il.
918 4239 975 4298 7,
1024 4239 1122 4301 8.),
1176 4253 1226 4287 v.
1286 4237 1475 4288 Hiillm.
1532 4238 1812 4286 Geschicusa
1860 4239 1907 4286 d.
1962 4239 2146 4300 mech.
2199 4239 2415 4296 Handels
2462 4252 2515 4302 p.
2570 4240 2683 4288 2⁴4.
2766 4239 2830 4288 Et
