3234 4975
536 367 657 431 732
687 381 692 385 ’

1333 367 1592 419 HORATII
1629 366 1883 418 EPODON

619 521 804 588 Mella
845 542 1001 588 cava
1050 533 1307 587 manant
1350 541 1428 587 ex
1474 520 1649 596 ilice,
1699 520 2023 586 montibus
2068 519 2209 586 altis

702 641 891 707 Levis
936 651 1243 729 crepante
1286 641 1548 731 lympha
1593 640 1809 708 desilit
1851 640 2042 728 pede.

619 762 753 830 Illic
798 762 1081 829 iniussae
1127 762 1388 828 veniunt
1431 763 1515 829 ad
1558 761 1828 829 mulctra
1874 760 2201 849 capellae,

704 882 1047 972 Refertque
1091 893 1263 949 tenta
1307 905 1464 971 grex
1506 883 1755 949 amicus
1798 880 2035 960 ubera;

620 1007 751 1072 Nec
795 1006 1202 1093 vespertinus
1247 1002 1694 1090 circumgemit
1737 1023 1929 1067 ursus
1974 1000 2172 1076 ovile,

666 1248 746 1300 48.
782 1248 1002 1313 lympha]
1043 1246 1242 1298 «Codd.
1282 1245 1481 1310 aliquot
1503 1246 1683 1309 (etiam
1712 1244 1768 1307 T)
1791 1245 2075 1307 Nympha.»
2098 1246 2283 1295 Bam-1..
2309 1273 2365 1282 —
2411 1247 2492 1296 5⁴.
2530 1248 2649 1298 ovili

604 1322 719 1383 T,F.
761 1323 953 1385 (Ceteri
987 1322 1121 1382 mei,
1158 1322 1320 1372 etiam
1353 1322 1425 1382 B,
1460 1319 1629 1385 ovile.)

536 1556 675 1607 quae
719 1545 909 1607 sponte
954 1546 1009 1593 et
1050 1544 1162 1594 sine
1208 1543 1454 1593 insitione
1494 1545 1586 1593 aut
1651 1546 1815 1605 prata
1845 1542 2118 1591 Nocturnis
2137 1542 2338 1593 calcata
2367 1543 2505 1605 feris,
2534 1568 2590 1579 —
2617 1544 2720 1593 cir-

535 1618 740 1669 cuitura
773 1620 1093 1680 nascuntur,
1136 1619 1303 1669 durae
1339 1632 1459 1669 esse
1492 1633 1585 1670 so-
1657 1614 1948 1680 cumaemit]
2003 1629 2265 1667 «raucum
2317 1629 2478 1668 suum
2522 1631 2717 1669 sonum

535 1693 644 1744 lent
693 1696 748 1743 et
799 1693 972 1744 fatuae
1025 1706 1089 1743 ac
1140 1694 1244 1744 cito
1294 1693 1579 1754 decidere3

535 1767 607 1817 ibi
623 1805 635 1827 ‚
675 1768 874 1830 inquit,
900 1766 1031 1818 tales
1057 1769 1179 1830 (non
1201 1769 1458 1830 insitivae)
1485 1782 1583 1818 na-

534 1843 781 1900 scuntur,
842 1842 901 1890 ut
955 1842 1115 1891 etiam
1167 1839 1340 1904 pullae
1394 1844 1586 1892 ornent

541 1927 693 1963 suam
727 1913 979 1963 arborem
1015 1927 1116 1964 nec
1139 1914 1404 1976 decidant,
1442 1919 1589 1966 ante-

541 1999 705 2050 quam
739 1986 843 2036 sint
877 1989 1170 2038 maturae.»
1229 1990 1396 2039 Con.
1425 1987 1582 2047 Cimo.

543 2088 596 2096 -
617 2060 777 2122 puua]
818 2059 1126 2123 simpliciter
1147 2061 1410 2124 significat
1444 2075 1588 2112 «ma-

536 2136 763 2183 turam.-
821 2131 1118 2184 Philostrat.
1155 2136 1351 2198 lmagg.
1396 2137 1452 2196 l,
1488 2137 1581 2186 3⁴:

535 2206 688 2259 σῦκα
701 2205 826 2271 μέλ
837 2222 968 2258 ava
990 2201 1115 2276 ὀπῷ
1133 2207 1459 2275 λαβόμενα.
1477 2211 1582 2262 Cir.

538 2283 607 2332 de
642 2283 838 2333 ficuum
872 2284 1116 2334 insitione
1150 2286 1278 2335 Cato
1313 2287 1370 2335 R.
1407 2287 1465 2335 R.
1501 2284 1581 2337 42.

542 2357 749 2407 Colum.
776 2359 835 2417 5,
864 2359 918 2407 44
942 2396 954 2418 ,
982 2359 1028 2407 7.
1063 2387 1116 2394 -—
1153 2357 1322 2421 Mella]
1358 2361 1480 2409 orta
1506 2360 1587 2410 est

538 2431 710 2482 fabula
735 2445 766 2481 a
800 2430 957 2482 melle
980 2445 1142 2497 apum
1167 2434 1582 2484 nemorensium.

538 2505 744 2557 Colum.
772 2506 820 2567 9,
846 2507 894 2555 2.
922 2534 975 2541 -
1003 2508 1145 2556 Levis
1159 2509 1285 2569 cet.]
1324 2509 1584 2558 «maxima

538 2593 661 2630 cum
681 2578 950 2630 celeritate
970 2579 1155 2629 defluit
1171 2581 1238 2630 de
1258 2581 1583 2631 montibusa·

544 2678 599 2689 —
632 2653 781 2717 pede]
836 2655 1126 2716 Propterea
1173 2654 1316 2717 quod
1376 2660 1588 2704 currunt

535 2741 737 2790 aquae,
783 2728 933 2789 pedes
980 2728 1044 2777 iis
1094 2726 1333 2777 tribuunt
1374 2732 1582 2792 poetae.

539 2805 749 2852 Lucret.
786 2803 843 2862 ὅ,
876 2802 990 2851 272.
1033 2814 1326 2866 rursusque
1362 2804 1422 2865 6,
1459 2804 1582 2853 637:

538 2878 710 2941 (aqua)
767 2889 916 2937 super
979 2880 1144 2925 terras
1211 2877 1340 2926 redit
1388 2878 1588 2941 nantino

533 2950 691 3011 dulei,
744 2951 859 3011 Qua
897 2949 985 2998 via
1031 2954 1168 2998 secta
1198 2950 1348 3000 semel
1396 2951 1586 3012 liquido

531 3024 653 3084 podo
693 3022 864 3071 detulit
894 3023 1075 3072 undas.
1140 3023 1280 3086 Virg.
1327 3023 1439 3074 Cul.
1493 3025 1582 3074 ⁴7:

537 3096 887 3155 Castaliaeque
919 3108 1101 3145 sonans
1131 3096 1320 3157 liquido
1348 3099 1474 3158 pede
1506 3100 1587 3148 la-

534 3171 670 3219 bitur
722 3170 876 3218 unda.
965 3170 1253 3233 Compar-at
1317 3173 1584 3225 Mai-cilius

537 3246 661 3306 Reg.
690 3243 746 3303 3,
774 3242 855 3303 ⁴8,
892 3241 982 3293 4⁴:
1028 3238 1197 3308 φωνὴ
1243 3242 1358 3294 τῶν
1392 3244 1586 3296 ποδῶν

535 3315 638 3368 τοῦ
663 3310 854 3367 ὑετοῦ.
893 3343 947 3352 -
988 3314 1299 3378 «Eleganter
1321 3318 1436 3381 ipso
1459 3334 1587 3370 ver-

535 3406 598 3443 su
633 3403 913 3443 susurrum
948 3403 1120 3453 aquae
1156 3389 1446 3443 desilientis
1473 3395 1588 3444 imi-

535 3468 676 3516 tatus
711 3466 844 3516 est.»
891 3464 1059 3515 Con.
1098 3464 1257 3522 Cano.

600 3541 682 3590 50.
726 3541 809 3590 5⁴.
869 3540 1030 3600 tenta]
1092 3537 1269 3589 «lacte
1327 3540 1583 3603 turgida.»

541 3614 617 3665 Cr.
639 3615 780 3676 Virg.
809 3612 918 3664 Ecl.
945 3612 1003 3673 4,
1030 3614 1113 3662 24.
1145 3640 1200 3649 -
1223 3627 1355 3678 arax
1377 3616 1584 3678 amicus]

537 3687 795 3737 «libenter
839 3689 1119 3751 pastorum
1164 3687 1462 3738 commodis
1504 3689 1587 3738 in-

535 3761 778 3812 serviens
829 3761 999 3825 iisque
1050 3762 1333 3824 propterea
1376 3773 1585 3812 carue.»

543 3861 595 3871 —
621 3834 946 3898 vespertinus]
971 3835 1293 3886 adiectivum
1328 3836 1587 3900 temporis

537 3923 634 3973 pro
685 3909 959 3960 adverbio.
1032 3911 1141 3960 Cic.
1193 3923 1290 3973 pro
1341 3909 1444 3960 Mil.
1486 3911 1582 3960 ⁴3:

535 3984 794 4034 nocem-»sis
814 3983 1035 4033 caniba.
1077 3984 1216 4046 Virg.
1246 3986 1339 4034 Ge.
1365 3984 1419 4045 3,
1451 3984 1581 4034 537:

535 4059 648 4108 Non
696 4058 843 4120 lupus
890 4058 1099 4108 insidias
1147 4059 1385 4120 upton-ac
1432 4059 1586 4109 ovilia

533 4134 725 4182 circum
763 4133 866 4182 Nec
908 4132 1142 4196 areqibus
1179 4139 1454 4184 nocturnus
1496 4134 1586 4182 ob-

531 4208 772 4258 ambulat.
827 4206 1179 4258 Nemesianus
1215 4209 1415 4272 Cyneg.
1449 4207 1579 4259 324:

1660 1690 1769 1740 edit
1802 1691 2206 1753 circumvagans
2239 1689 2448 1740 ovilia.-
2516 1692 2602 1741 Sic
2653 1694 2711 1742 et

1657 1764 1744 1814 leo
1766 1777 1961 1828 uomere
1984 1763 2176 1814 dicitur
2197 1777 2228 1813 a
2247 1764 2422 1814 valer.
2446 1765 2629 1816 Flacco
2653 1765 2706 1826 3,

1660 1837 1774 1887 737.
1830 1837 1935 1887 Cir.
1974 1838 2135 1888 etiam
2166 1838 2310 1899 virg.
2348 1841 2479 1888 Aen.
2518 1839 2574 1897 7,
2614 1840 2706 1887 ⁴5:

1660 1911 1873 1975 qemiws
1917 1912 2127 1972 iraeque
2168 1909 2380 1960 boumn.
2441 1913 2518 1962 De
2558 1924 2719 1961 urso-

1660 1998 1783 2035 rum
1816 1998 1949 2035 voce
1983 1986 2123 2047 virg.
2161 1988 2292 2036 Aen.
2331 1986 2388 2045 7,
2429 1985 2506 2036 ⁴8.
2550 1998 2716 2035 usur—

1660 2060 1806 2122 pavit
1836 2073 1886 2109 v.
1917 2060 2135 2120 εαουίνο,
2173 2059 2447 2111 Claudian.
2473 2059 2540 2109 de
2559 2058 2719 2110 Mallii

1662 2134 1821 2183 Cons.
1860 2133 1975 2183 298.
2011 2135 2221 2194 rudere,
2270 2132 2510 2197 volgatus
2545 2135 2715 2184 inter-

1661 2218 1787 2270 pres
1810 2208 1976 2256 lsaiae
2000 2207 2093 2266 59,
2132 2208 2211 2258 Η.
2248 2209 2448 2271 mytra
2484 2206 2720 2257 verbum

1665 2281 1944 2343 proprium
1980 2293 2169 2330 uacare
2201 2279 2287 2331 vel
2321 2294 2517 2344 ungar-e
2552 2280 2719 2331 fuisse

1662 2351 1846 2403 dicunt
1868 2352 2242 2418 Glossographi
2265 2354 2332 2404 de
2357 2354 2578 2405 vocibus
2601 2356 2723 2404 ani·

1662 2425 1900 2477 malium.
1945 2455 1998 2463 -
2037 2409 2179 2493 ovile]
2228 2429 2371 2479 Haec
2417 2428 2573 2478 lectio
2621 2428 2723 2477 fir-

1662 2503 1841 2551 matur
1875 2515 1906 2550 a
1941 2503 2134 2554 nostris
2181 2503 2348 2553 Codd.
2394 2506 2607 2567 praeter
2652 2504 2713 2552 Τ.

1660 2574 1839 2625 Verba
1874 2589 1998 2626 cum
2038 2589 2224 2640 praep.
2262 2577 2453 2626 circum
2487 2588 2722 2639 compo-

1662 2649 1760 2700 sita
1784 2646 2101 2713 plerumque
2119 2653 2311 2713 regunt
2325 2651 2711 2701 accusativum.

1663 2724 1814 2787 (Ovili
1847 2723 2049 2773 dictum
2085 2726 2255 2783 esset,
2296 2727 2356 2774 ut
2389 2724 2536 2773 ovid.
2582 2725 2711 2774 Met.

1662 2796 1723 2859 4,
1744 2798 1865 2847 360:
1904 2798 2564 2862 iuveni-circumstancium.
2593 2798 2707 2847 Liv.

1663 2872 1712 2933 9,
1750 2871 1814 2922 28
1842 2884 1853 2920 :
1887 2872 2121 2935 aedificia
2140 2900 2170 2911 -
2190 2899 2220 2910 -
2241 2874 2563 2923 circumiecta
2594 2886 2717 2921 mu-

1659 2946 1750 2995 ris.
1819 2945 1896 2996 Id.
1935 2945 2026 3008 37,
2063 2946 2154 2998 54:
2212 2960 2344 3009 quae
2379 2974 2409 2984 -
2442 2947 2719 2996 circunda-

1662 3024 1773 3070 cent
1804 3021 2085 3085 Europae.)

1727 3096 1809 3144 52.
1869 3096 1993 3156 alta]
2048 3096 2183 3146 Cum
2234 3098 2345 3146 alca
2398 3093 2718 3159 (promnda)

1662 3167 1731 3218 sit
1762 3169 1985 3229 humus,
2038 3169 2234 3220 absunt
2267 3171 2429 3220 etiam
2460 3169 2679 3232 viperae
2702 3206 2716 3229 ,

1662 3255 1802 3306 quae
1855 3245 2036 3293 amant
2082 3241 2199 3294 loca
2252 3256 2470 3303 saxosa,
2529 3241 2681 3291 arida
2702 3280 2715 3302 ,

1663 3329 1974 3367 cavernosa.
2010 3316 2130 3367 Alta
2151 3316 2308 3368 simul
2343 3315 2603 3379 significat
2623 3328 2725 3366 so-

1659 3392 1773 3442 lum
1796 3404 1918 3442 esse
1950 3390 2350 3442 fertilissimum.
2396 3391 2546 3441 Hom.
2573 3387 2631 3439 11.
2656 3405 2720 3449 σ,

1661 3466 1784 3515 55οτ
1832 3466 2067 3529 τέμενος
2098 3462 2451 3530 βαθυλήϊον.
2516 3464 2718 3514 Aesch.

1659 3541 1835 3589 Prom.
1859 3540 1972 3589 652.
2010 3540 2166 3593 Dind.
2193 3541 2316 3589 Ox.:
2352 3533 2545 3599 βαθὺν
2578 3536 2724 3588 Λει-

1658 3610 1844 3678 μῶνα.
1883 3614 2025 3677 Sept.
2065 3613 2184 3663 adv.
2212 3614 2307 3663 Th.
2343 3613 2465 3663 306:
2516 3608 2717 3672 βαθύ-

1661 3687 1824 3747 χθον’
1860 3682 2016 3737 αἶαν.
2070 3688 2250 3750 Eurip.
2286 3686 2542 3737 Androm.
2579 3685 2716 3736 636:

1662 3758 1938 3825 πολλάκις
1991 3758 2055 3812 δέ
2102 3775 2193 3811 τοι
2244 3756 2413 3831 ,Εήρά
2467 3758 2724 3821 βαθεῖαν

1661 3832 1770 3901 γῆν
1803 3835 2033 3901 ἐνίκησε
2054 3831 2264 3906 σπορά.
2306 3834 2403 3885 Alii
2438 3835 2549 3884 alca
2575 3832 2721 3884 mele

1663 3909 1928 3974 explicant
1951 3908 2221 3971 «excelsa,
2248 3911 2579 3959 montuosa.»
2616 3909 2725 3958 No-

1662 3986 1829 4035 stram
1852 3985 1943 4047 qui
1974 3983 2463 4047 interpretationem
2490 3981 2717 4042 reiiciet,

1664 4057 1879 4108 forsitan
1912 4059 2218 4121 acquiescat
2250 4058 2305 4107 in
2339 4056 2617 4116 Iahniana,
2656 4058 2723 4105 ut

1662 4146 1712 4181 v.
1751 4133 1859 4182 aua
1901 4132 2166 4183 artissime
2213 4132 2457 4194 iungatur
2503 4142 2630 4180 cum
2664 4142 2722 4179 v.

1660 4207 1939 4259 intumescit
1960 4207 2136 4270 sitque
2159 4205 2297 4256 adeo
2333 4218 2431 4270 pro
2455 4203 2727 4255 adverbio
