3234 4975
1226 384 1345 434 LIB.
1384 385 1443 433 11.
1517 386 1574 431 C.
1614 384 1696 433 tx.

965 539 1264 605 Caesaris
1310 550 1374 604 et
1419 538 1694 625 rigidum
1739 538 2080 625 Niphaten,

2487 384 2569 447 26
2581 382 2598 445 l

2531 541 2613 603 ΞΟ

780 698 1177 785 Medumque
1225 696 1463 763 flumen
1508 696 1804 783 gentihus
1850 696 2134 762 additum

435 972 657 1020 Amnenii
703 971 911 1029 Pliasin,
962 971 1135 1020 Parthi
1177 971 1367 1030 liquere
1398 970 1489 1019 Ni-
1565 967 1810 1032 exemplo
1846 967 2032 1020 Tibulli
2070 972 2123 1029 4,
2163 971 2217 1029 3,
2260 972 2352 1021 47:
2390 973 2488 1021 Aut
2520 986 2609 1036 eqo

430 1045 631 1105 phaten.
703 1047 1093 1095 controversus
1117 1049 1297 1095 autem
1320 1057 1483 1108 quam

438 1119 667 1168 maxime
703 1121 786 1168 est
818 1119 969 1169 locus
1006 1121 1146 1181 Virg.
1185 1123 1274 1169 Ge.
1305 1119 1362 1177 3,
1389 1120 1480 1169 30:

432 1194 627 1242 Addam
658 1193 804 1242 urbes
833 1194 982 1242 Asiae
1013 1195 1228 1243 domitas
1252 1194 1484 1255 pulsum-

434 1279 529 1326 que
576 1267 852 1328 Niphaten,
906 1266 996 1317 ubi
1035 1281 1160 1317 cum
1213 1266 1482 1331 plerisque

433 1342 670 1390 montem
706 1340 959 1404 equidem
994 1355 1230 1404 agnosco
1253 1381 1264 1402 ,
1316 1345 1375 1391 ut
1407 1344 1483 1392 si—

432 1416 648 1478 gnificet
680 1418 834 1478 poeta
890 1415 1130 1480 evulsos,
1186 1415 1480 1467 debellatos

433 1504 554 1539 esse
591 1491 705 1539 eius
741 1488 1009 1549 accolas‚n
1062 1492 1163 1540 etsi
1210 1493 1382 1553 Unger
1424 1505 1476 1555 p.

431 1563 545 1613 347.
600 1576 788 1612 rursus
841 1563 908 1612 de
977 1565 1196 1613 flumine
1265 1566 1477 1628 accipit.

432 1637 637 1687 Etenim
673 1636 959 1700 aequales,
1002 1639 1246 1687 Horatius
1283 1642 1338 1688 et
1359 1639 1480 1688 Vir-

431 1710 584 1773 gilius
607 1750 618 1771 ,
657 1711 829 1775 probe
865 1711 1109 1761 sciebant
1141 1716 1381 1763 montem
1416 1712 1480 1762 il-

430 1784 539 1834 lum
589 1798 739 1843 esse,
794 1785 890 1834 sed
943 1800 1008 1835 ex
1058 1800 1246 1836 eorum
1296 1787 1478 1837 verbis

432 1860 639 1907 mature
676 1860 781 1908 iam
816 1873 846 1907 a
870 1862 1237 1910 Grammaticis
1273 1862 1324 1912 in
1349 1876 1479 1923 geo-

430 1932 649 1994 graphia
700 1933 875 1982 minus
916 1934 1145 1984 versatis
1180 1947 1346 1998 prave
1383 1950 1478 1985 ex·

430 2004 635 2069 plicatis
669 2006 811 2070 apud
845 2009 1175 2070 posteriores
1212 2012 1361 2059 ortus
1396 2012 1479 2060 est

430 2080 682 2142 Niphates
735 2080 957 2141 fluvius,
1018 2082 1085 2131 de
1122 2097 1230 2146 quo
1266 2086 1475 2134 certum

430 2153 573 2216 apud
609 2156 953 2218 Geographos
996 2168 1124 2205 vera
1159 2159 1474 2207 auctoritate

432 2227 702 2289 praeditos
745 2229 1107 2280 testimonium
1144 2229 1345 2281 nullum
1380 2246 1475 2281 ex-

429 2303 560 2359 stat;
614 2314 739 2351 nam
786 2302 855 2352 ad
888 2307 1171 2367 poetarum
1206 2304 1354 2355 locos
1388 2319 1478 2355 ac-

426 2377 768 2426 commodata
792 2382 944 2439 sunt,
983 2393 1122 2442 quae
1148 2379 1471 2431 Scholiastae

429 2451 625 2500 Lucani
662 2454 716 2502 et
747 2451 1010 2503 Iuvenalis
1046 2452 1097 2504 ll.
1124 2452 1176 2504 ll.
1216 2454 1469 2512 afferunt;

426 2538 604 2587 neque
653 2526 754 2576 alio
811 2527 1155 2578 fundamento
1213 2531 1469 2590 nituntur,

424 2612 562 2662 quae
624 2600 930 2652 dubitanter
980 2603 1032 2651 h.
1087 2602 1120 2652 Ι.
1174 2607 1350 2654 Acron
1420 2607 1474 2654 et

423 2676 631 2724 Comm.
671 2676 796 2725 Cr.:
834 2677 1066 2738 Scythiae
1095 2680 1337 2740 numum;
1366 2680 1476 2740 ple-

420 2749 567 2808 rique
597 2749 861 2801 Armeniae
886 2757 1103 2801 montem
1118 2758 1318 2813 putant.
1355 2756 1475 2802 Ser-

421 2823 540 2872 vius
574 2823 642 2872 ad
676 2825 816 2887 Virg.
844 2824 879 2874 l.
918 2824 984 2874 l.:
1036 2827 1274 2887 Niphates
1306 2832 1351 2876 et
1370 2831 1474 2892 flu-

418 2897 532 2945 vius
563 2902 633 2946 est
664 2903 711 2946 et
741 2912 899 2948 mons.
936 2899 1121 2949 Vibius
1155 2901 1276 2963 Seq.
1305 2914 1357 2964 p.
1388 2903 1466 2950 45,

422 2970 599 3020 Oberl.
626 2986 636 3019 ε
664 2974 905 3034 Niphates
924 2975 1189 3024 Armeniae
1215 2975 1466 3036 (flumen),

425 3059 493 3094 ex
522 3052 689 3095 monte
719 3048 951 3109 Niphate.
994 3075 1049 3085 —
1088 3050 1201 3098 Iam
1238 3050 1326 3111 qui
1351 3049 1403 3098 h.
1431 3048 1466 3098 1.

420 3132 520 3182 pro
570 3120 733 3170 fluvio
769 3121 1001 3182 habent,
1054 3124 1201 3172 varie
1254 3135 1304 3172 v.
1347 3124 1473 3186 riyi-

419 3195 538 3241 dum
612 3195 1031 3259 interpretantur
1104 3194 1191 3245 vel
1259 3196 1467 3259 «glacie

419 3269 797 3318 constrictum»
823 3308 834 3329 ‚
888 3269 973 3319 vel
1025 3284 1091 3322 ex
1136 3273 1334 3320 Lucani
1367 3271 1473 3320 vol-

413 3347 608 3390 ventem
640 3356 775 3391 saxa
810 3345 1068 3406 «rigidum
1103 3346 1271 3407 saxis,
1309 3358 1470 3394 saxo-

417 3428 570 3464 sum»
596 3455 607 3476 ,
666 3407 1009 3482 vel‘propter
1042 3418 1349 3470 accolarum
1385 3421 1468 3469 in-

416 3491 634 3551 genium
660 3490 953 3552 nserocem‚
981 3492 1247 3544 tumidum
1267 3513 1311 3554 ‚n
1340 3507 1466 3544 cum

414 3564 492 3612 sic
527 3577 742 3627 quoque
768 3565 1143 3629 explicandum
1170 3567 1308 3617 foret
1343 3569 1467 3617 «sri-

414 3636 627 3698 gidum»
683 3653 748 3688 ex
799 3640 947 3689 Statii
992 3638 1158 3690 Theb.
1200 3642 1291 3701 to,
1330 3641 1459 3691 497:

412 3711 663 3772 riyidique
710 3718 919 3763 natator
964 3714 1175 3763 Oebalus
1220 3716 1458 3766 Eurotae.

413 3782 651 3834 Alterum
673 3788 855 3837 autem
889 3785 1090 3840 malum
1115 3801 1181 3837 ex
1208 3787 1333 3838 falsa
1358 3790 1459 3840 hac

415 3858 851 3919 interpretatione
899 3860 1003 3910 hoc
1053 3864 1231 3913 ortum
1282 3866 1365 3912 est
1406 3867 1464 3913 ut

412 3943 579 3994 prave
650 3937 1058 3985 construerent:
1139 3939 1461 3987 «Cantemus

412 4007 634 4067 tropaea
686 4010 741 4056 et
790 4009 1051 4072 Niphaten
1104 4023 1167 4060 ac
1226 4011 1457 4071 Medum,

410 4078 520 4127 duo
573 4078 818 4140 flumina,
890 4085 1179 4146 utrumque
1225 4086 1461 4135 minores

410 4151 629 4204 volvere
654 4157 915 4207 vertices»
953 4161 1057 4208 cet.
1129 4160 1348 4210 Rectam
1372 4174 1461 4209 ra-

413 4227 611 4279 tionem
646 4230 753 4279 iam
788 4243 889 4293 ego
924 4232 1242 4290 iudicaram,
1280 4233 1460 4283 addito

1560 1058 1672 1093 sum
1692 1050 1929 1094 causatus
1959 1059 2076 1094 aves
2106 1051 2195 1095 atat
2228 1047 2398 1095 emim
2430 1049 2564 1107 dira,
2589 1058 2608 1110 ιι

1561 1120 1772 1167 Saturni
1839 1124 1928 1167 aut
1992 1133 2194 1168 sacram
2258 1134 2338 1169 me
2402 1123 2611 1171 tenuisse

1560 1194 1690 1242 diem
1707 1206 1725 1251 ,·
1778 1194 1875 1242 sed
1920 1192 2114 1243 clarius
2150 1196 2310 1244 etiam
2347 1197 2516 1257 Unger
2551 1210 2603 1259 p.

1559 1267 1648 1316 354
1679 1282 1689 1315 :
1731 1268 2053 1318 «Cantemus
2089 1270 2306 1332 tropaea
2342 1273 2395 1318 et
2418 1270 2609 1333 Nipha-

1558 1343 1647 1389 ten
1684 1342 1991 1403 (montem)¹!
2049 1342 2370 1406 Medumque
2407 1342 2608 1392 ssumen

1558 1413 1777 1463 volvere
1813 1417 2046 1465 vertices
2072 1418 2358 1477 minorem,
2397 1420 2455 1465 ut
2477 1419 2610 1466 Pro-

1558 1491 1695 1551 pert.
1737 1490 1793 1548 Ξ,
1833 1490 1886 1547 4,
1928 1491 2020 1539 49;
2097 1492 2212 1539 Non
2262 1504 2352 1553 eqo
2406 1490 2606 1539 Titanas

1555 1576 1786 1610 canerem
1809 1589 1837 1599 -
1860 1589 1917 1623 -,
1954 1564 2068 1611 Non
2098 1568 2284 1612 veteres
2309 1564 2492 1612 Thebas
2519 1577 2606 1613 nec

1552 1636 1831 1699 Peryama,
1868 1652 2046 1686 nornen
2080 1638 2310 1697 Homeri,
2345 1638 2529 1686 Xerxis
2561 1643 2607 1687 et

1553 1711 1764 1772 imperio
1817 1712 1936 1761 bina
1989 1713 2140 1761 coisse
2192 1713 2342 1761 vada.
2436 1713 2492 1771 3,
2543 1714 2602 1773 2,

1554 1785 1616 1832 7:
1688 1786 1754 1834 Et
1808 1787 1965 1835 cecini
2028 1787 2204 1836 Curios
2260 1788 2448 1848 fratres
2497 1813 2525 1823 -
2575 1814 2602 1823 -

1558 1859 1884 1920 Victrice-sque
1937 1874 2112 1909 ’noras
2159 1860 2302 1910 Fabii
2343 1874 2606 1923 puynam·

1551 1946 1646 1992 que
1677 1935 1932 1982 sinistram
1969 1935 2272 1984 Cannensem
2292 1961 2321 1970 -
2343 1961 2372 1970 -
2402 1935 2603 1984 Hanni-

1550 2006 1807 2069 balemque
1838 2009 1995 2058 Lares
2023 2010 2254 2058 Romana
2283 2010 2393 2058 sede
2412 2009 2603 2073 [πραπ-

1549 2086 1644 2139 tes,
1703 2082 1902 2131 Anseris
1956 2088 2002 2132 et
2056 2088 2218 2132 tutum
2281 2096 2400 2132 voce
2451 2084 2601 2145 fuisse

1550 2155 1727 2203 Iovem.
1775 2156 1906 2204 Item
1932 2157 1980 2215 3,
2008 2156 2064 2217 3,
2105 2158 2184 2206 48.
2224 2155 2364 2219 Eleg.
2393 2155 2462 2206 ad
2487 2159 2594 2207 Liv.

1548 2231 1680 2291 Aug.
1718 2230 1831 2278 273.

1612 2378 1696 2426 ⁴24.
1735 2379 1814 2426 22.
1898 2378 2194 2439 Medumque
2223 2380 2424 2443 tttimen]
2461 2381 2596 2429 Sane

1550 2453 1637 2500 est
1669 2452 1995 2515 Euphrates,
2034 2454 2280 2517 proprius
2314 2456 2476 2517 atque
2511 2469 2598 2505 ce-

1548 2523 1938 2576 lebratissimus
1956 2528 2230 2576 Medorum
2251 2529 2362 2576 sive
2382 2530 2600 2578 Partho-

1547 2613 1668 2649 rum
1694 2599 1904 2650 ssuviuS.
1973 2602 2051 2650 De
2076 2601 2266 2650 eadem
2292 2615 2376 2660 re,
2417 2602 2469 2652 id
2494 2607 2592 2664 est,

1548 2674 1615 2722 (le
1670 2675 1845 2722 Crassi
1896 2676 2058 2736 signis
2109 2688 2138 2723 a
2193 2675 2415 2724 Phraate
2450 2691 2496 2724 a.
2538 2691 2590 2725 u.

1548 2746 1661 2796 734.
1717 2748 2138 2818 receptis-virg.
2185 2749 2314 2796 Aen.
2364 2751 2421 2810 8,
2460 2750 2587 2799 726:

1545 2821 1828 2882 Euphrates
1877 2821 1980 2870 ibat
2029 2823 2135 2870 iam
2179 2822 2381 2870 mollior
2427 2823 2588 2872 undis.

1548 2896 1611 2944 Et
1644 2895 1740 2945 cfr.
1778 2896 1910 2958 Epp.
1951 2896 2006 2956 4,
2046 2897 2134 2955 42,
2173 2897 2271 2945 27:
2325 2897 2404 2945 ius
2435 2898 2593 2959 impe-

1543 2971 1778 3030 riumque
1824 2971 2063 3019 Pliraates
2111 2971 2344 3020 Caesaris
2405 2974 2595 3034 accepit

1543 3044 1747 3107 qenibus
1760 3047 1945 3106 minor,
1966 3045 2056 3095 ubi
2084 3046 2206 3095 vide
2228 3045 2407 3097 adnot.
2450 3049 2589 3098 Mon.

1544 3122 1741 3182 Ancyr.
1781 3120 1867 3169 ed.
1907 3122 2087 3170 Franz.
2125 3134 2178 3184 p.
2218 3122 2315 3171 35:
2385 3124 2596 3173 Parthos

1542 3195 1698 3242 trium
1729 3196 2039 3244 evercituum
2059 3197 2402 3247 Romanorum
2433 3199 2596 3260 spolia

1544 3273 1589 3317 et
1603 3271 1752 3332 signa
1767 3270 1973 3319 reddere
1987 3271 2109 3319 mihi
2119 3272 2456 3334 supplicesque
2466 3274 2593 3322 ami·

1541 3344 1716 3392 citiam
1747 3344 1923 3405 popuii
1963 3345 2173 3394 Romani
2200 3352 2370 3408 petere
2415 3348 2555 3410 coe'yi
2572 3361 2590 3404 ,·

1542 3429 1605 3465 ea
1641 3422 1809 3466 autem
1842 3419 1988 3480 siqua
2035 3420 2090 3467 in
2131 3421 2405 3480 penetrati,
2460 3422 2592 3481 quod

1541 3495 1611 3539 est
1645 3492 1699 3540 in
1723 3492 1903 3553 templo
1925 3493 2111 3541 Manis
2136 3494 2333 3553 Ultoris,
2369 3494 2586 3554 reposui.

1540 3563 1639 3613 Alii
1674 3566 2093 3629 interpretantur
2136 3567 2203 3615 de
2251 3566 2413 3615 fluvio
2446 3568 2591 3616 Medo

1541 3639 1592 3687 in
1627 3641 1835 3689 Araxen
1888 3640 2142 3690 influente
2194 3653 2362 3704 prope
2398 3643 2590 3691 Perse-

1540 3711 1701 3776 polin.
1739 3714 1929 3764 Strabo
1955 3716 2033 3764 45.
2061 3728 2113 3779 p.
2135 3714 2248 3763 729.
2287 3718 2362 3763 Ac
2386 3713 2586 3764 dictum

1540 3788 1678 3837 toret
1711 3792 1770 3837 ut
1802 3789 1898 3838 Od.
1937 3789 1994 3848 4,
2032 3788 2092 3848 4,
2131 3788 2227 3837 38:
2302 3789 2590 3838 Metaurum

1533 3864 1735 3926 flumen.
1818 3865 1927 3912 Art.
1953 3864 2095 3926 poet.
2125 3862 2219 3911 ⁴8:
2254 3864 2438 3925 flumen
2461 3864 2588 3913 Rhe-

1538 3950 1685 3994 num,·
1750 3950 1896 3986 mare
1957 3937 2210 3985 Oceanum
2267 3938 2323 3986 et
2377 3937 2582 3988 similia.

1537 4012 1603 4059 At
1637 4023 1830 4073 parum
1866 4009 2124 4060 credibile
2162 4014 2245 4061 est
2278 4010 2346 4060 ab
2372 4012 2585 4061 Horatio

1536 4087 1826 4134 memorari
1861 4085 2061 4134 flumen
2085 4084 2395 4146 obscurum,
2434 4088 2585 4137 cuius

1536 4173 1605 4210 ne
1641 4158 1827 4208 Vibius
1863 4159 2081 4220 quidem
2106 4161 2396 4224 sequester
2430 4175 2584 4210 men-

1536 4235 1736 4284 tionem
1789 4232 1931 4285 t‘ecit.
1992 4262 2045 4272 —
2093 4235 2317 4298 yemibus
2358 4235 2584 4285 additum
