3234 4975
655 432 779 496 580

1426 431 1683 482 HoRA'rn
1719 430 2057 483 CARmNUM

908 586 1342 674 Mavortisque
1387 607 1552 673 puer
1576 638 1590 662 ,
1640 586 1695 651 si
1739 584 2136 652 taciturnitas

912 707 1218 775 Obstaret
1257 708 1503 774 meritis
1547 705 1765 772 invida
1806 704 2107 774 Romuli?

908 831 1214 916 Ereptum
1256 829 1497 916 Stygiis
1544 827 1846 894 fluctibus
1888 829 2175 894 Aeacum

2748 826 2830 890 25

912 951 1125 1018 Virtus
1172 960 1236 1016 et
1278 949 1459 1015 favor
1502 960 1566 1015 et
1607 948 1828 1035 lingua
1869 946 2226 1034 potentium

910 1074 1140 1139 Vatum
1183 1069 1488 1136 divitibus
1532 1078 1873 1136 consecrat
1915 1067 2160 1135 insulis.

904 1192 1184 1279 Dignum
1224 1190 1418 1258 laude
1460 1191 1671 1256 virum
1713 1192 1894 1257 Musa
1937 1198 2112 1257 vetat
2151 1190 2354 1256 mori:

912 1312 1108 1380 Caelo
1153 1314 1334 1379 Musa
1376 1310 1546 1379 beat.
1638 1311 1745 1378 Sic
1788 1311 1957 1377 Iovis
2004 1312 2270 1378 interest

908 1433 1159 1521 Optatis
1204 1431 1414 1520 epulis
1458 1432 1732 1519 impiger
1776 1431 2120 1507 Hercules,

2745 1430 2829 1495 30

909 1553 1169 1622 Clarum
1212 1552 1620 1642 Tyndaridae
1665 1552 1846 1619 sidus
1891 1552 1973 1619 ab
2018 1551 2250 1618 infimis

908 1678 1196 1755 Quassas
1239 1674 1520 1761 eripiunt
1561 1673 1960 1761 aequoribus
2002 1683 2215 1750 rates,

788 1875 870 1926 25.
906 1871 1142 1936 Aeacum]
1180 1884 1395 1934 aequum
1427 1872 1484 1921 T.
1528 1898 1583 1906 —
1621 1871 1704 1920 26.
1733 1883 1902 1933 pavor
1934 1870 1990 1920 Τ.
2034 1896 2088 1907 -
2126 1869 2208 1919 29.
2244 1868 2429 1920 boatus.
2467 1870 2553 1920 Sic
2585 1871 2641 1920 T.

651 2052 898 2102 maneret
918 2051 1081 2100 etiam
1102 2046 1355 2099 Romulus
1371 2086 1383 2109 ,
1420 2048 1521 2099 nisi
1554 2046 1703 2098 cele-

655 2123 843 2174 bratus
879 2126 1025 2174 esset
1055 2137 1086 2173 a
1119 2123 1291 2187 poetis
1313 2161 1325 2184 ,
1382 2124 1701 2187 praesertim

650 2199 720 2249 ab
746 2198 913 2249 Ennio
937 2197 1080 2261 apud
1104 2197 1214 2246 Cic.
1252 2197 1320 2246 de
1351 2198 1477 2261 Rep.
1516 2200 1570 2259 4,
1595 2197 1653 2249 44
1683 2210 1694 2246 :

653 2274 695 2323 0
731 2272 971 2333 Romule,
1006 2270 1210 2321 Romulo
1255 2271 1365 2333 dio,
1412 2273 1622 2334 Qualem
1654 2277 1702 2321 ιο

641 2348 850 2410 patriae
898 2347 1148 2396 custodem
1192 2346 1243 2394 di
1286 2349 1601 2409 genuerunt!
1659 2347 1700 2395 0

642 2427 830 2486 pater,
888 2434 918 2470 ο
966 2421 1196 2484 yenitor!
1269 2434 1299 2470 ο
1348 2434 1572 2486 sanyuen
1624 2421 1700 2470 dis

647 2497 948 2547 oriundum!
969 2520 1027 2531 —
1052 2496 1122 2546 Tu
1136 2495 1428 2557 produxisti
1448 2509 1538 2545 nos
1558 2497 1699 2545 intra

648 2571 851 2621 luminis
883 2581 1019 2619 oras.
1061 2596 1117 2607 —
1175 2570 1219 2618 si
1251 2571 1571 2620 caciaco-nitas
1604 2570 1699 2619 Ob-

644 2649 800 2696 starot
821 2670 850 2681 —
870 2642 1060 2706 invida]
1099 2643 1181 2692 «Si
1203 2644 1403 2705 posteri
1437 2644 1596 2693 invidi
1628 2644 1696 2693 de

647 2732 715 2770 eo
766 2717 1108 2768 tacuissent.»
1163 2716 1268 2766 Cfr.
1312 2717 1407 2766 Od.
1435 2715 1494 2778 4,
1519 2718 1577 2776 9,
1603 2717 1692 2768 33:

645 2793 827 2843 uvidas
865 2790 1153 2840 obliviones.
1192 2788 1462 2840 Victorem
1484 2804 1515 2840 a
1537 2794 1697 2854 poeta

542 2857 545 2858 ⁷
645 2865 978 2917 celebratum
1000 2858 1241 2931 σιγαλὸν
1262 2857 1595 2928 ἀμαχανίαν
1610 2859 1699 2935 ἔρ-

643 2956 727 3008 γῳ
760 2935 1025 3004 φυγόντα
1060 2940 1218 2988 vocat
1251 2938 1505 2990 Pindarus
1539 2940 1692 3002 Pytb.

645 3014 676 3064 9
694 3050 707 3075 ,
745 3013 826 3062 92.

707 3087 773 3136 25
802 3112 833 3123 -
861 3086 943 3136 27.
1012 3084 1257 3147 Aeacum]
1322 3086 1414 3149 qui
1470 3086 1696 3137 immor-

643 3158 828 3210 talitati
894 3160 1237 3209 consecratus
1303 3172 1465 3224 saepe
1524 3158 1697 3210 laudi-

643 3232 749 3283 bus
771 3230 1076 3282 celebratur
1097 3245 1129 3280 a
1151 3232 1377 3282 Pindaro
1393 3270 1406 3295 ,
1447 3231 1565 3284 loco
1592 3235 1698 3285 im·

642 3308 829 3373 primis
882 3304 1097 3357 notabili
1158 3307 1343 3357 Isthm.
1400 3309 1429 3357 7
1486 3306 1568 3372 (al.
1625 3310 1692 3372 8),

644 3381 729 3432 23.
745 3418 757 3442 ,
797 3379 888 3430 ubi
913 3379 981 3430 de
1006 3393 1071 3430 eo
1096 3379 1246 3429 dicit:
1293 3374 1328 3429 ὃ
1351 3381 1451 3431 καὶ
1472 3379 1696 3449 Δαιμό-

641 3468 809 3505 νεσσι
853 3450 1016 3515 δίκας
1043 3450 1343 3523 ἐπείραινε.
1392 3481 1446 3491 -
1508 3456 1692 3520 Virtus]

646 3529 757 3579 «vis
802 3528 1025 3592 ingenii,
1080 3526 1301 3578 facultas
1343 3530 1603 3593 poetica.»
1635 3556 1687 3568 .-

635 3601 941 3665 potentium]
993 3602 1054 3651 ut
1102 3599 1198 3650 od.
1237 3601 1298 3662 3,
1336 3601 1427 3664 30,
1469 3603 1565 3652 ⁴2:
1629 3617 1697 3654 ex

643 3675 818 3725 humili
834 3679 1023 3737 potens.
1092 3675 1315 3724 Potentes
1335 3678 1461 3725 sunt
1479 3679 1691 3739 poetae,

645 3751 911 3813 quatenus
982 3747 1435 3799 immortalitatem
1490 3749 1694 3800 donare

643 3824 889 3888 possunt.
931 3850 986 3860 —
1024 3822 1256 3872 divitibus
1274 3848 1304 3859 ·
1326 3822 1514 3887 insulis]
1554 3824 1695 3874 «ior-

643 3896 891 3947 tunatis».
960 3896 1047 3946 Sic
1091 3897 1199 3947 iam
1249 3897 1418 3960 Epod.
1474 3898 1567 3959 46,
1608 3897 1690 3949 42.

642 3966 748 4033 τὰς
779 3966 1059 4041 μακάρων
1096 3966 1317 4036 νήσους
1358 3974 1689 4021 vocarat.—

641 4045 916 4111 coum-rat]
942 4048 1165 4096 Sanctae
1191 4046 1334 4097 enim
1356 4048 1481 4096 sunt
1504 4059 1693 4097 omnes

643 4119 806 4184 Elysii
838 4119 1083 4170 umbrae.
1139 4121 1246 4170 Cic.
1290 4119 1419 4170 Phil.
1465 4119 1557 4182 44,
1594 4121 1689 4170 ⁴2:

642 4195 930 4258 fortissimi,
984 4194 1104 4243 dum
1132 4195 1355 4255 vixistis,
1409 4208 1542 4244 nunc
1572 4206 1695 4244 voro

645 4270 797 4322 otiam
828 4268 1125 4319 sanctissimi
1157 4267 1351 4318 milites.
1389 4269 1591 4320 Seneca
1625 4268 1692 4330 de

1774 2048 1983 2098 Provid.
2004 2049 2064 2098 2:
2100 2049 2242 2099 Mors
2261 2048 2372 2099 illos
2391 2054 2677 2109 consecrat,
2701 2062 2822 2110 quo—

1771 2137 1890 2173 rum
1930 2124 2124 2173 exitum
2161 2126 2209 2173 οι
2247 2125 2335 2184 qm·
2377 2124 2548 2173 limem
2589 2124 2818 2173 laudam.

1838 2197 1903 2246 28
1925 2222 1955 2233 -
1977 2196 2058 2248 34.
2093 2201 2231 2246 votat
2248 2197 2405 2261 mori]
2443 2198 2597 2247 «Eius
2619 2210 2819 2248 nomen

1773 2270 1989 2320 interire
2021 2283 2294 2333 nunquam
2318 2271 2492 2321 sinit.»
2521 2295 2577 2307 —
2623 2272 2770 2321 Caelo
2791 2297 2823 2308 -

1772 2343 1899 2406 boat]
1953 2344 2039 2394 «in
2090 2343 2238 2394 caelo
2285 2343 2603 2396 collocatum
2645 2345 2822 2395 reddit

1770 2417 2043 2468 beatum.»
2019 2419 2214 2482 ».Epp
2243 2420 2291 2479 4,
2320 2419 2400 2479 48,
2427 2419 2518 2469 75:
2543 2421 2821 2471 Humi-oto

1763 2506 1930 2555 pao-vo
1964 2492 2080 2544 boet.
2143 2456 2307 2556 (ovid.
2348 2507 2413 2545 ex
2454 2495 2617 2545 Ponto
2657 2494 2721 2557 4,
2764 2496 2816 2555 8,

1769 2569 1869 2618 55:
1904 2568 1974 2617 Di
1997 2581 2191 2630 quoquo
2211 2568 2542 2630 comunibus,
2576 2570 2618 2618 si
2637 2569 2720 2631 sas
2750 2574 2820 2619 ost

1770 2643 1954 2703 dicere,
1975 2644 2119 2705 flunt.
2123 2641 2146 2705 )
2183 2667 2238 2679 ·-
2280 2642 2381 2703 Sic]
2417 2656 2517 2706 per
2536 2645 2819 2706 poetarum

1771 2715 2024 2765 carmina.
2066 2740 2122 2752 —
2178 2715 2394 2777 optatis]
2434 2715 2532 2766 «ab
2568 2715 2818 2766 omnibus

1768 2790 1896 2840 viris
1946 2791 2247 2852 generosis,
2324 2791 2415 2853 qui
2483 2790 2646 2841 rebus
2702 2792 2815 2842 suis

1771 2865 1935 2927 gestis
1959 2864 2028 2914 ad
2053 2863 2504 2914 immortalitatem
2526 2865 2815 2928 aspirant.»

1770 2937 2107 2989 Hermannus
2156 2939 2210 2988 in
2252 2951 2390 2989 nova
2436 2951 2533 2989 sua
2567 2940 2819 2991 carminis

1770 3014 2171 3064 constitutione:
2210 3011 2414 3062 Oblatis.
2455 3039 2512 3049 —
2566 3013 2816 3078 Hercules]

1769 3084 2187 3136 pulcherrimam
2217 3086 2502 3149 imaginem
2520 3086 2760 3136 Herculis
2784 3100 2818 3136 a

1770 3161 1893 3210 Iove
1912 3162 1967 3209 et
1982 3160 2210 3210 Victoria
2235 3161 2288 3208 in
2312 3158 2460 3210 caelo
2476 3162 2679 3224 recepti
2693 3159 2818 3210 vide

1770 3232 1914 3297 apud
1938 3231 2177 3283 Gerhard
2201 3234 2406 3296 Vaseny.
2428 3234 2491 3283 11.
2519 3235 2576 3284 T.
2600 3235 2814 3285 CXLIII.

1773 3335 1828 3345 —
1886 3307 2226 3368 Tyndaridae]
2275 3308 2465 3358 Castor
2514 3310 2568 3357 et
2604 3306 2814 3370 Pollux,

1765 3381 1953 3444 fratres
1999 3381 2239 3441 Helenae,
2277 3380 2446 3430 lucida
2477 3381 2672 3442 sidera,
2717 3382 2813 3433 Od.

1771 3456 1828 3516 4,
1857 3454 1915 3516 3,
1940 3456 1989 3505 2.
2033 3482 2088 3493 ·-
2125 3455 2190 3504 ab
2221 3454 2420 3519 infimis]
2456 3455 2656 3506 Eadem
2692 3469 2821 3507 con-

1769 3530 1988 3580 structio
2041 3530 2203 3579 etiam
2252 3529 2306 3578 in
2345 3541 2508 3592 prosa
2555 3530 2813 3581 oratione.

1768 3601 1987 3653 Rutilius
2019 3603 2151 3666 Lup.
2187 3603 2250 3663 2,
2286 3601 2352 3653 4;
2409 3607 2468 3653 ut
2508 3616 2560 3653 so
2602 3616 2637 3652 α
2670 3605 2818 3654 calu-

1766 3676 2098 3726 mniatoribus
2129 3676 2372 3738 eripiatis.
2443 3675 2595 3726 Idem
2622 3678 2682 3739 2,
2715 3678 2812 3727 ⁴6:

1767 3752 1922 3801 socios
1953 3756 2149 3800 nostros
2180 3752 2239 3800 do
2270 3751 2504 3802 servitute
2523 3753 2813 3814 eripuimus.

1774 3852 1827 3860 -
1866 3825 2102 3887 eripiunt]
2139 3825 2361 3874 Theocr.
2399 3826 2495 3886 22,
2541 3826 2627 3875 47;
2682 3819 2817 3873 Ἀλλ’

1768 3911 1954 3962 εμπας
2010 3892 2175 3963 ὑμεῖς
2227 3913 2293 3965 γε
2347 3898 2448 3950 καὶ
2502 3896 2568 3949 ἐκ
2621 3896 2813 3958 βυθοῦ

1768 3964 1959 4023 ἕλκετε
2011 3969 2156 4035 νᾶας
2204 3967 2480 4023 Αὑτοῖσιν
2539 3970 2815 4043 ναύτῃσιν

1768 4039 2062 4112 ὀὶομένοις
2079 4047 2411 4097 θανέεσθαι.
2434 4047 2609 4110 Eurip.
2619 4045 2812 4097 Electr.

1768 4120 1896 4171 990:
1954 4117 2191 4204 κούροιν
2224 4117 2494 4183 Διός,οἳ
2523 4115 2815 4188 φλογερὰν

1767 4194 1948 4278 αἰθέρ’
1984 4192 2047 4245 ἐν
2063 4188 2319 4281 ἄστροις
2349 4194 2622 4256 Ναιουσι,
2669 4192 2816 4262 βρο-

1768 4265 1880 4319 τῶν
1930 4267 1991 4320 ἐν
2043 4263 2186 4332 ἁλὸς
2218 4263 2444 4340 ροθίοις
2478 4263 2661 4334 Τιμάς
2694 4284 2815 4318 σω-
