<?xml version="1.0" encoding="UTF-8"?>
<!DOCTYPE html PUBLIC "-//W3C//DTD XHTML 1.0 Transitional//EN"
    "http://www.w3.org/TR/xhtml1/DTD/xhtml1-transitional.dtd">
<html xmlns="http://www.w3.org/1999/xhtml" xml:lang="en" lang="en">
 <head>
  <title>
</title>
<meta http-equiv="Content-Type" content="text/html;charset=utf-8" />
  <meta name='ocr-system' content='tesseract 3.04.00' />
  <meta name='ocr-capabilities' content='ocr_page ocr_carea ocr_par ocr_line ocrx_word'/>
</head>
<body>
  <div class='ocr_page' id='page_1' title='image "./qhoratiusflaccu05baitgoog_0034.png"; bbox 0 0 3234 4975; ppageno 0'>
   <div class='ocr_carea' id='block_1_1' title="bbox 675 390 754 456">
    <p class='ocr_par' dir='ltr' id='par_1_1' title="bbox 675 390 754 456">
     <span class='ocr_line' id='line_1_1' title="bbox 675 390 754 456; baseline 0.013 -1"><span class='ocrx_word' id='word_1_1' title='bbox 675 390 754 456; x_wconf 70' lang='lat'><strong>⁴6</strong></span> 
     </span>
    </p>
   </div>
   <div class='ocr_carea' id='block_1_2' title="bbox 1442 396 2070 450">
    <p class='ocr_par' dir='ltr' id='par_1_2' title="bbox 1442 396 2070 450">
     <span class='ocr_line' id='line_1_2' title="bbox 1442 396 2070 450; baseline 0.003 -4"><span class='ocrx_word' id='word_1_2' title='bbox 1442 396 1696 447; x_wconf 76' lang='lat' dir='ltr'><strong>HORATn</strong></span> <span class='ocrx_word' id='word_1_3' title='bbox 1735 397 2070 450; x_wconf 72' lang='lat' dir='ltr'>CARMINUM</span> 
     </span>
    </p>
   </div>
   <div class='ocr_carea' id='block_1_3' title="bbox 1048 550 2342 760">
    <p class='ocr_par' dir='ltr' id='par_1_3' title="bbox 1048 550 2342 760">
     <span class='ocr_line' id='line_1_3' title="bbox 1048 550 2243 638; baseline 0.003 -23"><span class='ocrx_word' id='word_1_4' title='bbox 1048 552 1242 617; x_wconf 88' lang='lat' dir='ltr'><strong>lactat</strong></span> <span class='ocrx_word' id='word_1_5' title='bbox 1283 550 1584 628; x_wconf 89' lang='lat' dir='ltr'><strong>ultorem,</strong></span> <span class='ocrx_word' id='word_1_6' title='bbox 1633 572 1835 638; x_wconf 82' lang='lat' dir='ltr'><strong>vagus</strong></span> <span class='ocrx_word' id='word_1_7' title='bbox 1879 564 1945 619; x_wconf 88' lang='lat' dir='ltr'><strong>et</strong></span> <span class='ocrx_word' id='word_1_8' title='bbox 1989 553 2243 619; x_wconf 86' lang='lat' dir='ltr'><strong>sinistra</strong></span> 
     </span>
     <span class='ocr_line' id='line_1_4' title="bbox 1050 671 2342 760; baseline 0.002 -24"><span class='ocrx_word' id='word_1_9' title='bbox 1050 671 1312 737; x_wconf 89' lang='lat' dir='ltr'><strong>Labitur</strong></span> <span class='ocrx_word' id='word_1_10' title='bbox 1355 673 1496 760; x_wconf 89' lang='lat' dir='ltr'><strong>ripa</strong></span> <span class='ocrx_word' id='word_1_11' title='bbox 1539 673 1692 739; x_wconf 90' lang='lat' dir='ltr'><strong>Iove</strong></span> <span class='ocrx_word' id='word_1_12' title='bbox 1736 693 1866 738; x_wconf 90' lang='lat' dir='ltr'><strong>non</strong></span> <span class='ocrx_word' id='word_1_13' title='bbox 1909 672 2221 760; x_wconf 83' lang='lat' dir='ltr'>probante</span> <span class='ocrx_word' id='word_1_14' title='bbox 2266 696 2342 738; x_wconf 89' lang='lat' dir='ltr'><strong>u-</strong></span> 
     </span>
    </p>
   </div>
   <div class='ocr_carea' id='block_1_4' title="bbox 1302 793 1789 860">
    <p class='ocr_par' dir='ltr' id='par_1_4' title="bbox 1302 793 1789 860">
     <span class='ocr_line' id='line_1_5' title="bbox 1302 793 1789 860; baseline 0.002 -3"><span class='ocrx_word' id='word_1_15' title='bbox 1302 793 1522 858; x_wconf 85' lang='lat' dir='ltr'><strong>xorius</strong></span> <span class='ocrx_word' id='word_1_16' title='bbox 1566 795 1789 860; x_wconf 89' lang='lat' dir='ltr'><strong>amnis.</strong></span> 
     </span>
    </p>
   </div>
   <div class='ocr_carea' id='block_1_5' title="bbox 2758 796 2840 859">
    <p class='ocr_par' dir='ltr' id='par_1_5' title="bbox 2758 796 2840 859">
     <span class='ocr_line' id='line_1_6' title="bbox 2758 796 2840 859; baseline 0.012 -1"><span class='ocrx_word' id='word_1_17' title='bbox 2758 796 2840 859; x_wconf 67' lang='lat'><strong>²20</strong></span> 
     </span>
    </p>
   </div>
   <div class='ocr_carea' id='block_1_6' title="bbox 1045 912 2383 1340">
    <p class='ocr_par' dir='ltr' id='par_1_6' title="bbox 1045 912 2383 1241">
     <span class='ocr_line' id='line_1_7' title="bbox 1053 912 2113 990; baseline 0.001 -12"><span class='ocrx_word' id='word_1_18' title='bbox 1053 912 1285 980; x_wconf 83' lang='lat' dir='ltr'><strong>Audiet</strong></span> <span class='ocrx_word' id='word_1_19' title='bbox 1325 913 1501 979; x_wconf 88' lang='lat' dir='ltr'><strong>cives</strong></span> <span class='ocrx_word' id='word_1_20' title='bbox 1545 913 1803 980; x_wconf 82' lang='lat' dir='ltr'><strong>acuisse</strong></span> <span class='ocrx_word' id='word_1_21' title='bbox 1847 913 2113 990; x_wconf 85' lang='lat' dir='ltr'><strong>ferrum,</strong></span> 
     </span>
     <span class='ocr_line' id='line_1_8' title="bbox 1051 1033 2383 1121; baseline 0.002 -24"><span class='ocrx_word' id='word_1_22' title='bbox 1051 1034 1195 1112; x_wconf 91' lang='lat' dir='ltr'><strong>Quo</strong></span> <span class='ocrx_word' id='word_1_23' title='bbox 1239 1054 1468 1120; x_wconf 84' lang='lat' dir='ltr'><strong>graves</strong></span> <span class='ocrx_word' id='word_1_24' title='bbox 1511 1035 1750 1100; x_wconf 79' lang='lat' dir='ltr'>Persae</span> <span class='ocrx_word' id='word_1_25' title='bbox 1795 1033 2024 1100; x_wconf 90' lang='lat' dir='ltr'><strong>melius</strong></span> <span class='ocrx_word' id='word_1_26' title='bbox 2069 1034 2383 1121; x_wconf 87' lang='lat' dir='ltr'><strong>perirent,</strong></span> 
     </span>
     <span class='ocr_line' id='line_1_9' title="bbox 1045 1152 2136 1241; baseline 0.001 -23"><span class='ocrx_word' id='word_1_27' title='bbox 1045 1152 1276 1219; x_wconf 85' lang='lat' dir='ltr'><strong>Audiet</strong></span> <span class='ocrx_word' id='word_1_28' title='bbox 1316 1174 1565 1240; x_wconf 88' lang='lat' dir='ltr'><strong>pugnas</strong></span> <span class='ocrx_word' id='word_1_29' title='bbox 1608 1154 1761 1219; x_wconf 84' lang='lat' dir='ltr'><strong>vitio</strong></span> <span class='ocrx_word' id='word_1_30' title='bbox 1800 1164 2136 1241; x_wconf 87' lang='lat' dir='ltr'><strong>parentum</strong></span> 
     </span>
    </p>

    <p class='ocr_par' dir='ltr' id='par_1_7' title="bbox 1302 1275 1839 1340">
     <span class='ocr_line' id='line_1_10' title="bbox 1302 1275 1839 1340; baseline -0.002 0"><span class='ocrx_word' id='word_1_31' title='bbox 1302 1276 1466 1340; x_wconf 84' lang='lat' dir='ltr'><strong>Rara</strong></span> <span class='ocrx_word' id='word_1_32' title='bbox 1521 1275 1839 1340; x_wconf 80' lang='lat' dir='ltr'><strong>iuventus,</strong></span> 
     </span>
    </p>
   </div>
   <div class='ocr_carea' id='block_1_7' title="bbox 1046 1394 2363 1483">
    <p class='ocr_par' dir='ltr' id='par_1_8' title="bbox 1046 1394 2363 1483">
     <span class='ocr_line' id='line_1_11' title="bbox 1046 1394 2363 1483; baseline 0.001 -22"><span class='ocrx_word' id='word_1_33' title='bbox 1046 1397 1254 1475; x_wconf 89' lang='lat' dir='ltr'><strong>Quem</strong></span> <span class='ocrx_word' id='word_1_34' title='bbox 1298 1406 1485 1462; x_wconf 90' lang='lat' dir='ltr'><strong>vocet</strong></span> <span class='ocrx_word' id='word_1_35' title='bbox 1527 1394 1746 1460; x_wconf 87' lang='lat' dir='ltr'><strong>divum</strong></span> <span class='ocrx_word' id='word_1_36' title='bbox 1789 1395 2071 1483; x_wconf 90' lang='lat' dir='ltr'><strong>populus</strong></span> <span class='ocrx_word' id='word_1_37' title='bbox 2117 1398 2363 1462; x_wconf 89' lang='lat' dir='ltr'><strong>ruentis</strong></span> 
     </span>
    </p>
   </div>
   <div class='ocr_carea' id='block_1_8' title="bbox 2749 1403 2828 1466">
    <p class='ocr_par' dir='ltr' id='par_1_9' title="bbox 2749 1403 2828 1466">
     <span class='ocr_line' id='line_1_12' title="bbox 2749 1403 2828 1466; baseline 0 0"><span class='ocrx_word' id='word_1_38' title='bbox 2749 1403 2828 1466; x_wconf 71' lang='lat'><strong>25</strong></span> 
     </span>
    </p>
   </div>
   <div class='ocr_carea' id='block_1_9' title="bbox 798 1526 2760 1595">
    <p class='ocr_par' dir='ltr' id='par_1_10' title="bbox 798 1526 2760 1595">
     <span class='ocr_line' id='line_1_13' title="bbox 798 1526 2760 1595; baseline 0.001 -14"><span class='ocrx_word' id='word_1_39' title='bbox 798 1532 877 1582; x_wconf 88' lang='grc'><strong>48.</strong></span> <span class='ocrx_word' id='word_1_40' title='bbox 915 1529 1134 1579; x_wconf 70' lang='lat' dir='ltr'><strong>tator-um</strong></span> <span class='ocrx_word' id='word_1_41' title='bbox 1166 1529 1222 1576; x_wconf 87' lang='grc' dir='ltr'><strong>Τ.</strong></span> <span class='ocrx_word' id='word_1_42' title='bbox 1266 1555 1321 1563; x_wconf 91' lang='grc'>-</span> <span class='ocrx_word' id='word_1_43' title='bbox 1359 1528 1440 1576; x_wconf 75' lang='grc'><strong>24.</strong></span> <span class='ocrx_word' id='word_1_44' title='bbox 1478 1527 1601 1576; x_wconf 73' lang='lat' dir='ltr'><strong>civis</strong></span> <span class='ocrx_word' id='word_1_45' title='bbox 1622 1528 1680 1577; x_wconf 90' lang='lat' dir='ltr'><strong>B.</strong></span> <span class='ocrx_word' id='word_1_46' title='bbox 1707 1555 1759 1562; x_wconf 97' lang='lat'><strong>—</strong></span> <span class='ocrx_word' id='word_1_47' title='bbox 1782 1526 1907 1577; x_wconf 84' lang='lat' dir='ltr'><strong>Post</strong></span> <span class='ocrx_word' id='word_1_48' title='bbox 1928 1528 2069 1578; x_wconf 90' lang='lat' dir='ltr'><strong>hunc</strong></span> <span class='ocrx_word' id='word_1_49' title='bbox 2090 1542 2140 1578; x_wconf 79' lang='lat' dir='ltr'><strong>v,</strong></span> <span class='ocrx_word' id='word_1_50' title='bbox 2169 1527 2349 1579; x_wconf 86' lang='lat' dir='ltr'><strong>deficit</strong></span> <span class='ocrx_word' id='word_1_51' title='bbox 2371 1530 2500 1580; x_wconf 90' lang='lat' dir='ltr'><strong>Cod.</strong></span> <span class='ocrx_word' id='word_1_52' title='bbox 2530 1530 2564 1580; x_wconf 91' lang='lat' dir='ltr'><strong>d</strong></span> <span class='ocrx_word' id='word_1_53' title='bbox 2590 1544 2760 1595; x_wconf 87' lang='lat' dir='ltr'><strong>usque</strong></span> 
     </span>
    </p>
   </div>
   <div class='ocr_carea' id='block_1_10' title="bbox 733 1602 1186 1664">
    <p class='ocr_par' dir='ltr' id='par_1_11' title="bbox 733 1602 1186 1664">
     <span class='ocr_line' id='line_1_14' title="bbox 733 1602 1186 1664; baseline -0.007 -10"><span class='ocrx_word' id='word_1_54' title='bbox 733 1605 801 1656; x_wconf 85' lang='lat' dir='ltr'><strong>ad</strong></span> <span class='ocrx_word' id='word_1_55' title='bbox 825 1607 1002 1655; x_wconf 88' lang='lat' dir='ltr'><strong>Carm.</strong></span> <span class='ocrx_word' id='word_1_56' title='bbox 1032 1604 1111 1664; x_wconf 91' lang='grc'><strong>46,</strong></span> <span class='ocrx_word' id='word_1_57' title='bbox 1137 1602 1186 1653; x_wconf 89' lang='grc'><strong>3.</strong></span> 
     </span>
    </p>
   </div>
   <div class='ocr_carea' id='block_1_11' title="bbox 653 1711 1714 4293">
    <p class='ocr_par' dir='ltr' id='par_1_12' title="bbox 660 1711 1714 2894">
     <span class='ocr_line' id='line_1_15' title="bbox 666 1711 1714 1775; baseline -0.005 -8"><span class='ocrx_word' id='word_1_58' title='bbox 666 1721 797 1767; x_wconf 80' lang='lat' dir='ltr'><strong>Aen.</strong></span> <span class='ocrx_word' id='word_1_59' title='bbox 845 1718 892 1775; x_wconf 87' lang='grc'><strong>4,</strong></span> <span class='ocrx_word' id='word_1_60' title='bbox 946 1715 1067 1764; x_wconf 75' lang='lat'><strong>277:</strong></span> <span class='ocrx_word' id='word_1_61' title='bbox 1130 1713 1344 1772; x_wconf 75' lang='lat' dir='ltr'><strong>«Hanc,</strong></span> <span class='ocrx_word' id='word_1_62' title='bbox 1395 1714 1455 1761; x_wconf 86' lang='lat' dir='ltr'><strong>ut</strong></span> <span class='ocrx_word' id='word_1_63' title='bbox 1496 1711 1714 1775; x_wconf 82' lang='lat' dir='ltr'><strong>quidam</strong></span> 
     </span>
     <span class='ocr_line' id='line_1_16' title="bbox 668 1786 1714 1850; baseline -0.004 -10"><span class='ocrx_word' id='word_1_64' title='bbox 668 1792 864 1850; x_wconf 88' lang='lat' dir='ltr'><strong>dicunt,</strong></span> <span class='ocrx_word' id='word_1_65' title='bbox 901 1789 1051 1839; x_wconf 90' lang='lat' dir='ltr'><strong>Iliam</strong></span> <span class='ocrx_word' id='word_1_66' title='bbox 1083 1786 1185 1839; x_wconf 82' lang='lat' dir='ltr'><strong>sibi</strong></span> <span class='ocrx_word' id='word_1_67' title='bbox 1218 1787 1387 1838; x_wconf 81' lang='lat' dir='ltr'><strong>Anien</strong></span> <span class='ocrx_word' id='word_1_68' title='bbox 1424 1786 1548 1836; x_wconf 80' lang='lat' dir='ltr'><strong>fecit</strong></span> <span class='ocrx_word' id='word_1_69' title='bbox 1579 1799 1714 1837; x_wconf 83' lang='lat' dir='ltr'><strong>uxo-</strong></span> 
     </span>
     <span class='ocr_line' id='line_1_17' title="bbox 667 1861 1710 1926; baseline -0.003 -11"><span class='ocrx_word' id='word_1_70' title='bbox 667 1879 808 1926; x_wconf 89' lang='lat' dir='ltr'><strong>rem,</strong></span> <span class='ocrx_word' id='word_1_71' title='bbox 855 1865 915 1912; x_wconf 87' lang='lat' dir='ltr'><strong>ut</strong></span> <span class='ocrx_word' id='word_1_72' title='bbox 946 1861 1057 1923; x_wconf 89' lang='lat' dir='ltr'><strong>alii,</strong></span> <span class='ocrx_word' id='word_1_73' title='bbox 1104 1863 1241 1912; x_wconf 89' lang='lat' dir='ltr'><strong>inter</strong></span> <span class='ocrx_word' id='word_1_74' title='bbox 1280 1874 1414 1924; x_wconf 91' lang='lat' dir='ltr'><strong>quos</strong></span> <span class='ocrx_word' id='word_1_75' title='bbox 1449 1862 1710 1920; x_wconf 84' lang='lat' dir='ltr'><strong>Horatius.</strong></span> 
     </span>
     <span class='ocr_line' id='line_1_18' title="bbox 665 1936 1714 1999; baseline -0.005 -9"><span class='ocrx_word' id='word_1_76' title='bbox 665 1939 920 1990; x_wconf 67' lang='lat' dir='ltr'><strong>Tiberis»</strong></span> <span class='ocrx_word' id='word_1_77' title='bbox 987 1939 1102 1988; x_wconf 88' lang='lat' dir='ltr'><strong>Non</strong></span> <span class='ocrx_word' id='word_1_78' title='bbox 1144 1938 1258 1987; x_wconf 87' lang='lat' dir='ltr'><strong>sine</strong></span> <span class='ocrx_word' id='word_1_79' title='bbox 1302 1939 1415 1987; x_wconf 87' lang='lat' dir='ltr'><strong>arte</strong></span> <span class='ocrx_word' id='word_1_80' title='bbox 1451 1936 1597 1999; x_wconf 81' lang='lat' dir='ltr'><strong>fingit</strong></span> <span class='ocrx_word' id='word_1_81' title='bbox 1628 1936 1714 1986; x_wconf 89' lang='lat' dir='ltr'><strong>Ti-</strong></span> 
     </span>
     <span class='ocr_line' id='line_1_19' title="bbox 663 2011 1708 2073; baseline -0.004 -10"><span class='ocrx_word' id='word_1_82' title='bbox 663 2013 864 2072; x_wconf 89' lang='lat' dir='ltr'><strong>berim,</strong></span> <span class='ocrx_word' id='word_1_83' title='bbox 924 2012 1191 2061; x_wconf 86' lang='lat' dir='ltr'><strong>minorum</strong></span> <span class='ocrx_word' id='word_1_84' title='bbox 1246 2011 1481 2073; x_wconf 87' lang='lat' dir='ltr'><strong>gentium</strong></span> <span class='ocrx_word' id='word_1_85' title='bbox 1527 2011 1708 2070; x_wconf 89' lang='lat' dir='ltr'><strong>deum,</strong></span> 
     </span>
     <span class='ocr_line' id='line_1_20' title="bbox 662 2085 1713 2150; baseline -0.002 -14"><span class='ocrx_word' id='word_1_86' title='bbox 662 2086 732 2136; x_wconf 89' lang='lat' dir='ltr'><strong>ab</strong></span> <span class='ocrx_word' id='word_1_87' title='bbox 768 2099 932 2136; x_wconf 88' lang='lat' dir='ltr'><strong>uxore</strong></span> <span class='ocrx_word' id='word_1_88' title='bbox 968 2086 1250 2150; x_wconf 89' lang='lat' dir='ltr'><strong>imperiosa</strong></span> <span class='ocrx_word' id='word_1_89' title='bbox 1274 2085 1577 2148; x_wconf 86' lang='lat' dir='ltr'><strong>instigatum</strong></span> <span class='ocrx_word' id='word_1_90' title='bbox 1605 2085 1713 2134; x_wconf 89' lang='lat' dir='ltr'><strong>ira-</strong></span> 
     </span>
     <span class='ocr_line' id='line_1_21' title="bbox 661 2160 1711 2224; baseline -0.003 -12"><span class='ocrx_word' id='word_1_91' title='bbox 661 2163 739 2212; x_wconf 88' lang='lat' dir='ltr'><strong>sci</strong></span> <span class='ocrx_word' id='word_1_92' title='bbox 775 2161 914 2218; x_wconf 89' lang='lat' dir='ltr'><strong>Urbi,</strong></span> <span class='ocrx_word' id='word_1_93' title='bbox 953 2174 1115 2224; x_wconf 86' lang='lat' dir='ltr'><strong>quam</strong></span> <span class='ocrx_word' id='word_1_94' title='bbox 1150 2160 1392 2224; x_wconf 79' lang='lat' dir='ltr'><strong>perfluit,</strong></span> <span class='ocrx_word' id='word_1_95' title='bbox 1437 2172 1711 2211; x_wconf 88' lang='lat' dir='ltr'><strong>summum</strong></span> 
     </span>
     <span class='ocr_line' id='line_1_22' title="bbox 662 2232 1706 2286; baseline -0.004 0"><span class='ocrx_word' id='word_1_96' title='bbox 662 2239 844 2286; x_wconf 82' lang='lat' dir='ltr'><strong>autem</strong></span> <span class='ocrx_word' id='word_1_97' title='bbox 887 2236 1113 2286; x_wconf 87' lang='lat' dir='ltr'><strong>deorum</strong></span> <span class='ocrx_word' id='word_1_98' title='bbox 1156 2248 1279 2286; x_wconf 90' lang='lat' dir='ltr'><strong>eam</strong></span> <span class='ocrx_word' id='word_1_99' title='bbox 1318 2233 1519 2285; x_wconf 78' lang='lat' dir='ltr'><strong>salvam</strong></span> <span class='ocrx_word' id='word_1_100' title='bbox 1553 2232 1706 2283; x_wconf 83' lang='lat' dir='ltr'><strong>velle.</strong></span> 
     </span>
     <span class='ocr_line' id='line_1_23' title="bbox 664 2306 1707 2374; baseline 0 -17"><span class='ocrx_word' id='word_1_101' title='bbox 664 2311 903 2360; x_wconf 78' lang='lat' dir='ltr'><strong>«Terreri</strong></span> <span class='ocrx_word' id='word_1_102' title='bbox 952 2311 1184 2374; x_wconf 89' lang='lat' dir='ltr'><strong>luppiter</strong></span> <span class='ocrx_word' id='word_1_103' title='bbox 1235 2310 1386 2360; x_wconf 86' lang='lat' dir='ltr'><strong>iussit</strong></span> <span class='ocrx_word' id='word_1_104' title='bbox 1431 2306 1707 2372; x_wconf 91' lang='lat' dir='ltr'><strong>populum,</strong></span> 
     </span>
     <span class='ocr_line' id='line_1_24' title="bbox 664 2382 1710 2448; baseline -0.005 -14"><span class='ocrx_word' id='word_1_105' title='bbox 664 2398 769 2434; x_wconf 89' lang='lat' dir='ltr'><strong>non</strong></span> <span class='ocrx_word' id='word_1_106' title='bbox 819 2385 1050 2448; x_wconf 75' lang='lat' dir='ltr'><strong>perire.»</strong></span> <span class='ocrx_word' id='word_1_107' title='bbox 1103 2385 1285 2433; x_wconf 76' lang='lat' dir='ltr'><strong>Scaot..</strong></span> <span class='ocrx_word' id='word_1_108' title='bbox 1329 2408 1383 2417; x_wconf 93' lang='lat'>—</span> <span class='ocrx_word' id='word_1_109' title='bbox 1422 2383 1582 2444; x_wconf 85' lang='lat' dir='ltr'><strong>iunge</strong></span> <span class='ocrx_word' id='word_1_110' title='bbox 1627 2382 1710 2430; x_wconf 79' lang='lat' dir='ltr'><strong>m·-</strong></span> 
     </span>
     <span class='ocr_line' id='line_1_25' title="bbox 660 2453 1712 2521; baseline -0.004 -12"><span class='ocrx_word' id='word_1_111' title='bbox 660 2460 819 2509; x_wconf 72' lang='lat' dir='ltr'><strong>mium</strong></span> <span class='ocrx_word' id='word_1_112' title='bbox 850 2458 1076 2521; x_wconf 75' lang='lat' dir='ltr'><strong>querenti</strong></span> <span class='ocrx_word' id='word_1_113' title='bbox 1107 2457 1175 2507; x_wconf 92' lang='lat' dir='ltr'><strong>de</strong></span> <span class='ocrx_word' id='word_1_114' title='bbox 1199 2456 1442 2507; x_wconf 79' lang='lat' dir='ltr'>Caesaris</span> <span class='ocrx_word' id='word_1_115' title='bbox 1466 2456 1632 2506; x_wconf 85' lang='lat' dir='ltr'><strong>caede</strong></span> <span class='ocrx_word' id='word_1_116' title='bbox 1649 2453 1712 2506; x_wconf 82' lang='lat' dir='ltr'><strong>&#39;et</strong></span> 
     </span>
     <span class='ocr_line' id='line_1_26' title="bbox 661 2530 1708 2594; baseline -0.005 -11"><span class='ocrx_word' id='word_1_117' title='bbox 661 2532 924 2583; x_wconf 88' lang='lat' dir='ltr'><strong>bellorum</strong></span> <span class='ocrx_word' id='word_1_118' title='bbox 958 2530 1186 2582; x_wconf 83' lang='lat' dir='ltr'><strong>civilium</strong></span> <span class='ocrx_word' id='word_1_119' title='bbox 1221 2530 1514 2582; x_wconf 82' lang='lat' dir='ltr'><strong>sceleribus</strong></span> <span class='ocrx_word' id='word_1_120' title='bbox 1549 2532 1708 2594; x_wconf 86' lang='lat' dir='ltr'><strong>atque</strong></span> 
     </span>
     <span class='ocr_line' id='line_1_27' title="bbox 662 2605 1712 2665; baseline -0.004 -7"><span class='ocrx_word' id='word_1_121' title='bbox 662 2605 1073 2665; x_wconf 86' lang='lat' dir='ltr'><strong>calamitatibus;</strong></span> <span class='ocrx_word' id='word_1_122' title='bbox 1134 2619 1240 2656; x_wconf 89' lang='lat' dir='ltr'><strong>non</strong></span> <span class='ocrx_word' id='word_1_123' title='bbox 1294 2606 1506 2655; x_wconf 74' lang='lat' dir='ltr'><strong>nimium</strong></span> <span class='ocrx_word' id='word_1_124' title='bbox 1555 2607 1712 2655; x_wconf 77' lang='lat' dir='ltr'><strong>iactat</strong></span> 
     </span>
     <span class='ocr_line' id='line_1_28' title="bbox 662 2678 1708 2740; baseline -0.003 -8"><span class='ocrx_word' id='word_1_125' title='bbox 662 2696 763 2732; x_wconf 90' lang='lat' dir='ltr'><strong>nec</strong></span> <span class='ocrx_word' id='word_1_126' title='bbox 783 2684 995 2732; x_wconf 48' lang='lat' dir='ltr'><strong>nantum</strong></span> <span class='ocrx_word' id='word_1_127' title='bbox 1012 2682 1251 2740; x_wconf 63' lang='lat' dir='ltr'><strong>ultorum</strong></span> <span class='ocrx_word' id='word_1_128' title='bbox 1277 2678 1402 2730; x_wconf 87' lang='lat' dir='ltr'><strong>illud</strong></span> <span class='ocrx_word' id='word_1_129' title='bbox 1426 2683 1481 2729; x_wconf 92' lang='lat' dir='ltr'><strong>et</strong></span> <span class='ocrx_word' id='word_1_130' title='bbox 1502 2684 1708 2730; x_wconf 88' lang='lat' dir='ltr'><strong>rectum</strong></span> 
     </span>
     <span class='ocr_line' id='line_1_29' title="bbox 662 2753 1709 2820; baseline -0.004 -14"><span class='ocrx_word' id='word_1_131' title='bbox 662 2760 747 2807; x_wconf 91' lang='lat' dir='ltr'><strong>est</strong></span> <span class='ocrx_word' id='word_1_132' title='bbox 779 2759 834 2806; x_wconf 87' lang='lat' dir='ltr'><strong>et</strong></span> <span class='ocrx_word' id='word_1_133' title='bbox 866 2756 1115 2820; x_wconf 84' lang='lat' dir='ltr'><strong>simplex,</strong></span> <span class='ocrx_word' id='word_1_134' title='bbox 1162 2756 1297 2805; x_wconf 88' lang='lat' dir='ltr'><strong>haec</strong></span> <span class='ocrx_word' id='word_1_135' title='bbox 1330 2753 1400 2803; x_wconf 89' lang='lat' dir='ltr'><strong>ab</strong></span> <span class='ocrx_word' id='word_1_136' title='bbox 1435 2755 1549 2817; x_wconf 85' lang='lat' dir='ltr'><strong>ipsa</strong></span> <span class='ocrx_word' id='word_1_137' title='bbox 1580 2768 1709 2803; x_wconf 75' lang='lat' dir='ltr'><strong>ver-</strong></span> 
     </span>
     <span class='ocr_line' id='line_1_30' title="bbox 660 2830 1518 2894; baseline -0.003 -13"><span class='ocrx_word' id='word_1_138' title='bbox 660 2831 855 2881; x_wconf 87' lang='lat' dir='ltr'><strong>borum</strong></span> <span class='ocrx_word' id='word_1_139' title='bbox 885 2831 1144 2894; x_wconf 81' lang='lat' dir='ltr'><strong>positione</strong></span> <span class='ocrx_word' id='word_1_140' title='bbox 1179 2830 1518 2893; x_wconf 84' lang='lat' dir='ltr'><strong>respuuntur.</strong></span> 
     </span>
    </p>

    <p class='ocr_par' dir='ltr' id='par_1_13' title="bbox 658 2901 1709 3116">
     <span class='ocr_line' id='line_1_31' title="bbox 727 2901 1709 2966; baseline -0.003 -13"><span class='ocrx_word' id='word_1_141' title='bbox 727 2905 806 2954; x_wconf 92' lang='grc'><strong>48.</strong></span> <span class='ocrx_word' id='word_1_142' title='bbox 840 2904 1016 2966; x_wconf 69' lang='grc' dir='ltr'><strong>υαριισ]</strong></span> <span class='ocrx_word' id='word_1_143' title='bbox 1059 2906 1103 2953; x_wconf 75' lang='grc' dir='ltr'>Α</span> <span class='ocrx_word' id='word_1_144' title='bbox 1145 2901 1297 2953; x_wconf 87' lang='lat' dir='ltr'><strong>solito</strong></span> <span class='ocrx_word' id='word_1_145' title='bbox 1333 2906 1512 2953; x_wconf 87' lang='lat' dir='ltr'><strong>meatu</strong></span> <span class='ocrx_word' id='word_1_146' title='bbox 1546 2901 1709 2951; x_wconf 89' lang='lat' dir='ltr'><strong>aber-</strong></span> 
     </span>
     <span class='ocr_line' id='line_1_32' title="bbox 658 2977 1706 3040; baseline -0.003 -12"><span class='ocrx_word' id='word_1_147' title='bbox 658 2991 784 3028; x_wconf 88' lang='lat' dir='ltr'><strong>rans</strong></span> <span class='ocrx_word' id='word_1_148' title='bbox 807 2978 1073 3028; x_wconf 78' lang='lat' dir='ltr'><strong>sinistram</strong></span> <span class='ocrx_word' id='word_1_149' title='bbox 1095 2977 1285 3040; x_wconf 81' lang='lat' dir='ltr'><strong>ripam,</strong></span> <span class='ocrx_word' id='word_1_150' title='bbox 1323 2990 1463 3039; x_wconf 88' lang='lat' dir='ltr'><strong>quae</strong></span> <span class='ocrx_word' id='word_1_151' title='bbox 1486 2978 1706 3027; x_wconf 85' lang='lat' dir='ltr'><strong>Romam</strong></span> 
     </span>
     <span class='ocr_line' id='line_1_33' title="bbox 659 3050 1253 3116; baseline -0.007 -13"><span class='ocrx_word' id='word_1_152' title='bbox 659 3051 977 3116; x_wconf 86' lang='lat' dir='ltr'><strong>attingebat,</strong></span> <span class='ocrx_word' id='word_1_153' title='bbox 1017 3050 1253 3101; x_wconf 85' lang='lat' dir='ltr'><strong>inundat.</strong></span> 
     </span>
    </p>

    <p class='ocr_par' dir='ltr' id='par_1_14' title="bbox 653 3124 1707 4293">
     <span class='ocr_line' id='line_1_34' title="bbox 726 3124 1707 3190; baseline -0.003 -14"><span class='ocrx_word' id='word_1_154' title='bbox 726 3127 804 3177; x_wconf 86' lang='grc'><strong>49.</strong></span> <span class='ocrx_word' id='word_1_155' title='bbox 840 3127 970 3190; x_wconf 77' lang='lat' dir='ltr'><strong>Iove]</strong></span> <span class='ocrx_word' id='word_1_156' title='bbox 1010 3137 1262 3176; x_wconf 80' lang='lat' dir='ltr'><strong>«summo</strong></span> <span class='ocrx_word' id='word_1_157' title='bbox 1285 3124 1507 3174; x_wconf 85' lang='lat' dir='ltr'><strong>custode</strong></span> <span class='ocrx_word' id='word_1_158' title='bbox 1535 3126 1589 3173; x_wconf 88' lang='lat' dir='ltr'><strong>et</strong></span> <span class='ocrx_word' id='word_1_159' title='bbox 1611 3138 1707 3174; x_wconf 89' lang='lat' dir='ltr'><strong>ae-</strong></span> 
     </span>
     <span class='ocr_line' id='line_1_35' title="bbox 657 3198 1706 3251; baseline -0.004 0"><span class='ocrx_word' id='word_1_160' title='bbox 657 3202 806 3251; x_wconf 87' lang='lat' dir='ltr'><strong>dium</strong></span> <span class='ocrx_word' id='word_1_161' title='bbox 849 3212 1069 3251; x_wconf 88' lang='lat' dir='ltr'><strong>suarum</strong></span> <span class='ocrx_word' id='word_1_162' title='bbox 1112 3201 1167 3248; x_wconf 87' lang='lat' dir='ltr'><strong>et</strong></span> <span class='ocrx_word' id='word_1_163' title='bbox 1210 3199 1366 3249; x_wconf 88' lang='lat' dir='ltr'><strong>totius</strong></span> <span class='ocrx_word' id='word_1_164' title='bbox 1406 3198 1555 3250; x_wconf 90' lang='lat' dir='ltr'><strong>urhis</strong></span> <span class='ocrx_word' id='word_1_165' title='bbox 1599 3201 1706 3249; x_wconf 89' lang='lat' dir='ltr'><strong>Ro—</strong></span> 
     </span>
     <span class='ocr_line' id='line_1_36' title="bbox 655 3272 1702 3338; baseline -0.004 -12"><span class='ocrx_word' id='word_1_166' title='bbox 655 3289 804 3335; x_wconf 87' lang='lat' dir='ltr'><strong>mae,</strong></span> <span class='ocrx_word' id='word_1_167' title='bbox 831 3275 1030 3338; x_wconf 88' lang='lat' dir='ltr'><strong>quique</strong></span> <span class='ocrx_word' id='word_1_168' title='bbox 1054 3274 1107 3322; x_wconf 88' lang='lat' dir='ltr'><strong>in</strong></span> <span class='ocrx_word' id='word_1_169' title='bbox 1129 3273 1516 3336; x_wconf 88' lang='lat' dir='ltr'><strong>sempiternum</strong></span> <span class='ocrx_word' id='word_1_170' title='bbox 1545 3272 1613 3324; x_wconf 90' lang='lat' dir='ltr'><strong>ab</strong></span> <span class='ocrx_word' id='word_1_171' title='bbox 1641 3287 1702 3323; x_wconf 88' lang='lat' dir='ltr'><strong>ea</strong></span> 
     </span>
     <span class='ocr_line' id='line_1_37' title="bbox 658 3346 1699 3411; baseline -0.003 -11"><span class='ocrx_word' id='word_1_172' title='bbox 658 3350 921 3401; x_wconf 81' lang='lat' dir='ltr'><strong>excidium</strong></span> <span class='ocrx_word' id='word_1_173' title='bbox 963 3351 1161 3398; x_wconf 75' lang='lat' dir='ltr'><strong>arcet.»</strong></span> <span class='ocrx_word' id='word_1_174' title='bbox 1202 3374 1257 3383; x_wconf 91' lang='lat'>—</span> <span class='ocrx_word' id='word_1_175' title='bbox 1294 3346 1522 3411; x_wconf 56' lang='lat' dir='ltr'><strong>uxorius]</strong></span> <span class='ocrx_word' id='word_1_176' title='bbox 1558 3348 1699 3410; x_wconf 81' lang='lat' dir='ltr'><strong>virg.</strong></span> 
     </span>
     <span class='ocr_line' id='line_1_38' title="bbox 655 3423 1707 3485; baseline -0.004 -9"><span class='ocrx_word' id='word_1_177' title='bbox 655 3428 786 3476; x_wconf 74' lang='lat' dir='ltr'><strong>Aen.</strong></span> <span class='ocrx_word' id='word_1_178' title='bbox 834 3423 884 3485; x_wconf 77' lang='lat'><strong>4,</strong></span> <span class='ocrx_word' id='word_1_179' title='bbox 929 3424 1053 3474; x_wconf 70' lang='lat'><strong>266:</strong></span> <span class='ocrx_word' id='word_1_180' title='bbox 1093 3423 1454 3485; x_wconf 78' lang='lat' dir='ltr'><strong>pulchramque</strong></span> <span class='ocrx_word' id='word_1_181' title='bbox 1491 3424 1707 3473; x_wconf 66' lang='lat' dir='ltr'><strong>amorius</strong></span> 
     </span>
     <span class='ocr_line' id='line_1_39' title="bbox 655 3492 1704 3567; baseline -0.004 -17"><span class='ocrx_word' id='word_1_182' title='bbox 655 3500 826 3550; x_wconf 74' lang='lat' dir='ltr'><strong>urbem</strong></span> <span class='ocrx_word' id='word_1_183' title='bbox 867 3499 1120 3549; x_wconf 68' lang='lat' dir='ltr'><strong>Exstmis.</strong></span> <span class='ocrx_word' id='word_1_184' title='bbox 1189 3492 1562 3567; x_wconf 78' lang='grc' dir='ltr'><em>Παραφράζει</em></span> <span class='ocrx_word' id='word_1_185' title='bbox 1601 3499 1704 3546; x_wconf 87' lang='lat' dir='ltr'><strong>Ta—</strong></span> 
     </span>
     <span class='ocr_line' id='line_1_40' title="bbox 657 3573 1699 3633; baseline -0.004 -8"><span class='ocrx_word' id='word_1_186' title='bbox 657 3576 791 3625; x_wconf 84' lang='lat' dir='ltr'><strong>citus</strong></span> <span class='ocrx_word' id='word_1_187' title='bbox 825 3576 960 3624; x_wconf 80' lang='lat' dir='ltr'><strong>Anu.</strong></span> <span class='ocrx_word' id='word_1_188' title='bbox 1001 3574 1080 3633; x_wconf 91' lang='grc'><strong>44,</strong></span> <span class='ocrx_word' id='word_1_189' title='bbox 1117 3574 1207 3623; x_wconf 73' lang='lat'><strong>28:</strong></span> <span class='ocrx_word' id='word_1_190' title='bbox 1244 3573 1399 3622; x_wconf 68' lang='lat' dir='ltr'><strong>worn*</strong></span> <span class='ocrx_word' id='word_1_191' title='bbox 1432 3573 1699 3621; x_wconf 66' lang='lat' dir='ltr'><strong>devinctm.</strong></span> 
     </span>
     <span class='ocr_line' id='line_1_41' title="bbox 656 3648 1705 3710; baseline -0.002 -11"><span class='ocrx_word' id='word_1_192' title='bbox 656 3650 738 3709; x_wconf 89' lang='grc'><strong>46,</strong></span> <span class='ocrx_word' id='word_1_193' title='bbox 764 3649 820 3698; x_wconf 88' lang='lat'><strong>6:</strong></span> <span class='ocrx_word' id='word_1_194' title='bbox 859 3648 1500 3699; x_wconf 65' lang='lat' dir='ltr'><strong>anwv-iwvorisobnooeius.</strong></span> <span class='ocrx_word' id='word_1_195' title='bbox 1538 3648 1705 3710; x_wconf 84' lang='lat' dir='ltr'><strong>Egre-</strong></span> 
     </span>
     <span class='ocr_line' id='line_1_42' title="bbox 655 3723 1703 3791; baseline -0.003 -19"><span class='ocrx_word' id='word_1_196' title='bbox 655 3725 739 3786; x_wconf 90' lang='lat' dir='ltr'><strong>gia</strong></span> <span class='ocrx_word' id='word_1_197' title='bbox 773 3726 952 3773; x_wconf 87' lang='lat' dir='ltr'><strong>autem</strong></span> <span class='ocrx_word' id='word_1_198' title='bbox 986 3736 1072 3772; x_wconf 84' lang='lat' dir='ltr'><strong>vv.</strong></span> <span class='ocrx_word' id='word_1_199' title='bbox 1111 3723 1320 3773; x_wconf 76' lang='lat'><strong>47—20.</strong></span> <span class='ocrx_word' id='word_1_200' title='bbox 1356 3723 1440 3772; x_wconf 88' lang='lat' dir='ltr'><strong>est</strong></span> <span class='ocrx_word' id='word_1_201' title='bbox 1471 3736 1703 3791; x_wconf 77' lang='grc' dir='ltr'><em>προσω-</em></span> 
     </span>
     <span class='ocr_line' id='line_1_43' title="bbox 655 3795 1703 3860; baseline 0 -14"><span class='ocrx_word' id='word_1_202' title='bbox 655 3795 922 3857; x_wconf 73' lang='grc' dir='ltr'><strong>ποποιΐα,</strong></span> <span class='ocrx_word' id='word_1_203' title='bbox 979 3808 1142 3860; x_wconf 89' lang='lat' dir='ltr'><strong>quam</strong></span> <span class='ocrx_word' id='word_1_204' title='bbox 1196 3796 1400 3845; x_wconf 85' lang='lat' dir='ltr'><strong>nonnisi</strong></span> <span class='ocrx_word' id='word_1_205' title='bbox 1457 3796 1703 3846; x_wconf 87' lang='lat' dir='ltr'><strong>homines</strong></span> 
     </span>
     <span class='ocr_line' id='line_1_44' title="bbox 654 3870 1703 3935; baseline -0.002 -15"><span class='ocrx_word' id='word_1_206' title='bbox 654 3872 862 3935; x_wconf 80' lang='lat' dir='ltr'><strong>poetico</strong></span> <span class='ocrx_word' id='word_1_207' title='bbox 895 3884 1055 3921; x_wconf 86' lang='lat' dir='ltr'><strong>sensu</strong></span> <span class='ocrx_word' id='word_1_208' title='bbox 1088 3883 1308 3933; x_wconf 88' lang='lat' dir='ltr'><strong>prorsus</strong></span> <span class='ocrx_word' id='word_1_209' title='bbox 1351 3870 1587 3920; x_wconf 87' lang='lat' dir='ltr'><strong>destituti</strong></span> <span class='ocrx_word' id='word_1_210' title='bbox 1620 3870 1703 3917; x_wconf 87' lang='lat' dir='ltr'><strong>vi—</strong></span> 
     </span>
     <span class='ocr_line' id='line_1_45' title="bbox 654 3945 1701 4010; baseline -0.001 -14"><span class='ocrx_word' id='word_1_211' title='bbox 654 3950 902 4010; x_wconf 88' lang='lat' dir='ltr'><strong>tuperare</strong></span> <span class='ocrx_word' id='word_1_212' title='bbox 920 3947 1222 4008; x_wconf 88' lang='lat' dir='ltr'><strong>potuerunt.</strong></span> <span class='ocrx_word' id='word_1_213' title='bbox 1243 3972 1297 3980; x_wconf 92' lang='grc'>-</span> <span class='ocrx_word' id='word_1_214' title='bbox 1319 3946 1570 3995; x_wconf 87' lang='lat' dir='ltr'><strong>Ceterum</strong></span> <span class='ocrx_word' id='word_1_215' title='bbox 1588 3945 1701 3995; x_wconf 90' lang='lat' dir='ltr'><strong>dis-</strong></span> 
     </span>
     <span class='ocr_line' id='line_1_46' title="bbox 654 4017 1698 4082; baseline -0.002 -11"><span class='ocrx_word' id='word_1_216' title='bbox 654 4022 803 4071; x_wconf 88' lang='lat' dir='ltr'><strong>secta</strong></span> <span class='ocrx_word' id='word_1_217' title='bbox 834 4031 1024 4069; x_wconf 74' lang='lat' dir='ltr'><strong>versus</strong></span> <span class='ocrx_word' id='word_1_218' title='bbox 1055 4017 1331 4082; x_wconf 85' lang='lat' dir='ltr'><strong>penultimi</strong></span> <span class='ocrx_word' id='word_1_219' title='bbox 1374 4032 1475 4069; x_wconf 83' lang='lat' dir='ltr'><strong>vox</strong></span> <span class='ocrx_word' id='word_1_220' title='bbox 1515 4019 1698 4070; x_wconf 90' lang='lat' dir='ltr'><strong>ultima</strong></span> 
     </span>
     <span class='ocr_line' id='line_1_47' title="bbox 655 4092 1696 4158; baseline 0 -14"><span class='ocrx_word' id='word_1_221' title='bbox 655 4095 814 4144; x_wconf 86' lang='lat' dir='ltr'><strong>etiam</strong></span> <span class='ocrx_word' id='word_1_222' title='bbox 851 4092 945 4142; x_wconf 91' lang='lat' dir='ltr'><strong>Od.</strong></span> <span class='ocrx_word' id='word_1_223' title='bbox 975 4093 1022 4152; x_wconf 88' lang='grc'><strong>4,</strong></span> <span class='ocrx_word' id='word_1_224' title='bbox 1058 4094 1141 4154; x_wconf 72' lang='lat'><strong>25,</strong></span> <span class='ocrx_word' id='word_1_225' title='bbox 1182 4093 1260 4142; x_wconf 89' lang='grc'><strong>44.</strong></span> <span class='ocrx_word' id='word_1_226' title='bbox 1297 4095 1347 4155; x_wconf 74' lang='grc'><strong>2,</strong></span> <span class='ocrx_word' id='word_1_227' title='bbox 1386 4095 1468 4156; x_wconf 86' lang='grc'><strong>46,</strong></span> <span class='ocrx_word' id='word_1_228' title='bbox 1504 4095 1552 4142; x_wconf 86' lang='lat'><strong>7.</strong></span> <span class='ocrx_word' id='word_1_229' title='bbox 1591 4108 1696 4158; x_wconf 91' lang='lat' dir='ltr'><strong>qua</strong></span> 
     </span>
     <span class='ocr_line' id='line_1_48' title="bbox 654 4166 1699 4230; baseline 0.002 -14"><span class='ocrx_word' id='word_1_230' title='bbox 654 4167 873 4230; x_wconf 84' lang='lat' dir='ltr'><strong>quidem</strong></span> <span class='ocrx_word' id='word_1_231' title='bbox 923 4166 1132 4218; x_wconf 88' lang='lat' dir='ltr'><strong>licentia</strong></span> <span class='ocrx_word' id='word_1_232' title='bbox 1175 4167 1332 4217; x_wconf 89' lang='lat' dir='ltr'><strong>nimis</strong></span> <span class='ocrx_word' id='word_1_233' title='bbox 1373 4168 1573 4218; x_wconf 85' lang='lat' dir='ltr'><strong>abusus</strong></span> <span class='ocrx_word' id='word_1_234' title='bbox 1615 4173 1699 4219; x_wconf 89' lang='lat' dir='ltr'><strong>est</strong></span> 
     </span>
     <span class='ocr_line' id='line_1_49' title="bbox 653 4241 969 4293; baseline 0.006 -3"><span class='ocrx_word' id='word_1_235' title='bbox 653 4241 969 4293; x_wconf 82' lang='lat' dir='ltr'><strong>Sarbievius.</strong></span> 
     </span>
    </p>
   </div>
   <div class='ocr_carea' id='block_1_12' title="bbox 1771 1715 2835 4305">
    <p class='ocr_par' dir='ltr' id='par_1_15' title="bbox 1771 1715 2835 4305">
     <span class='ocr_line' id='line_1_50' title="bbox 1853 1715 2835 1780; baseline 0.004 -17"><span class='ocrx_word' id='word_1_236' title='bbox 1853 1715 1935 1763; x_wconf 75' lang='grc'><strong>24.</strong></span> <span class='ocrx_word' id='word_1_237' title='bbox 1971 1715 2163 1779; x_wconf 74' lang='lat' dir='ltr'><strong>Audiet]</strong></span> <span class='ocrx_word' id='word_1_238' title='bbox 2201 1715 2396 1780; x_wconf 74' lang='lat' dir='ltr'><strong>«Culpa</strong></span> <span class='ocrx_word' id='word_1_239' title='bbox 2428 1719 2706 1780; x_wconf 85' lang='lat' dir='ltr'><strong>parentum</strong></span> <span class='ocrx_word' id='word_1_240' title='bbox 2731 1720 2835 1767; x_wconf 90' lang='lat' dir='ltr'><strong>im-</strong></span> 
     </span>
     <span class='ocr_line' id='line_1_51' title="bbox 1788 1788 2833 1849; baseline 0.004 -12"><span class='ocrx_word' id='word_1_241' title='bbox 1788 1789 1989 1838; x_wconf 88' lang='lat' dir='ltr'><strong>minuta</strong></span> <span class='ocrx_word' id='word_1_242' title='bbox 2025 1788 2259 1849; x_wconf 77' lang='lat' dir='ltr'><strong>suboleS,</strong></span> <span class='ocrx_word' id='word_1_243' title='bbox 2299 1790 2507 1841; x_wconf 80' lang='lat' dir='ltr'><strong>infantis</strong></span> <span class='ocrx_word' id='word_1_244' title='bbox 2531 1792 2833 1842; x_wconf 81' lang='lat' dir='ltr'><strong>etiamnunc</strong></span> 
     </span>
     <span class='ocr_line' id='line_1_52' title="bbox 1788 1862 2833 1924; baseline 0.004 -13"><span class='ocrx_word' id='word_1_245' title='bbox 1788 1863 1991 1923; x_wconf 89' lang='lat' dir='ltr'><strong>aetatis,</strong></span> <span class='ocrx_word' id='word_1_246' title='bbox 2029 1862 2122 1913; x_wconf 88' lang='lat' dir='ltr'><strong>ubi</strong></span> <span class='ocrx_word' id='word_1_247' title='bbox 2156 1863 2472 1924; x_wconf 80' lang='lat' dir='ltr'><strong>adoleverit,</strong></span> <span class='ocrx_word' id='word_1_248' title='bbox 2518 1865 2699 1915; x_wconf 89' lang='lat' dir='ltr'><strong>audiet</strong></span> <span class='ocrx_word' id='word_1_249' title='bbox 2736 1865 2833 1915; x_wconf 89' lang='lat' dir='ltr'><strong>ali—</strong></span> 
     </span>
     <span class='ocr_line' id='line_1_53' title="bbox 1786 1936 2833 2001; baseline 0.003 -16"><span class='ocrx_word' id='word_1_250' title='bbox 1786 1936 2001 1999; x_wconf 91' lang='lat' dir='ltr'><strong>quando</strong></span> <span class='ocrx_word' id='word_1_251' title='bbox 2044 1938 2189 1987; x_wconf 84' lang='lat' dir='ltr'><strong>cives</strong></span> <span class='ocrx_word' id='word_1_252' title='bbox 2228 1942 2352 2001; x_wconf 90' lang='lat' dir='ltr'><strong>post</strong></span> <span class='ocrx_word' id='word_1_253' title='bbox 2384 1939 2626 1990; x_wconf 84' lang='lat' dir='ltr'><strong>Caesaris</strong></span> <span class='ocrx_word' id='word_1_254' title='bbox 2669 1940 2833 1990; x_wconf 88' lang='lat' dir='ltr'><strong>inter-</strong></span> 
     </span>
     <span class='ocr_line' id='line_1_54' title="bbox 1787 2011 2828 2076; baseline 0.004 -16"><span class='ocrx_word' id='word_1_255' title='bbox 1787 2011 1918 2060; x_wconf 88' lang='lat' dir='ltr'><strong>itum</strong></span> <span class='ocrx_word' id='word_1_256' title='bbox 1953 2012 2004 2060; x_wconf 92' lang='lat' dir='ltr'><strong>in</strong></span> <span class='ocrx_word' id='word_1_257' title='bbox 2039 2012 2356 2076; x_wconf 85' lang='lat' dir='ltr'><strong>semetipsos</strong></span> <span class='ocrx_word' id='word_1_258' title='bbox 2380 2013 2614 2064; x_wconf 80' lang='lat' dir='ltr'><strong>saevisse</strong></span> <span class='ocrx_word' id='word_1_259' title='bbox 2648 2015 2828 2074; x_wconf 81' lang='lat' dir='ltr'><strong>armiS,</strong></span> 
     </span>
     <span class='ocr_line' id='line_1_55' title="bbox 1786 2085 2831 2149; baseline 0.004 -15"><span class='ocrx_word' id='word_1_260' title='bbox 1786 2085 1981 2149; x_wconf 90' lang='lat' dir='ltr'><strong>quibus</strong></span> <span class='ocrx_word' id='word_1_261' title='bbox 2023 2086 2199 2135; x_wconf 88' lang='lat' dir='ltr'><strong>Parthi</strong></span> <span class='ocrx_word' id='word_1_262' title='bbox 2245 2086 2416 2137; x_wconf 79' lang='lat' dir='ltr'><strong>infesti</strong></span> <span class='ocrx_word' id='word_1_263' title='bbox 2461 2101 2524 2137; x_wconf 91' lang='lat' dir='ltr'><strong>ac</strong></span> <span class='ocrx_word' id='word_1_264' title='bbox 2558 2089 2831 2138; x_wconf 87' lang='lat' dir='ltr'><strong>metuendi</strong></span> 
     </span>
     <span class='ocr_line' id='line_1_56' title="bbox 1784 2160 2830 2227; baseline 0.003 -17"><span class='ocrx_word' id='word_1_265' title='bbox 1784 2161 1972 2211; x_wconf 87' lang='lat' dir='ltr'><strong>iustius</strong></span> <span class='ocrx_word' id='word_1_266' title='bbox 2023 2160 2216 2209; x_wconf 84' lang='lat' dir='ltr'><strong>devicti</strong></span> <span class='ocrx_word' id='word_1_267' title='bbox 2269 2164 2498 2211; x_wconf 80' lang='lat' dir='ltr'><strong>essent.»</strong></span> <span class='ocrx_word' id='word_1_268' title='bbox 2567 2163 2626 2212; x_wconf 89' lang='lat' dir='ltr'><strong>In</strong></span> <span class='ocrx_word' id='word_1_269' title='bbox 2671 2176 2830 2227; x_wconf 88' lang='lat' dir='ltr'><strong>prosa</strong></span> 
     </span>
     <span class='ocr_line' id='line_1_57' title="bbox 1783 2235 2832 2301; baseline 0.003 -17"><span class='ocrx_word' id='word_1_270' title='bbox 1783 2236 1915 2284; x_wconf 87' lang='lat' dir='ltr'><strong>orat.</strong></span> <span class='ocrx_word' id='word_1_271' title='bbox 1971 2235 2278 2285; x_wconf 86' lang='lat' dir='ltr'><strong>necessario</strong></span> <span class='ocrx_word' id='word_1_272' title='bbox 2334 2235 2496 2285; x_wconf 89' lang='lat' dir='ltr'><strong>scribi</strong></span> <span class='ocrx_word' id='word_1_273' title='bbox 2552 2237 2832 2301; x_wconf 84' lang='lat' dir='ltr'><strong>oportebat</strong></span> 
     </span>
     <span class='ocr_line' id='line_1_58' title="bbox 1785 2307 2828 2374; baseline 0.007 -21"><span class='ocrx_word' id='word_1_274' title='bbox 1785 2309 1969 2357; x_wconf 77' lang='lat' dir='ltr'><strong>«cives</strong></span> <span class='ocrx_word' id='word_1_275' title='bbox 2004 2307 2262 2358; x_wconf 87' lang='lat' dir='ltr'><strong>adversus</strong></span> <span class='ocrx_word' id='word_1_276' title='bbox 2298 2310 2500 2368; x_wconf 78' lang='lat' dir='ltr'><strong>cives».</strong></span> <span class='ocrx_word' id='word_1_277' title='bbox 2540 2310 2589 2359; x_wconf 90' lang='lat' dir='ltr'><strong>iu</strong></span> <span class='ocrx_word' id='word_1_278' title='bbox 2622 2313 2828 2374; x_wconf 76' lang='lat' dir='ltr'><strong>poetica</strong></span> 
     </span>
     <span class='ocr_line' id='line_1_59' title="bbox 1782 2376 2829 2447; baseline 0.005 -17"><span class='ocrx_word' id='word_1_279' title='bbox 1782 2393 1913 2440; x_wconf 86' lang='lat' dir='ltr'><strong>non,</strong></span> <span class='ocrx_word' id='word_1_280' title='bbox 1959 2380 2053 2430; x_wconf 87' lang='lat' dir='ltr'><strong>ubi</strong></span> <span class='ocrx_word' id='word_1_281' title='bbox 2096 2382 2289 2432; x_wconf 79' lang='lat' dir='ltr'><strong>sufficit</strong></span> <span class='ocrx_word' id='word_1_282' title='bbox 2322 2376 2603 2447; x_wconf 78' lang='grc' dir='ltr'><strong>ἔμφασις,</strong></span> <span class='ocrx_word' id='word_1_283' title='bbox 2652 2398 2829 2447; x_wconf 89' lang='lat' dir='ltr'><strong>neque</strong></span> 
     </span>
     <span class='ocr_line' id='line_1_60' title="bbox 1781 2454 2829 2523; baseline 0.004 -18"><span class='ocrx_word' id='word_1_284' title='bbox 1781 2454 1885 2505; x_wconf 89' lang='lat' dir='ltr'><strong>ulla</strong></span> <span class='ocrx_word' id='word_1_285' title='bbox 1938 2455 2253 2521; x_wconf 83' lang='lat' dir='ltr'><strong>ambiguitas</strong></span> <span class='ocrx_word' id='word_1_286' title='bbox 2303 2458 2484 2508; x_wconf 91' lang='lat' dir='ltr'><strong>oritur.</strong></span> <span class='ocrx_word' id='word_1_287' title='bbox 2525 2484 2580 2494; x_wconf 93' lang='lat'><em>-</em></span> <span class='ocrx_word' id='word_1_288' title='bbox 2636 2460 2677 2522; x_wconf 73' lang='lat' dir='ltr'><strong>(a</strong></span> <span class='ocrx_word' id='word_1_289' title='bbox 2692 2460 2829 2523; x_wconf 90' lang='lat' dir='ltr'><strong>Sup-</strong></span> 
     </span>
     <span class='ocr_line' id='line_1_61' title="bbox 1782 2532 2829 2597; baseline 0.004 -18"><span class='ocrx_word' id='word_1_290' title='bbox 1782 2532 1977 2595; x_wconf 85' lang='lat' dir='ltr'><strong>pressit</strong></span> <span class='ocrx_word' id='word_1_291' title='bbox 2009 2532 2171 2594; x_wconf 85' lang='lat' dir='ltr'><strong>ultro,</strong></span> <span class='ocrx_word' id='word_1_292' title='bbox 2209 2534 2260 2583; x_wconf 92' lang='lat' dir='ltr'><strong>in</strong></span> <span class='ocrx_word' id='word_1_293' title='bbox 2296 2548 2403 2597; x_wconf 90' lang='lat' dir='ltr'><strong>quo</strong></span> <span class='ocrx_word' id='word_1_294' title='bbox 2426 2533 2587 2583; x_wconf 85' lang='lat' dir='ltr'><strong>cardo</strong></span> <span class='ocrx_word' id='word_1_295' title='bbox 2610 2536 2829 2584; x_wconf 88' lang='lat' dir='ltr'><strong>senten-</strong></span> 
     </span>
     <span class='ocr_line' id='line_1_62' title="bbox 1782 2606 2825 2667; baseline 0.003 -13"><span class='ocrx_word' id='word_1_296' title='bbox 1782 2606 1885 2655; x_wconf 89' lang='lat' dir='ltr'><strong>tiae</strong></span> <span class='ocrx_word' id='word_1_297' title='bbox 1952 2607 2286 2667; x_wconf 76' lang='lat' dir='ltr'><strong>vertebatur,</strong></span> <span class='ocrx_word' id='word_1_298' title='bbox 2356 2610 2595 2657; x_wconf 74' lang='lat' dir='ltr'><strong>adversus</strong></span> <span class='ocrx_word' id='word_1_299' title='bbox 2646 2609 2825 2657; x_wconf 79' lang='lat' dir='ltr'><strong>cives.»</strong></span> 
     </span>
     <span class='ocr_line' id='line_1_63' title="bbox 1782 2679 2823 2746; baseline 0 -15"><span class='ocrx_word' id='word_1_300' title='bbox 1782 2679 2029 2731; x_wconf 86' lang='lat' dir='ltr'><strong>Doederl.</strong></span> <span class='ocrx_word' id='word_1_301' title='bbox 2089 2681 2329 2744; x_wconf 84' lang='lat' dir='ltr'><strong>Brachyl.</strong></span> <span class='ocrx_word' id='word_1_302' title='bbox 2389 2684 2594 2732; x_wconf 82' lang='lat' dir='ltr'><strong>Samml.</strong></span> <span class='ocrx_word' id='word_1_303' title='bbox 2654 2685 2716 2732; x_wconf 89' lang='lat'><strong>11.</strong></span> <span class='ocrx_word' id='word_1_304' title='bbox 2769 2696 2823 2746; x_wconf 89' lang='lat' dir='ltr'><strong>p.</strong></span> 
     </span>
     <span class='ocr_line' id='line_1_64' title="bbox 1784 2756 2826 2819; baseline 0.002 -14"><span class='ocrx_word' id='word_1_305' title='bbox 1784 2756 1915 2817; x_wconf 72' lang='lat'><strong>⁴82.)</strong></span> <span class='ocrx_word' id='word_1_306' title='bbox 1946 2783 2000 2791; x_wconf 89' lang='lat'>—</span> <span class='ocrx_word' id='word_1_307' title='bbox 2035 2770 2216 2819; x_wconf 68' lang='lat' dir='ltr'><strong>aravos</strong></span> <span class='ocrx_word' id='word_1_308' title='bbox 2243 2758 2438 2819; x_wconf 77' lang='lat' dir='ltr'><strong>Persae]</strong></span> <span class='ocrx_word' id='word_1_309' title='bbox 2474 2759 2644 2816; x_wconf 87' lang='lat' dir='ltr'><strong>Quam</strong></span> <span class='ocrx_word' id='word_1_310' title='bbox 2667 2770 2826 2819; x_wconf 84' lang='lat' dir='ltr'><strong>aegre</strong></span> 
     </span>
     <span class='ocr_line' id='line_1_65' title="bbox 1782 2829 2825 2895; baseline 0.002 -16"><span class='ocrx_word' id='word_1_311' title='bbox 1782 2844 1999 2893; x_wconf 85' lang='lat' dir='ltr'><strong>semper</strong></span> <span class='ocrx_word' id='word_1_312' title='bbox 2033 2829 2245 2880; x_wconf 83' lang='lat' dir='ltr'><strong>tulerint</strong></span> <span class='ocrx_word' id='word_1_313' title='bbox 2267 2832 2484 2880; x_wconf 86' lang='lat' dir='ltr'><strong>Romani</strong></span> <span class='ocrx_word' id='word_1_314' title='bbox 2520 2844 2616 2881; x_wconf 90' lang='lat' dir='ltr'><strong>suo</strong></span> <span class='ocrx_word' id='word_1_315' title='bbox 2653 2833 2825 2895; x_wconf 87' lang='lat' dir='ltr'><strong>impe-</strong></span> 
     </span>
     <span class='ocr_line' id='line_1_66' title="bbox 1781 2904 2826 2967; baseline 0.004 -15"><span class='ocrx_word' id='word_1_316' title='bbox 1781 2905 1861 2952; x_wconf 92' lang='lat' dir='ltr'><strong>rio</strong></span> <span class='ocrx_word' id='word_1_317' title='bbox 1896 2916 2170 2967; x_wconf 88' lang='lat' dir='ltr'><strong>nunquam</strong></span> <span class='ocrx_word' id='word_1_318' title='bbox 2205 2904 2475 2954; x_wconf 82' lang='lat' dir='ltr'><strong>subiectos</strong></span> <span class='ocrx_word' id='word_1_319' title='bbox 2511 2905 2673 2955; x_wconf 78' lang='lat' dir='ltr'><strong>fuisse</strong></span> <span class='ocrx_word' id='word_1_320' title='bbox 2697 2909 2826 2956; x_wconf 88' lang='lat' dir='ltr'><strong>Par-</strong></span> 
     </span>
     <span class='ocr_line' id='line_1_67' title="bbox 1781 2977 2825 3037; baseline 0.005 -11"><span class='ocrx_word' id='word_1_321' title='bbox 1781 2978 1918 3037; x_wconf 82' lang='lat' dir='ltr'><strong>thoS,</strong></span> <span class='ocrx_word' id='word_1_322' title='bbox 1956 2980 2083 3028; x_wconf 85' lang='lat' dir='ltr'><strong>satis</strong></span> <span class='ocrx_word' id='word_1_323' title='bbox 2119 2979 2373 3029; x_wconf 85' lang='lat' dir='ltr'><strong>invidiose</strong></span> <span class='ocrx_word' id='word_1_324' title='bbox 2399 2977 2635 3030; x_wconf 87' lang='lat' dir='ltr'><strong>declarat</strong></span> <span class='ocrx_word' id='word_1_325' title='bbox 2655 2982 2825 3031; x_wconf 89' lang='lat' dir='ltr'><strong>Luca-</strong></span> 
     </span>
     <span class='ocr_line' id='line_1_68' title="bbox 1780 3051 2825 3112; baseline 0.004 -11"><span class='ocrx_word' id='word_1_326' title='bbox 1780 3066 1880 3101; x_wconf 88' lang='lat' dir='ltr'><strong>nus</strong></span> <span class='ocrx_word' id='word_1_327' title='bbox 1917 3054 1996 3112; x_wconf 87' lang='grc'><strong>40,</strong></span> <span class='ocrx_word' id='word_1_328' title='bbox 2033 3051 2122 3103; x_wconf 76' lang='lat'><strong>49:</strong></span> <span class='ocrx_word' id='word_1_329' title='bbox 2159 3055 2381 3103; x_wconf 74' lang='lat' dir='ltr'><strong>cedemus</strong></span> <span class='ocrx_word' id='word_1_330' title='bbox 2413 3055 2466 3103; x_wconf 77' lang='lat' dir='ltr'><strong>in</strong></span> <span class='ocrx_word' id='word_1_331' title='bbox 2498 3061 2638 3104; x_wconf 70' lang='lat' dir='ltr'><strong>ortus</strong></span> <span class='ocrx_word' id='word_1_332' title='bbox 2665 3056 2825 3105; x_wconf 80' lang='lat' dir='ltr'><strong>Arsa-</strong></span> 
     </span>
     <span class='ocr_line' id='line_1_69' title="bbox 1779 3127 2826 3192; baseline 0.004 -17"><span class='ocrx_word' id='word_1_333' title='bbox 1779 3127 1944 3175; x_wconf 77' lang='lat' dir='ltr'><strong>cidum</strong></span> <span class='ocrx_word' id='word_1_334' title='bbox 1999 3128 2223 3187; x_wconf 58' lang='lat' dir='ltr'><strong>domium·</strong></span> <span class='ocrx_word' id='word_1_335' title='bbox 2289 3142 2392 3178; x_wconf 76' lang='lat' dir='ltr'><strong>non</strong></span> <span class='ocrx_word' id='word_1_336' title='bbox 2441 3129 2568 3192; x_wconf 58' lang='lat' dir='ltr'><strong>seltz:</strong></span> <span class='ocrx_word' id='word_1_337' title='bbox 2618 3130 2826 3179; x_wconf 76' lang='lat' dir='ltr'><strong>Parthia</strong></span> 
     </span>
     <span class='ocr_line' id='line_1_70' title="bbox 1779 3202 2824 3265; baseline 0.002 -14"><span class='ocrx_word' id='word_1_338' title='bbox 1779 3202 1997 3251; x_wconf 73' lang='lat' dir='ltr'><strong>Crassis:</strong></span> <span class='ocrx_word' id='word_1_339' title='bbox 2029 3202 2265 3264; x_wconf 61' lang='lat' dir='ltr'><strong>Exiguae</strong></span> <span class='ocrx_word' id='word_1_340' title='bbox 2294 3216 2473 3251; x_wconf 71' lang='lat' dir='ltr'><strong>secura</strong></span> <span class='ocrx_word' id='word_1_341' title='bbox 2501 3203 2598 3265; x_wconf 75' lang='lat' dir='ltr'><strong>fuit</strong></span> <span class='ocrx_word' id='word_1_342' title='bbox 2613 3205 2824 3264; x_wconf 79' lang='lat' dir='ltr'><strong>provin-</strong></span> 
     </span>
     <span class='ocr_line' id='line_1_71' title="bbox 1778 3275 2819 3341; baseline 0.002 -17"><span class='ocrx_word' id='word_1_343' title='bbox 1778 3276 1860 3324; x_wconf 78' lang='lat' dir='ltr'><strong>cia</strong></span> <span class='ocrx_word' id='word_1_344' title='bbox 1889 3275 2066 3325; x_wconf 78' lang='lat' dir='ltr'><strong>Pellae.</strong></span> <span class='ocrx_word' id='word_1_345' title='bbox 2111 3303 2165 3311; x_wconf 92' lang='lat'>—</span> <span class='ocrx_word' id='word_1_346' title='bbox 2200 3277 2396 3341; x_wconf 65' lang='lat' dir='ltr'><strong>pravos]</strong></span> <span class='ocrx_word' id='word_1_347' title='bbox 2442 3278 2526 3326; x_wconf 91' lang='lat' dir='ltr'><strong>Sic</strong></span> <span class='ocrx_word' id='word_1_348' title='bbox 2560 3277 2819 3326; x_wconf 87' lang='lat' dir='ltr'><strong>Theocrit.</strong></span> 
     </span>
     <span class='ocr_line' id='line_1_72' title="bbox 1778 3348 2825 3414; baseline 0.001 -15"><span class='ocrx_word' id='word_1_349' title='bbox 1778 3351 1859 3409; x_wconf 78' lang='lat'><strong>⁴7,</strong></span> <span class='ocrx_word' id='word_1_350' title='bbox 1916 3350 1995 3399; x_wconf 89' lang='grc'><strong>49.</strong></span> <span class='ocrx_word' id='word_1_351' title='bbox 2065 3348 2362 3399; x_wconf 80' lang='lat' dir='ltr'><strong>Alexander</strong></span> <span class='ocrx_word' id='word_1_352' title='bbox 2411 3352 2476 3401; x_wconf 79' lang='lat' dir='ltr'><strong>M.</strong></span> <span class='ocrx_word' id='word_1_353' title='bbox 2532 3350 2825 3414; x_wconf 85' lang='lat' dir='ltr'><strong>appellatur</strong></span> 
     </span>
     <span class='ocr_line' id='line_1_73' title="bbox 1775 3420 2823 3495; baseline 0.001 -22"><span class='ocrx_word' id='word_1_354' title='bbox 1775 3422 2060 3492; x_wconf 78' lang='grc' dir='ltr'><strong><em>Πέρσαισι</em></strong></span> <span class='ocrx_word' id='word_1_355' title='bbox 2102 3420 2320 3495; x_wconf 74' lang='grc' dir='ltr'><strong><em>βαρὺς</em></strong></span> <span class='ocrx_word' id='word_1_356' title='bbox 2367 3421 2508 3487; x_wconf 77' lang='grc' dir='ltr'><strong><em>θεὸς</em></strong></span> <span class='ocrx_word' id='word_1_357' title='bbox 2556 3423 2823 3490; x_wconf 70' lang='grc' dir='ltr'><em>αἰολομί·</em></span> 
     </span>
     <span class='ocr_line' id='line_1_74' title="bbox 1777 3500 2822 3569; baseline 0.003 -22"><span class='ocrx_word' id='word_1_358' title='bbox 1777 3512 1955 3569; x_wconf 78' lang='grc' dir='ltr'><strong>τραις.</strong></span> <span class='ocrx_word' id='word_1_359' title='bbox 1997 3527 2052 3536; x_wconf 86' lang='lat'>—</span> <span class='ocrx_word' id='word_1_360' title='bbox 2091 3501 2234 3550; x_wconf 83' lang='lat' dir='ltr'><strong>Haec</strong></span> <span class='ocrx_word' id='word_1_361' title='bbox 2285 3501 2465 3549; x_wconf 85' lang='lat' dir='ltr'><strong>autem</strong></span> <span class='ocrx_word' id='word_1_362' title='bbox 2516 3503 2700 3564; x_wconf 80' lang='lat' dir='ltr'><strong>aperte</strong></span> <span class='ocrx_word' id='word_1_363' title='bbox 2754 3500 2822 3550; x_wconf 90' lang='lat' dir='ltr'><strong>ad</strong></span> 
     </span>
     <span class='ocr_line' id='line_1_75' title="bbox 1776 3573 2823 3636; baseline 0.002 -13"><span class='ocrx_word' id='word_1_364' title='bbox 1776 3573 1917 3624; x_wconf 86' lang='lat' dir='ltr'><strong>bella</strong></span> <span class='ocrx_word' id='word_1_365' title='bbox 1952 3574 2119 3624; x_wconf 85' lang='lat' dir='ltr'><strong>civilia</strong></span> <span class='ocrx_word' id='word_1_366' title='bbox 2156 3576 2277 3624; x_wconf 91' lang='lat' dir='ltr'><strong>ante</strong></span> <span class='ocrx_word' id='word_1_367' title='bbox 2313 3588 2362 3624; x_wconf 88' lang='lat' dir='ltr'><strong>a.</strong></span> <span class='ocrx_word' id='word_1_368' title='bbox 2400 3576 2513 3624; x_wconf 71' lang='lat'>725.</span> <span class='ocrx_word' id='word_1_369' title='bbox 2551 3577 2698 3636; x_wconf 83' lang='lat' dir='ltr'><strong>gesta</strong></span> <span class='ocrx_word' id='word_1_370' title='bbox 2732 3589 2823 3625; x_wconf 88' lang='lat' dir='ltr'><strong>re-</strong></span> 
     </span>
     <span class='ocr_line' id='line_1_76' title="bbox 1776 3647 2817 3708; baseline 0 -11"><span class='ocrx_word' id='word_1_371' title='bbox 1776 3648 2031 3708; x_wconf 80' lang='lat' dir='ltr'><strong>feruntur,</strong></span> <span class='ocrx_word' id='word_1_372' title='bbox 2070 3662 2174 3698; x_wconf 89' lang='lat' dir='ltr'><strong>non</strong></span> <span class='ocrx_word' id='word_1_373' title='bbox 2209 3650 2269 3697; x_wconf 88' lang='lat' dir='ltr'><strong>ut</strong></span> <span class='ocrx_word' id='word_1_374' title='bbox 2300 3648 2409 3698; x_wconf 85' lang='lat' dir='ltr'><strong>volt</strong></span> <span class='ocrx_word' id='word_1_375' title='bbox 2429 3647 2817 3700; x_wconf 80' lang='lat' dir='ltr'><strong>Mitscherlich:</strong></span> 
     </span>
     <span class='ocr_line' id='line_1_77' title="bbox 1778 3723 2822 3787; baseline 0.004 -19"><span class='ocrx_word' id='word_1_376' title='bbox 1778 3723 2188 3787; x_wconf 71' lang='lat' dir='ltr'><strong>«Interpretatur</strong></span> <span class='ocrx_word' id='word_1_377' title='bbox 2236 3726 2478 3787; x_wconf 84' lang='lat' dir='ltr'><strong>portenta</strong></span> <span class='ocrx_word' id='word_1_378' title='bbox 2534 3727 2590 3773; x_wconf 88' lang='lat' dir='ltr'><strong>et</strong></span> <span class='ocrx_word' id='word_1_379' title='bbox 2643 3738 2708 3774; x_wconf 86' lang='lat' dir='ltr'><strong>ex</strong></span> <span class='ocrx_word' id='word_1_380' title='bbox 2758 3724 2822 3773; x_wconf 84' lang='lat' dir='ltr'><strong>iis</strong></span> 
     </span>
     <span class='ocr_line' id='line_1_78' title="bbox 1775 3795 2821 3858; baseline 0.002 -13"><span class='ocrx_word' id='word_1_381' title='bbox 1775 3800 2062 3858; x_wconf 83' lang='lat' dir='ltr'><strong>auguratur</strong></span> <span class='ocrx_word' id='word_1_382' title='bbox 2095 3810 2228 3847; x_wconf 86' lang='lat' dir='ltr'><strong>nova</strong></span> <span class='ocrx_word' id='word_1_383' title='bbox 2265 3795 2401 3845; x_wconf 87' lang='lat' dir='ltr'><strong>bella</strong></span> <span class='ocrx_word' id='word_1_384' title='bbox 2438 3795 2658 3846; x_wconf 79' lang='lat' dir='ltr'><strong>civilia.»</strong></span> <span class='ocrx_word' id='word_1_385' title='bbox 2706 3800 2821 3857; x_wconf 86' lang='lat' dir='ltr'><strong>Quo</strong></span> 
     </span>
     <span class='ocr_line' id='line_1_79' title="bbox 1774 3869 2820 3934; baseline 0 -14"><span class='ocrx_word' id='word_1_386' title='bbox 1774 3871 1903 3934; x_wconf 86' lang='lat' dir='ltr'><strong>quid</strong></span> <span class='ocrx_word' id='word_1_387' title='bbox 1937 3883 1968 3920; x_wconf 88' lang='lat' dir='ltr'><strong>a</strong></span> <span class='ocrx_word' id='word_1_388' title='bbox 2002 3885 2100 3922; x_wconf 89' lang='lat' dir='ltr'><strong>suo</strong></span> <span class='ocrx_word' id='word_1_389' title='bbox 2134 3869 2351 3921; x_wconf 86' lang='lat' dir='ltr'><strong>consilio</strong></span> <span class='ocrx_word' id='word_1_390' title='bbox 2382 3872 2551 3933; x_wconf 87' lang='lat' dir='ltr'><strong>magis</strong></span> <span class='ocrx_word' id='word_1_391' title='bbox 2589 3870 2820 3921; x_wconf 86' lang='lat' dir='ltr'><strong>alienum</strong></span> 
     </span>
     <span class='ocr_line' id='line_1_80' title="bbox 1774 3946 2821 4009; baseline -0.002 -13"><span class='ocrx_word' id='word_1_392' title='bbox 1774 3946 1948 3996; x_wconf 81' lang='lat' dir='ltr'><strong>facere</strong></span> <span class='ocrx_word' id='word_1_393' title='bbox 1982 3947 2242 4009; x_wconf 87' lang='lat' dir='ltr'><strong>potuisset</strong></span> <span class='ocrx_word' id='word_1_394' title='bbox 2272 3947 2430 4008; x_wconf 69' lang='lat' dir='ltr'><strong>poeta</strong></span> <span class='ocrx_word' id='word_1_395' title='bbox 2453 3982 2464 4003; x_wconf 94' lang='lat'><strong>‚</strong></span> <span class='ocrx_word' id='word_1_396' title='bbox 2502 3946 2821 3995; x_wconf 83' lang='lat' dir='ltr'><strong>sententiam</strong></span> 
     </span>
     <span class='ocr_line' id='line_1_81' title="bbox 1774 4019 2820 4083; baseline -0.003 -13"><span class='ocrx_word' id='word_1_397' title='bbox 1774 4021 1987 4071; x_wconf 87' lang='lat' dir='ltr'><strong>Caesari</strong></span> <span class='ocrx_word' id='word_1_398' title='bbox 2020 4033 2143 4079; x_wconf 91' lang='lat' dir='ltr'><strong>suo,</strong></span> <span class='ocrx_word' id='word_1_399' title='bbox 2181 4019 2386 4083; x_wconf 88' lang='lat' dir='ltr'><strong>imperii</strong></span> <span class='ocrx_word' id='word_1_400' title='bbox 2419 4019 2638 4068; x_wconf 89' lang='lat' dir='ltr'><strong>Romani</strong></span> <span class='ocrx_word' id='word_1_401' title='bbox 2671 4020 2820 4083; x_wconf 89' lang='lat' dir='ltr'><strong>paci-</strong></span> 
     </span>
     <span class='ocr_line' id='line_1_82' title="bbox 1772 4091 2818 4157; baseline -0.003 -13"><span class='ocrx_word' id='word_1_402' title='bbox 1772 4095 1999 4153; x_wconf 86' lang='lat' dir='ltr'><strong>ficatori‚</strong></span> <span class='ocrx_word' id='word_1_403' title='bbox 2046 4097 2155 4144; x_wconf 89' lang='lat' dir='ltr'><strong>tam</strong></span> <span class='ocrx_word' id='word_1_404' title='bbox 2190 4094 2449 4157; x_wconf 85' lang='lat' dir='ltr'><strong>ingratam</strong></span> <span class='ocrx_word' id='word_1_405' title='bbox 2481 4091 2818 4157; x_wconf 74' lang='lat' dir='ltr'><strong>prolaturus?</strong></span> 
     </span>
     <span class='ocr_line' id='line_1_83' title="bbox 1773 4167 2817 4232; baseline 0 -15"><span class='ocrx_word' id='word_1_406' title='bbox 1773 4171 1975 4218; x_wconf 86' lang='lat' dir='ltr'><strong>Poenas</strong></span> <span class='ocrx_word' id='word_1_407' title='bbox 2028 4169 2211 4231; x_wconf 86' lang='lat' dir='ltr'><strong>igitur,</strong></span> <span class='ocrx_word' id='word_1_408' title='bbox 2243 4181 2393 4231; x_wconf 88' lang='lat' dir='ltr'><strong>-quas</strong></span> <span class='ocrx_word' id='word_1_409' title='bbox 2435 4181 2533 4232; x_wconf 89' lang='lat' dir='ltr'><strong>pro</strong></span> <span class='ocrx_word' id='word_1_410' title='bbox 2574 4167 2817 4217; x_wconf 81' lang='lat' dir='ltr'><strong>Caesaris</strong></span> 
     </span>
     <span class='ocr_line' id='line_1_84' title="bbox 1771 4242 2815 4305; baseline -0.003 -14"><span class='ocrx_word' id='word_1_411' title='bbox 1771 4256 1901 4291; x_wconf 85' lang='lat' dir='ltr'><strong>nece</strong></span> <span class='ocrx_word' id='word_1_412' title='bbox 1926 4242 2274 4305; x_wconf 82' lang='lat' dir='ltr'><strong>dependerint</strong></span> <span class='ocrx_word' id='word_1_413' title='bbox 2297 4243 2535 4303; x_wconf 85' lang='lat' dir='ltr'><strong>Romani,</strong></span> <span class='ocrx_word' id='word_1_414' title='bbox 2562 4255 2666 4292; x_wconf 91' lang='lat' dir='ltr'><strong>non</strong></span> <span class='ocrx_word' id='word_1_415' title='bbox 2689 4253 2815 4289; x_wconf 81' lang='lat' dir='ltr'><strong>vero</strong></span> 
     </span>
    </p>
   </div>
  </div>
 </body>
</html>
