3234 4975
1398 429 1655 478 HORATn
1691 429 2027 480 CARMINUM

898 584 1095 650 iudex
1140 583 1480 651 honestum
1523 583 1825 671 praetulit
1865 582 1999 648 utili
2033 633 2045 658 ,

894 705 1135 772 Reiecit
1179 705 1305 771 alto
1352 704 1523 771 dona
1565 705 1936 770 nocentium

984 825 1204 902 Voltu,
1254 847 1371 913 per
1414 826 1744 892 obstantes
1789 835 2080 892 catervas

1066 944 1379 1033 Explicuit
1422 967 1541 1012 sua
1582 946 1788 1011 victor
1830 966 2026 1011 arma.

896 1106 1032 1170 Non
1077 1103 1517 1191 possidentem
1558 1103 1757 1169 multa
1799 1104 2135 1170 vocaveris

902 1228 1097 1291 Recte
1144 1224 1443 1291 beatum:
1493 1224 1732 1290 rectius
1777 1235 2052 1312 occupat

982 1348 1226 1412 Nomen
1270 1345 1482 1423 beati,
1530 1345 1644 1432 qui
1688 1343 1962 1411 deorum

1066 1466 1438 1534 Muneribus
1483 1466 1810 1554 sapienter
1853 1467 1943 1531 uti

774 1704 855 1756 4⁴.
890 1702 1002 1752 utili
1036 1707 1082 1752 et
1115 1701 1245 1751 Cod.
1284 1702 1513 1751 Pottierii
1555 1699 1934 1762 duodecimuS,
1987 1699 2179 1762 Aldus,
2235 1702 2339 1751 LCt
2371 1703 2427 1750 et
2457 1700 2741 1751 Bentleius.

711 1780 789 1839 (Ut
837 1789 964 1837 nos,
1014 1774 1226 1836 BbScd,
1278 1773 1497 1825 Bentleii
1546 1787 1765 1835 omna,
1819 1776 1956 1825 Pott.
1995 1774 2197 1836 ceteri.)
2238 1803 2291 1810 -
2330 1774 2411 1825 43.
2456 1788 2551 1836 per
2583 1774 2745 1835 bScd,

707 1850 927 1902 Bentleii
970 1853 1027 1901 et
1065 1850 1296 1901 Pottierii
1340 1861 1552 1902 omnes:
1605 1854 1653 1899 οι
1677 1862 1774 1910 per
1805 1847 1995 1911 Aldus,
2050 1849 2222 1899 LCtM.

644 2054 834 2105 Similis
871 2056 954 2104 est
987 2053 1248 2105 sententia
1282 2052 1378 2103 Od.
1406 2052 1463 2115 3,
1496 2054 1527 2102 2
1550 2091 1562 2114 ,
1589 2054 1686 2103 ⁴9:

642 2130 746 2178 Nec
776 2129 927 2178 stanit
959 2133 1049 2176 aut
1074 2126 1219 2189 ponit
1249 2140 1442 2176 secures
1470 2127 1692 2177 Arbitrio

636 2204 906 2265 popularis
955 2215 1131 2251 aurae.
1226 2202 1406 2251 «Vero
1473 2203 1689 2253 nomine

644 2275 829 2327 consul
851 2314 863 2336 ,
909 2279 963 2326 et
1003 2277 1296 2340 perpetuus
1330 2276 1578 2338 quidem,
1633 2279 1692 2325 tu

645 2364 731 2411 es,
788 2351 1019 2413 mugeris
1069 2350 1321 2413 dignitate
1371 2364 1501 2400 vere
1559 2364 1693 2401 con-

644 2424 805 2476 sulari
826 2463 838 2487 ‚
896 2426 1319 2490 quotiescunque
1370 2425 1603 2475 iudicem
1638 2428 1691 2475 te

644 2499 876 2565 praebes
930 2499 1162 2564 probum
1218 2503 1378 2563 atque
1447 2500 1693 2550 incorru-

684 2578 849 2625 tum.»

644 2588 681 2639 p
712 2648 792 2698 44.
829 2647 1014 2712 ludat]
1051 2649 1101 2697 h.
1141 2647 1175 2699 1.
1215 2625 1467 2713 proprie³¹t
1512 2660 1691 2698 «unus

645 2723 714 2773 de
760 2721 1023 2774 iudicibus
1068 2721 1281 2774 selectis
1304 2741 1328 2768 n
1384 2724 1505 2784 (Sat.
1546 2724 1601 2783 4,
1639 2722 1690 2782 4,

650 2796 804 2858 ⁴23,);
842 2811 950 2847 non
972 2809 1132 2846 vero:
1172 2798 1294 2859 «qui
1314 2793 1603 2847 honestum
1628 2810 1691 2848 ac

644 2869 925 2935 probabile
961 2870 1064 2920 fert
1085 2869 1338 2930 iudicium
1361 2871 1428 2920 de
1452 2868 1693 2933 quolibet

645 2945 788 2996 bono
821 2943 906 2994 vel
932 2942 1072 2995 malo
1095 2946 1316 2994 externo
1333 2982 1345 3005 ‚
1382 2943 1451 2994 de
1476 2944 1689 3005 divitiis,

644 3019 714 3068 de
736 3019 1049 3083 paupertate
1073 3019 1210 3068 cet.»
1235 3045 1290 3054 —
1317 3019 1423 3068 alto
1438 3043 1467 3054 -
1482 3045 1511 3055 -
1535 3019 1692 3082 Vouu]

646 3105 784 3141 «non
833 3090 904 3142 ad
956 3092 1241 3155 pecuniam
1298 3090 1538 3142 oblatam
1594 3092 1695 3142 de-

644 3166 813 3226 flexu,
849 3165 947 3215 sed
983 3167 1133 3216 cuius
1166 3165 1438 3216 liberrima
1460 3167 1696 3229 indigna-

644 3240 716 3288 tio
769 3241 953 3302 aperte
1004 3242 1268 3290 monstret
1317 3244 1370 3290 te
1422 3254 1487 3291 ex
1529 3242 1693 3291 animi

644 3313 908 3364 sententia
941 3315 1173 3364 sontium
1197 3314 1336 3365 dona
1362 3316 1690 3379 aspernari.»

649 3413 700 3424 —
745 3387 912 3438 Codd.
952 3388 1058 3437 noti
1085 3425 1097 3448 ,
1168 3388 1328 3438 etiam
1363 3390 1502 3450 mei,
1556 3390 1692 3438 miro

646 3474 915 3512 consensu
948 3461 1211 3527 praebent
1241 3457 1526 3512 ἀσύνδετα
1558 3463 1691 3524 mili,

644 3537 824 3587 Reiecit
873 3547 970 3600 pro
1011 3537 1125 3585 utici
1172 3541 1218 3586 et
1250 3537 1463 3598 Reiecit,
1522 3537 1690 3598 Vultu,

638 3623 763 3673 per,
801 3623 900 3674 pro
940 3611 1082 3660 Volcu
1113 3615 1160 3660 et
1184 3623 1297 3673 per.
1366 3612 1431 3660 Et
1464 3624 1493 3659 a
1520 3610 1690 3661 Codd.

645 3684 895 3736 standum
944 3684 1204 3745 arbitror;
1263 3685 1452 3744 quoties
1501 3685 1569 3734 ad
1603 3697 1695 3735 se-

646 3758 883 3808 cundum
916 3760 1237 3821 tertiumque
1271 3757 1579 3827 membrum
1613 3772 1698 3808 re-

645 3831 941 3897 petendum
975 3835 1082 3893 est,
1119 3834 1178 3882 ut
1209 3833 1253 3881 si
1285 3832 1381 3883 Od.
1420 3832 1476 3892 3,
1512 3831 1603 3893 24,
1630 3833 1694 3884 40

646 3918 835 3970 seqq.‚
871 3908 942 3955 sic
975 3905 1070 3957 Od.
1108 3906 1168 3966 4,
1205 3906 1262 3967 8,
1300 3905 1381 3955 34.
1440 3905 1694 3956 Consulto

645 3981 859 4031 duriore
909 3982 1013 4031 hoc
1047 3979 1207 4030 modo
1257 3981 1402 4030 auxit
1434 3981 1696 4030 severita-

646 4058 757 4106 tem
791 4058 1087 4107 sententiae
1123 4056 1347 4106 Stoicae.

710 4130 791 4181 43.
846 4130 928 4181 44.
981 4129 1238 4193 catervas]
1286 4130 1421 4192 Eos,
1461 4132 1551 4195 qui
1583 4132 1695 4180 vir-

647 4205 744 4254 tuti
785 4205 943 4266 atque
986 4204 1268 4266 integritati
1314 4203 1502 4255 iudicis
1536 4205 1693 4255 donis

646 4277 959 4328 insidiantur
981 4277 1202 4340 eiusque
1244 4278 1561 4343 cupiditates
1597 4292 1694 4329 ex-

1766 2055 1927 2105 citare
1979 2056 2239 2104 conantur
2259 2092 2271 2116 ,
2326 2053 2570 2118 adeoque
2621 2067 2815 2119 pravas

1765 2127 2079 2193 cupiditates
2102 2130 2245 2193 ipsas
2262 2167 2274 2190 ,
2299 2127 2440 2179 nulla
2464 2129 2643 2179 addita
2668 2141 2817 2178 com-

1766 2204 2050 2267 parationis
2100 2203 2391 2267 particula,
2446 2204 2650 2253 confert
2685 2215 2810 2252 cum

1766 2278 2002 2328 hostium
2036 2279 2291 2337 catervis,
2328 2290 2427 2340 per
2461 2290 2594 2340 quas
2628 2277 2819 2327 destri-

1767 2354 1853 2402 cto
1888 2350 2060 2414 gladio
2094 2352 2383 2415 aperienda
2426 2353 2495 2402 sit
2527 2353 2645 2410 via;
2698 2351 2813 2401 sine

1764 2425 2026 2488 imagine:
2084 2426 2332 2489 «quoties
2376 2428 2622 2475 removet
2672 2438 2702 2474 a
2754 2437 2813 2475 se

1766 2502 2109 2564 corruptores
2144 2512 2355 2550 summa
2389 2501 2443 2549 in
2479 2513 2573 2550 eos
2596 2501 2816 2550 austeri-

1765 2575 1873 2623 tate
1925 2586 2055 2623 usus
2090 2573 2399 2636 fortiterque
2434 2585 2560 2623 suas
2595 2585 2810 2636 quoque

1765 2647 1992 2698 domans
2027 2647 2394 2711 cupiditates»
2445 2647 2677 2696 Virtutes
2714 2660 2814 2697 au-

1767 2724 1876 2771 tem
1909 2722 2183 2772 victoriam
2220 2721 2288 2771 de
2323 2721 2459 2771 vitiis
2494 2723 2655 2783 atque
2691 2734 2815 2769 cor-

1766 2796 2009 2860 ruptione
2043 2795 2279 2844 ferentes
2312 2796 2472 2844 annis
2517 2797 2807 2858 comparat.

1772 2895 1826 2905 —-
1862 2869 2148 2932 Explicuit]
2201 2869 2252 2918 in
2290 2880 2447 2932 prosa
2495 2880 2572 2917 or.
2615 2880 2814 2931 «expe-

1768 2942 1947 2991 divit.»

1834 3053 2044 3104 46-50.
2082 3052 2323 3117 occupat]
2362 3052 2493 3104 «sibi
2527 3052 2811 3103 vindicat.»

1771 3154 1826 3164 -
1853 3128 2059 3178 deorum
2079 3127 2384 3191 Muneribus]
2421 3130 2596 3177 «sorte
2621 3127 2815 3177 divini-

1767 3203 1853 3251 tus
1877 3201 2026 3261 data,
2068 3202 2230 3252 etiam
2261 3202 2437 3252 minus
2476 3199 2812 3251 commoda.»

1771 3277 1921 3325 Hom.
1969 3276 2163 3338 Hymn.
2207 3276 2259 3324 in
2300 3276 2420 3325 Cer.
2466 3275 2595 3326 ⁴47:
2633 3275 2813 3335 Μαῖα,

1767 3345 1918 3399 θεῶν
1983 3348 2092 3413 μὲν
2142 3344 2298 3419 δῶρα
2348 3349 2447 3397 καὶ
2498 3342 2816 3413 ἀχνύμενοί

1768 3437 1872 3494 περ
1905 3416 2129 3494 ἀνάγκῃ
2165 3421 2450 3488 Τέτλαμεν
2495 3416 2812 3493 ἅνθρωποι·

1766 3492 1844 3563 δή
1890 3493 2002 3568 γὰρ
2051 3493 2196 3548 πολὺ
2247 3499 2516 3568 φέρτεροί
2569 3500 2699 3547 εἰσι.
2756 3525 2812 3535 -

1766 3573 2273 3634 Peiusque--tt'mofl
2325 3574 2458 3636 Epp.
2497 3572 2558 3633 4,
2598 3573 2679 3633 47,
2721 3572 2812 3621 30:

1766 3647 1927 3698 Mileti
1974 3651 2167 3696 textam
2213 3661 2340 3697 cante
2380 3647 2527 3709 paim
2570 3651 2618 3696 et
2659 3648 2819 3710 αηρυί

1773 3722 1953 3772 vitabit
1992 3722 2317 3783 chlamydem.
2388 3722 2481 3771 Est
2514 3735 2543 3770 e
2586 3732 2818 3770 consue-

1770 3795 1951 3844 tudine
1987 3794 2245 3859 populari.
2319 3794 2426 3844 Cic.
2465 3794 2535 3843 ad
2569 3795 2712 3843 Fam.
2752 3794 2813 3854 7,

1769 3870 1835 3919 2:
1890 3870 2097 3918 odoram
2138 3868 2293 3918 multo
2324 3868 2470 3929 peius
2500 3868 2631 3917 huno
2663 3879 2819 3929 quam

1767 3944 1942 4004 illum,
1979 3942 2377 4006 respondetque
2425 3941 2668 4006 populari
2716 3953 2819 3991 no-

1769 4021 1911 4069 stro:
1950 4022 2104 4081 dryor
2135 4017 2377 4081 fiis-cliton.

1834 4131 1915 4179 Μ.
1970 4130 2051 4179 52.
2117 4129 2446 4178 «Stoicorum
2481 4125 2567 4177 ille
2603 4126 2818 4190 sapiens

1767 4204 2035 4271 perfectus
2071 4206 2238 4267 (cuius
2278 4203 2516 4266 speciem
2553 4202 2676 4252 inde
2707 4214 2738 4250 a
2761 4214 2813 4250 v.

1767 4278 1847 4330 34.
1903 4277 2062 4329 Lollio
2114 4276 2359 4337 exhibet)
2426 4275 2812 4342 turpitudinem
