3234 4975
1261 407 1377 456 Lm.
1418 409 1478 458 n.

1552 407 1608 457 C.
1648 407 1776 457 xlx.
2481 404 2606 468 319

1676 817 1910 879 m

686 964 1011 1033 Bacchum
1055 966 1120 1032 in
1163 967 1427 1034 remotis
1471 965 1758 1034 carmina
1802 965 2071 1054 rupibus

695 1085 833 1152 Vidi
877 1085 1221 1152 docentem
1264 1124 1351 1135 —
1392 1085 1638 1154 credite
1683 1088 1926 1175 posteri
1970 1126 2055 1137 —

770 1204 1233 1296 Nymphasque
1279 1206 1604 1274 discentes
1651 1217 1717 1273 et
1759 1228 1953 1274 aures

860 1325 1296 1414 Capripedum
1340 1329 1724 1418 Satyrorum
1768 1337 2011 1395 acutas.

566 1499 696 1548 XIX.
733 1499 896 1547 Inscr.
933 1494 1070 1558 volg.
1105 1497 1333 1557 Hymnus
1362 1497 1419 1545 in
1450 1496 1720 1546 Bacchum.
1749 1523 1804 1532 —
1827 1496 1905 1546 Ad
1926 1496 2158 1546 Liberum
2181 1502 2383 1559 patrem
2404 1500 2537 1550 BST.

511 1570 1531 1634 —Libovipatmlaudoec.(om.h.)
1570 1571 1981 1621 —3.oeun's‘1’.

500 1721 629 1770 xlx.
681 1719 904 1769 Videtur
948 1732 1013 1768 ex
1058 1720 1261 1769 Graeco
1305 1717 1482 1782 aliquo

436 1792 724 1857 exemplari
779 1806 1066 1856 expressus
1113 1793 1201 1843 hic
1251 1794 1304 1844 in
1346 1795 1482 1844 Bac-

436 1868 600 1918 chum
632 1867 868 1930 hymnus
901 1880 1069 1930 prope
1091 1866 1160 1916 ad
1192 1867 1485 1930 dithyram-

435 1943 630 1993 bornm
676 1954 845 2004 genus
890 1940 1174 1991 accedens.
1257 1941 1480 1991 Pulchre

435 2020 617 2066 autem
659 2018 714 2065 et
760 2015 1021 2078 gradatim
1054 2028 1084 2063 a
1119 2015 1312 2065 Bacchi
1353 2015 1485 2066 lusi-

434 2090 539 2140 bus
573 2101 744 2152 usque
780 2088 850 2138 ad
884 2102 973 2139 res
1008 2087 1076 2138 ab
1102 2102 1167 2138 eo
1190 2089 1328 2139 inter
1349 2089 1482 2139 deos

435 2167 599 2227 atque
643 2165 759 2227 ipso
803 2165 854 2214 in
890 2166 1025 2213 Orco
1069 2162 1271 2213 domito
1304 2167 1483 2225 gestas

434 2237 787 2302 progreditur,
815 2239 865 2287 in
886 2251 991 2300 qua
1009 2235 1235 2286 mirabili
1255 2238 1481 2300 imagine

436 2312 631 2363 desinit
696 2324 930 2362 carmen.
1023 2310 1231 2361 Similes
1296 2311 1482 2374 hymni

438 2387 564 2437 sunt
585 2386 841 2449 Propertii
862 2385 892 2434 3
908 2423 920 2445 ,
949 2385 1052 2445 ⁴7„
1077 2385 1245 2435 Ovidii
1267 2386 1480 2435 Metam.

437 2458 488 2511 4.
514 2459 647 2520 init„
684 2459 837 2510 Trist.
864 2460 923 2518 ὅ,
966 2458 1017 2508 3.
1072 2458 1484 2523 compositionis

438 2536 650 2598 tempus
685 2547 784 2585 nos
817 2533 962 2583 latet.

504 2610 553 2659 4.
608 2608 826 2672 remotis]
884 2608 970 2657 Sic
1024 2604 1267 2657 absolute
1324 2608 1485 2657 etiam

440 2684 548 2734 Cic.
586 2681 657 2732 ad
702 2683 846 2732 Fam.
893 2683 954 2742 7,
1006 2682 1101 2742 20,
1154 2682 1214 2731 2;
1267 2687 1484 2742 annoto,

436 2757 651 2818 salubri,
705 2770 913 2806 amoeno
954 2756 1077 2805 loco.
1131 2782 1186 2791 —
1236 2756 1484 2820 emuna]

442 2833 703 2894 «hymnos
720 2832 978 2894 mysticos
990 2830 1058 2879 ad
1074 2830 1269 2881 Bacchi
1285 2829 1487 2880 cultum

439 2906 822 2970 pertinentes.»
873 2932 929 2943 --
975 2904 1200 2968 νωρίὸιιε]
1243 2904 1487 2955 Bacchus

444 2974 631 3050 ὄρειος
645 3015 660 3042 ,
713 2976 1047 3050 ὀρειφοίτης
1102 2977 1365 3041 (Phanocl.
1403 2980 1484 3029 Fr.

441 3054 530 3117 3.),
557 3067 806 3105 recessus
829 3066 1033 3103 amans.
1077 3054 1201 3103 Eur.
1228 3052 1377 3115 Cycl.
1403 3052 1484 3103 74:

440 3119 487 3176 ὦ
554 3127 689 3190 φίλε
733 3123 981 3186 Bebase,
1049 3131 1155 3177 ποῖ
1199 3124 1490 3188 οἰοπολεϊς

436 3197 658 3266 ξανθὰν
689 3204 897 3263 χαίταν
927 3202 1128 3259 σείων,·
1168 3201 1328 3265 Soph.
1355 3200 1485 3250 Oed.

437 3276 561 3338 Tyr.
588 3277 745 3326 4⁴05:
785 3272 823 3326 ὁ
844 3275 1130 3337 Βακχεῖος
1151 3271 1290 3338 θεὸς
1311 3276 1488 3325 ναίων

441 3351 527 3400 ἐπ’
565 3345 761 3419 ἄκρων
795 3344 994 3418 ὀρέων.

504 3424 553 3472 3.
604 3423 972 3485 Νυηιρὴσεᾳυο]
1019 3424 1231 3486 Longus
1276 3423 1335 3484 3,
1387 3423 1483 3473 23:

436 3496 503 3546 αἱ
533 3492 778 3560 Νύμφαι
813 3493 998 3544 πᾶσαι
1029 3499 1326 3558 μουσικαί.
1363 3500 1489 3548 Pra-

439 3572 576 3622 tinas
610 3572 663 3620 in
685 3568 1110 3632 hyporchemate
1132 3571 1273 3632 apud
1293 3573 1485 3621 Athen.

441 3645 531 3706 ⁴4,
570 3645 618 3694 8.
645 3645 816 3706 Bergk
838 3655 891 3707 p.
918 3642 1044 3693 842:
1081 3638 1338 3711 Βρόμιον
1353 3639 1488 3709 Ἐμὲ

437 3715 529 3768 δεῖ
577 3714 868 3778 κελαδεῖν,
927 3716 1032 3782 εμὲ
1084 3713 1175 3765 δεῖ
1217 3724 1488 3783 παταγεῖν

435 3785 536 3841 Ἀν·
564 3806 704 3863 ορεα
737 3788 994 3856 σύμενον
1025 3785 1174 3855 μετὰ
1198 3787 1484 3840 Ναῖάδων.

440 3867 668 3917 Fuerant
709 3869 892 3917 autem
925 3865 1120 3915 Bacchi
1164 3863 1290 3914 olim
1321 3862 1490 3928 τιθῆ-

439 3954 564 4000 ναι,
629 3941 882 3990 nutrices.
951 3942 1234 3989 Anacreon
1291 3939 1375 3988 Fr.
1437 3940 1485 3988 2.

441 4014 655 4078 Bergk:
696 4005 902 4077 Ὧναξ,
938 4004 985 4079 ᾧ
1020 4008 1286 4078 δαμάλης
1307 4006 1491 4082 Ἔρως

438 4088 552 4138 Καὶ.
605 4084 851 4152 Νύμφαι
911 4084 1267 4149 κυανώπιδες
1330 4085 1488 4156 Πορ-

437 4163 626 4233 φυρέη
678 4160 726 4212 δ’
769 4155 1072 4232 Ἀφροδίτη
1119 4162 1489 4227 Συμπαίζου-

440 4251 559 4286 σιν·
596 4239 964 4308 ἐπιστρέφεαι
1006 4233 1051 4285 δ’
1079 4230 1349 4301 ’Υψηλῶν
1382 4249 1488 4285 κο-

1555 1713 1748 1789 ρυφὰς
1766 1712 1964 1788 ὀρέων,
1989 1715 2315 1785 γουνοῦμαί
2329 1733 2414 1769 σε.
2440 1721 2602 1785 Soph.

1555 1792 1687 1842 Oed.
1737 1791 1849 1843 Col.
1897 1793 2020 1842 678:
2076 1792 2145 1841 ἵν’
2194 1788 2229 1842 ὁ
2273 1791 2608 1857 βακχιεότας

1555 1858 1649 1916 ἀεὶ
1711 1862 1999 1927 Διόνυσος
2066 1864 2375 1930 ἐμβατεύει
2441 1868 2607 1931 θεαῖς

1554 1935 1907 2005 ἄμφιπολῶν
1965 1937 2247 2005 τιθήναις.
2339 1943 2608 1993 Himerius

1553 2017 1697 2066 Orat.
1736 2017 1793 2075 ⁴,
1829 2017 1920 2065 2οε
1958 2013 2223 2080 Νυμφῶν
2255 2014 2472 2085 χορούς
2504 2020 2605 2067 καὶ

1553 2086 1828 2174 Δρυάδων
1855 2082 1982 2153 ἠχώ
2006 2090 2107 2139 καὶ
2128 2088 2424 2161 Σατύρους
2446 2106 2608 2162 σκιρ-

1553 2178 1773 2226 τωντας
1812 2165 1911 2214 καὶ
1950 2162 2123 2214 Πᾶνα
2161 2169 2469 2235 συρίζοντα
2506 2168 2607 2216 καὶ

1556 2235 1746 2288 πάντα
1761 2233 1864 2288 τὸν
1879 2234 2168 2289 Διονύσου
2185 2240 2418 2290 θίασον.
2450 2241 2602 2291 Cont'.

1556 2310 1654 2362 Od.
1692 2313 1750 2371 ⁴,
1788 2313 1844 2373 ⁴,
1888 2313 2450 2374 34:1vmnphanun-
2482 2314 2610 2364 leves

1555 2400 1673 2435 cum
1702 2386 1906 2447 Salauris
1936 2387 2093 2437 chori.

1623 2460 1673 2512 t.
1713 2460 2062 2527 capripodwn]
2101 2455 2429 2531 τραγόπουν
2462 2464 2606 2513 Pana

1556 2537 1715 2584 vocat
1738 2536 1844 2585 iam
1867 2534 2166 2584 Simonides
2178 2548 2235 2598 p.
2258 2535 2370 2585 ⁴89.
2392 2537 2610 2586 Schnei-

1559 2609 1694 2659 dew.
1731 2610 2030 2671 capripedes
2062 2610 2244 2658 autem
2276 2610 2489 2670 Satyros
2508 2610 2608 2659 hos

1560 2695 1686 2733 cum
1736 2683 1968 2732 Paniscis
2019 2682 2408 2733 confundentes
2458 2683 2610 2733 dixe-

1559 2758 1685 2806 runt
1716 2757 1993 2806 Lucretius
2025 2755 2084 2816 4,
2122 2757 2236 2806 582.
2265 2758 2318 2805 et
2339 2756 2393 2805 h.
2419 2755 2453 2806 1.
2510 2758 2613 2807 Ho-

1559 2831 1744 2880 ratius.
1780 2832 1954 2893 Atque
1988 2829 2133 2880 haud
2167 2843 2290 2879 raro
2321 2832 2399 2879 sic
2433 2833 2612 2894 poste·

1561 2905 1748 2954 riores.
1817 2903 1974 2953 Anth.
2020 2902 2128 2954 Pal.
2176 2905 2238 2953 11.
2286 2917 2341 2968 p.
2386 2906 2500 2953 705.
2540 2904 2608 2955 de

1560 2975 1831 3028 Praxitelis
1875 2977 2093 3040 Satyro:
2158 2973 2216 3026 Ὁ
2254 2976 2605 3048 τραγόπους,

1561 3046 1596 3102 ὁ
1630 3048 1734 3102 τὸν
1766 3044 1953 3101 ἀσκὸν
1985 3053 2325 3123 ἐπηρμένος.
2380 3053 2512 3103 lbid.
2553 3067 2604 3117 p.

1561 3127 1686 3177 629:
1737 3121 2076 3196 Σύντροφος
2109 3121 2408 3190 εὖάσταις,
2445 3130 2609 3194 αἰγο-

1561 3198 1746 3266 πόδης
1779 3198 2054 3271 Σάτυρος.
2114 3202 2232 3251 Duo
2266 3200 2399 3252 tales
2435 3203 2608 3264 Satyri

1560 3278 1904 3325 nominantur
1976 3275 2201 3324 ΣΙΜΟΣ
2218 3312 2234 3337 ,
2311 3276 2574 3326 ΚΩΜΟΣ
2592 3312 2608 3336 ,

1560 3351 1809 3414 Nympha
1828 3347 2120 3410 ΧΑΙΡΑΣ,
2145 3348 2269 3399 alibi
2292 3348 2431 3399 dnae
2449 3351 2614 3410 Nym-

1561 3424 1703 3489 phae
1728 3424 2023 3475 Bacchicae
2042 3461 2054 3484 ,
2090 3421 2396 3472 ΓΑΛΗΝΗ
2424 3422 2609 3483 altera,

1562 3499 1729 3549 altera
1744 3495 1956 3547 ETAIA
1978 3499 2192 3561 tempus
2214 3509 2487 3556 serenum,
2504 3508 2611 3545 non

1560 3569 1776 3621 EYOIA
1811 3570 1879 3620 ab
1915 3571 2088 3631 Evoe,
2126 3573 2184 3620 ut
2219 3569 2447 3619 coniecit
2479 3571 2610 3617 Ger-

1560 3646 1696 3696 hard
1734 3650 1841 3695 ant.
1876 3644 2056 3695 Bildw.
2094 3656 2147 3706 p.
2186 3644 2300 3692 222.
2356 3644 2609 3692 Ceterum

1561 3719 1630 3769 de
1662 3719 1859 3769 Horatii
1893 3717 2012 3768 loco
2046 3715 2166 3766 vide
2189 3718 2359 3778 Zoe‘ga
2392 3716 2613 3766 Bassid-

1560 3794 1675 3844 lievi
1696 3794 1752 3843 T.
1771 3794 1852 3842 75.
1873 3794 1992 3842 Not.
2022 3790 2101 3841 44.
2130 3791 2287 3840 Lanzi
2310 3792 2383 3840 αι’
2405 3793 2516 3840 vasi
2539 3791 2614 3839 di-

1553 3868 1690 3929 pinti
1720 3880 1776 3930 p.
1803 3866 1918 3915 407.
1957 3864 2195 3914 Gerhard
2228 3865 2306 3914 del
2334 3866 2417 3914 dio
2438 3867 2612 3915 Fauno

1563 3953 1617 4005 p.
1655 3941 1737 3990 35.
1789 3937 2026 3990 Macrob.
2064 3940 2170 3987 Sat.
2197 3939 2219 3987 4
2246 3976 2257 3997 ,
2295 3940 2375 3989 48.
2402 3953 2455 4004 p.
2484 3941 2606 3990 287:

1560 4014 1621 4062 In
1651 4015 1879 4063 Pau-naso
1912 4013 2216 4074 Satyrorum
2246 4013 2480 4076 frequens
2499 4027 2612 4062 cer-

1561 4088 1705 4135 m'tw·
1735 4091 1900 4135 coetus
1931 4090 1977 4135 et
2002 4087 2300 4148 plerumque
2327 4101 2469 4137 voces
2482 4100 2613 4149 pro-

1554 4159 1709 4222 priae
1740 4171 1913 4208 eomm
1934 4162 2292 4210 aaudiuntw.
2332 4160 2616 4224 Eleganter

1561 4235 1614 4283 in
1650 4233 1751 4282 hac
1784 4233 2153 4297 Nympharum
2190 4236 2613 4296 satyrorumque
