3234 4975
1460 391 1715 442 HoRATn
1756 390 2010 440 EPODON

1405 849 2082 913 cfflvln

996 1026 1166 1108 Quid
1213 1026 1624 1092 immerentes
1670 1025 1961 1112 hospites
2004 1046 2202 1093 vexas
2247 1028 2425 1094 canis

1080 1149 1358 1235 Ignavus
1402 1146 1749 1212 adversum
1793 1145 1982 1233 lupos
2005 1147 2038 1211 ⁴?

995 1267 1167 1348 Quin
1208 1267 1337 1334 huc
1381 1267 1643 1344 inanes,
1693 1267 1745 1333 si
1790 1277 2015 1355 poteS,
2064 1269 2264 1335 vertis
2308 1268 2550 1344 minas,

1089 1389 1164 1453 Et
1204 1407 1310 1454 me
1355 1408 1797 1454 remorsurum
1843 1387 2067 1492 petis?

787 1568 872 1617 Vl.
911 1568 1075 1620 inser.
1112 1563 1248 1629 volg.
1285 1568 1343 1616 In
1377 1565 1603 1616 Cassium
1635 1566 1902 1625 Severum,
1940 1568 1994 1617 et
2016 1566 2094 1617 sic
2117 1579 2177 1626 c,
2214 1563 2396 1616 Bland.
2422 1568 2563 1627 tres,
2603 1566 2769 1617 Ober-

722 1638 812 1689 lini
845 1641 903 1689 Β.
961 1666 1015 1676 -
1072 1641 1375 1690 Maledicwm
1399 1641 1607 1702 poetam
1640 1640 1694 1688 in
1724 1652 1775 1689 ae
1806 1640 1981 1688 irritat
2011 1640 2335 1700 minaturque
2366 1640 2409 1689 ei
2442 1639 2593 1690 scuta
2621 1641 2765 1691 rabie
2836 1667 2843 1678 ·

721 1713 875 1776 fuerit
894 1714 1055 1764 elau&
1074 1716 1114 1765 B
1139 1726 1376 1765 meus.—
1413 1713 1463 1763 2.
1489 1713 1726 1763 adversos
1745 1714 1802 1774 B,
1832 1714 2071 1763 adversus
2092 1714 2127 1762 S
2152 1713 2276 1776 (non
2298 1712 2406 1776 bc).
2430 1738 2499 1774 ,—
2547 1714 2596 1765 3.
2630 1719 2770 1765 verte

723 1800 861 1838 corr.
898 1789 956 1847 B,
992 1787 1175 1838 Bland.
1213 1785 1512 1851 antiquiss„
1560 1786 1692 1837 Cod.
1720 1787 1921 1849 Divaei,
1959 1784 2264 1851 complures
2302 1787 2561 1848 Pottierii,
2600 1788 2659 1838 C.
2706 1814 2760 1823 —

722 1859 771 1910 4.
803 1866 939 1923 petes
971 1862 1032 1923 b,
1062 1867 1176 1924 pete
1207 1862 1447 1927 plerique
1482 1862 1742 1922 Pottierii,
1780 1862 1841 1911 C.

722 2017 806 2066 vl.
867 2017 925 2066 ln
965 2030 1130 2081 quem
1171 2020 1475 2081 invehatur,
1530 2021 1710 2071 incer-

657 2093 774 2140 tum
820 2093 918 2141 est.
1001 2090 1244 2156 Plerique
1290 2107 1415 2144 cum
1459 2097 1704 2155 Acrone,

665 2163 873 2215 Comm.
913 2164 1075 2227 Cruq.
1113 2168 1169 2215 et
1202 2166 1368 2218 Codd.
1408 2166 1528 2232 aliq.
1573 2167 1710 2219 refe-

657 2238 780 2286 runt
802 2236 869 2286 ad
900 2237 1141 2289 Cassium
1160 2241 1418 2291 Severum
1438 2245 1708 2292 oratorem

657 2323 787 2360 sane
810 2310 1159 2374 maledicum,
1187 2315 1277 2378 qui
1303 2317 1482 2365 tamen
1505 2328 1631 2365 cum
1655 2328 1703 2365 a.

657 2385 884 2435 u.c.786.
906 2398 1069 2436 senex
1087 2389 1329 2438 mortuus
1347 2390 1484 2439 sitin
1504 2387 1704 2448 exsilio,

658 2459 928 2510 circitera.
946 2473 999 2511 u.
1017 2474 1065 2511 c.
1082 2461 1217 2522 720..
1246 2475 1353 2526 quo
1365 2462 1467 2513 hoc
1485 2475 1706 2512 carmen

658 2534 1013 2597 compositum
1053 2535 1289 2596 videtur,
1344 2550 1481 2600 puer
1514 2537 1707 2587 etiam-

658 2608 784 2656 tunc
828 2606 925 2656 fuit
962 2607 1046 2658 vel
1090 2607 1520 2660 adolescentulus
1554 2622 1709 2659 sum-

657 2692 807 2730 mum
858 2680 965 2731 XX.
1011 2694 1290 2733 annorum.
1360 2682 1456 2733 Alii
1504 2683 1709 2745 cogita-

656 2755 783 2803 runt
824 2753 890 2804 de
933 2755 1163 2816 Maevio,
1217 2754 1356 2806 malo
1408 2760 1592 2820 poeta,
1653 2757 1705 2806 in

656 2839 821 2890 quem
855 2829 937 2878 est
967 2828 1133 2892 Epod.
1162 2829 1240 2879 40.
1293 2830 1411 2880 vid.
1449 2830 1708 2880 Kirchner

658 2901 895 2960 Quaestt.
941 2901 1120 2951 Horat.
1167 2915 1219 2966 p.
1266 2903 1348 2953 22.
1388 2902 1702 2963 Groteiend,

655 2974 724 3023 de
759 2973 951 3034 Bavio,
999 2988 1170 3039 aeque
1214 2973 1355 3026 malo
1388 2979 1575 3040 poeta,
1623 2977 1705 3027 in-

595 3056 616 3083 *
656 3049 1003 3111 terpretatuS,
1040 3048 1207 3098 refert
1239 3049 1309 3100 ad
1343 3062 1392 3100 a.
1430 3051 1546 3100 746.
1595 3050 1700 3101 Cir.

653 3121 806 3171 Estre
843 3121 967 3170 Hor.
1006 3122 1089 3170 Pr.
1128 3134 1180 3184 p.
1220 3123 1333 3172 479.

722 3193 769 3242 4.
807 3194 856 3243 2.
909 3194 1134 3257 hospites]
1171 3197 1539 3259 «peregrinos,
1577 3198 1700 3260 qui,

655 3266 756 3317 etsi
801 3266 998 3316 innoxii
1032 3270 1155 3316 sunt
1188 3281 1364 3332 neque
1399 3268 1502 3319 ulla
1537 3272 1590 3321 te
1626 3272 1703 3321 in-

655 3340 788 3390 iuria
822 3339 1235 3402 lacessiverunt,
1289 3344 1341 3391 te
1378 3343 1555 3396 civem
1597 3345 1703 3393 Ro-

655 3427 873 3465 manum
910 3414 1157 3464 timentes
1193 3427 1298 3465 non
1333 3415 1532 3466 audent
1570 3419 1705 3467 acri-

655 3491 739 3539 ter
770 3489 1022 3540 resistere
1057 3489 1213 3539 minis
1253 3489 1409 3540 tuis.»
1449 3517 1503 3525 —
1541 3491 1700 3555 canis]

654 3562 847 3612 «homo
889 3560 1198 3626 impudens,
1254 3561 1409 3613 simul
1455 3563 1698 3623 timiduS,

654 3635 742 3686 ubi
779 3637 830 3686 in
856 3636 1165 3699 quempiam
1201 3636 1454 3697 incurriS,
1492 3637 1581 3700 qui
1607 3636 1703 3686 tibi

653 3709 855 3759 viribus
890 3710 1135 3773 superior
1167 3712 1274 3771 est,
1312 3713 1370 3760 ut
1403 3709 1558 3774 lupus
1582 3711 1702 3761 cani

651 3785 895 3846 ignavo.»

716 3855 765 3905 3.
804 3854 852 3906 4.
891 3857 934 3905 si
960 3856 1117 3921 potes]
1157 3857 1232 3907 asi
1265 3856 1482 3907 audes».
1521 3859 1701 3921 Impe-

652 3929 803 3978 rativi
824 3934 961 3979 verte
994 3931 1049 3980 et
1075 3935 1204 3992 pete,
1240 3943 1268 3979 a
1296 3928 1536 3980 Fabricio
1562 3932 1703 3995 (pru-

657 4002 849 4051 denter
871 4004 1049 4053 tamen
1075 4004 1231 4054 metri
1250 4016 1408 4054 causa
1433 4004 1510 4054 sic
1534 4006 1704 4056 trans-

652 4078 918 4139 ponente:
973 4082 1126 4138 verte‚
1162 4078 1205 4126 si
1235 4083 1393 4139 polee,
1429 4077 1612 4142 minas)
1650 4081 1704 4129 et

652 4150 890 4213 cruquio
939 4151 1165 4214 recepti,
1240 4164 1411 4216 nuper
1453 4165 1485 4201 a
1520 4151 1703 4202 Peerl-

651 4224 864 4289 kampio
887 4223 1112 4287 probati,
1149 4226 1333 4288 utique
1356 4223 1583 4276 librariis
1607 4227 1701 4276 tri-

669 4462 730 4503 Q

1783 2016 1982 2067 buendi
2017 2021 2167 2078 sunt,
2207 2018 2297 2081 qui
2331 2017 2476 2068 hunc
2498 2029 2654 2067 usum
2689 2021 2828 2081 part.

1783 2091 1904 2153 φάη
1927 2104 2051 2142 cum
2076 2091 2355 2141 indicativo
2376 2104 2568 2155 parum
2591 2094 2827 2141 nossent.

1784 2165 1941 2214 Certe
1977 2165 2029 2214 in
2062 2166 2360 2228 Augusteae
2396 2165 2584 2214 aetatis
2606 2164 2834 2227 scripto-

1782 2237 1931 2288 ribus
1966 2236 2176 2287 tolerari
2201 2250 2305 2288 non
2335 2239 2512 2301 potest
2534 2238 2655 2299 quin
2672 2241 2828 2297 verte,

1783 2324 2112 2375 quamquam
2161 2310 2488 2375 antiquiores
2538 2313 2830 2374 utrumque

1780 2384 2035 2448 loquendi
2072 2383 2321 2445 modum,
2360 2384 2737 2448 imperativum
2776 2387 2833 2434 et

1780 2459 1903 2520 quin
1937 2470 2061 2508 cum
2096 2455 2278 2517 indic„
2316 2458 2395 2510 sic
2422 2456 2826 2517 contrahebant,

1779 2535 1839 2582 ut
1871 2532 2147 2582 Terentius
2182 2532 2342 2582 Andr.
2369 2533 2428 2593 4,
2469 2533 2529 2592 4,
2568 2532 2656 2581 48;
2707 2534 2832 2594 quin

1780 2610 1836 2655 tu
1866 2619 1967 2655 uno
1987 2605 2136 2655 verbo
2157 2606 2252 2655 dic.
2290 2604 2451 2655 Andr.
2476 2606 2589 2665 23,
2610 2606 2667 2654 9:
2707 2606 2829 2667 quir:

1779 2684 1836 2730 tu
1865 2681 1957 2729 hoc
1989 2680 2127 2728 audi.
2207 2677 2313 2728 Sed
2346 2677 2529 2729 solitae
2580 2682 2830 2729 constru-

1778 2754 1968 2804 ctionis
2009 2752 2251 2816 exempla
2291 2755 2416 2802 sunt
2448 2751 2591 2815 apud
2622 2752 2826 2803 Livium

1781 2828 1828 2887 4,
1866 2827 1959 2876 ὕἾε
2000 2826 2129 2888 Quin
2151 2853 2180 2863 -
2201 2852 2230 2863 -
2253 2826 2618 2875 conscendimus
2640 2839 2790 2887 equos
2808 2829 2826 2875 !

1779 2899 1927 2949 Ovid.
1966 2902 2083 2949 Am.
2121 2900 2183 2960 2,
2222 2899 2313 2959 49,
2350 2898 2445 2947 59:
2503 2899 2634 2960 Quin
2667 2900 2827 2949 alium

1778 2974 2118 3035 --qaaerist
2168 2971 2259 3021 ubi
2312 2973 2440 3022 item
2492 2971 2662 3022 Codd.
2698 2972 2821 3039 aliq.

1778 3060 1977 3108 quaere.
2016 3047 2079 3105 3,
2117 3046 2176 3105 7,
2225 3045 2315 3094 69:
2371 3045 2501 3107 Quin
2532 3046 2643 3095 istic
2671 3048 2825 3107 pudi-

1778 3120 1946 3170 bunda
1979 3120 2110 3168 iaces
2131 3145 2161 3154 -
2181 3120 2247 3166 -1

1841 3195 1890 3245 ὅ.
1919 3195 1968 3243 6.
1998 3194 2250 3253 Molossos,
2278 3204 2499 3255 magnos
2520 3206 2683 3244 canes
2705 3194 2826 3258 Epi·

1777 3268 1973 3318 roticos
1996 3268 2049 3316 et
2078 3268 2346 3317 Laconicas
2375 3267 2640 3330 coniungit
2662 3268 2823 3318 etiam

1777 3341 1918 3404 Virg.
1957 3342 2049 3390 Ge.
2087 3341 2143 3400 3,
2193 3340 2315 3392 405:
2377 3341 2565 3391 Veloces
2604 3342 2826 3404 Spartae

1775 3415 1967 3464 catulos
1987 3426 2249 3475 acremque
2263 3414 2530 3465 Molossum
2544 3417 2693 3465 Pasce
2713 3429 2825 3465 sero

1768 3489 1965 3553 pingui
2003 3489 2276 3550 Nunquam
2296 3489 2576 3539 custodibus
2594 3490 2693 3538 illis
2710 3490 2823 3539 No·-

1774 3568 2007 3613 ctumum
2037 3562 2244 3612 stabatis
2290 3562 2455 3625 fiat-em
2502 3563 2828 3624 incursusque

1773 3638 2007 3699 luporum
2037 3636 2137 3686 Aut
2166 3637 2443 3697 impacatos
2472 3650 2507 3684 a
2539 3641 2679 3700 terqo
2702 3637 2827 3687 hor-

1772 3711 1902 3761 rebis
1922 3710 2102 3760 Iberos.
2138 3736 2193 3746 —
2219 3710 2388 3758 amica
2413 3709 2505 3773 vis]
2543 3710 2659 3770 Qui,
2697 3712 2825 3773 quia

1774 3784 2041 3849 praesidio
2086 3786 2141 3833 et
2177 3783 2448 3833 custodiae
2484 3785 2609 3833 sunt
2648 3786 2826 3848 gregi-

1775 3858 1907 3918 bus,
1945 3857 2055 3907 cari
2085 3859 2210 3908 sunt
2241 3855 2560 3921 pastoribus.
2611 3859 2822 3908 Lucret.

1776 3932 1837 3992 6,
1878 3933 2029 3981 ⁴220:
2079 3932 2187 3994 fida
2234 3944 2419 3980 canum
2470 3930 2561 3979 vis.
2642 3930 2821 3993 virgil.

1774 4008 1906 4056 Aen.
1946 4004 2006 4067 4,
2046 4004 2174 4054 432:
2213 4006 2373 4054 odora
2405 4017 2589 4054 canum
2619 4005 2710 4054 vis.

1842 4080 1890 4128 7.
1929 4079 1977 4129 8.
2024 4092 2151 4128 aure
2182 4078 2395 4142 sublata]
2434 4079 2685 4128 «arrectis
2726 4091 2827 4128 au-

1776 4152 1927 4203 ribus
1961 4151 2140 4203 alacer
2174 4151 2436 4215 agitabo.»
2465 4178 2522 4189 ·—
2544 4153 2824 4216 praecedet]

1778 4240 1838 4277 «a
1887 4240 1972 4277 me
2010 4241 2039 4278 e
2076 4224 2241 4278 lustro
2290 4226 2513 4277 excitata
2557 4230 2608 4276 et
2650 4226 2703 4276 in
2740 4226 2827 4276 iu-
