3234 4975
1212 388 1329 438 ΜΒ.
1370 388 1405 436 l.
1479 389 1536 436 C.
1578 387 1750 437 XXXI.

785 546 921 609 Non
965 556 1305 609 aestuosae
1349 552 1528 629 grata
1574 541 1910 609 Calabriae
2569 541 2606 601 ξ’)

788 668 1117 741 Armenta,
1164 685 1293 732 non
1337 684 1567 730 aurum
1611 674 1722 729 aut
1765 662 1930 729 ebur
1973 640 2288 733 indicum,

872 788 1012 853 Non
1054 808 1235 861 rura,
1290 805 1460 873 quae
1503 785 1669 851 Liris
1712 784 1932 873 quieta

955 906 1202 973 Mordet
1242 928 1412 996 aqua
1457 907 1810 974 taciturnus
1856 908 2080 973 amnis.

789 1071 1089 1135 Premant
1131 1067 1367 1136 Calena
1409 1066 1569 1134 falce
1611 1066 1851 1156 quibus
1894 1065 2074 1134 dedit

787 1192 1070 1256 Fortuna
1111 1190 1338 1265 vitem,
1385 1187 1569 1256 dives
1612 1200 1679 1255 et
1721 1190 1938 1255 aureis

2535 1190 2615 1255 ⁴0

581 1355 629 1401 5.
667 1353 802 1401 laeta
842 1350 1139 1401 Paldamus.
1194 1377 1248 1388 —-
1294 1351 1343 1400 6.
1389 1350 1508 1400 ebor
1547 1351 1604 1400 T.
1646 1377 1702 1390 --
1740 1350 1788 1399 9.
1827 1350 2065 1399 Calenam
2101 1348 2268 1399 Bentl.
2312 1351 2448 1400 coni.
2493 1378 2544 1387 —

522 1428 602 1476 ⁴0.
640 1427 703 1490 et]
738 1431 796 1476 ut
825 1427 884 1487 Β,
921 1439 1002 1489 pr.
1039 1422 1082 1485 β
1115 1428 1170 1475 et
1203 1437 1340 1474 corr.
1377 1441 1430 1490 y,
1467 1425 1788 1488 porphyrio,
1837 1427 1971 1474 Pott.
2011 1426 2277 1487 quinque,
2315 1425 2481 1475 Bentl.

456 1568 609 1619 dae.»
656 1567 751 1630 Ep.
792 1567 849 1626 ⁴,
894 1566 983 1615 27:
1027 1566 1238 1617 Pecu-we
1271 1564 1500 1616 Calabris
1571 1563 1631 1625 4,
1684 1563 1807 1614 350:
1869 1564 1935 1614 Et
1984 1566 2118 1614 Liris
2166 1566 2386 1615 nutritus
2441 1567 2612 1628 aquis,

456 1648 572 1693 ante
618 1643 755 1691 sidus
804 1641 1053 1703 semidam
1101 1640 1310 1689 Lucana
1344 1645 1502 1691 mutet
1572 1640 1661 1701 qui
1697 1640 1833 1702 sonte
1872 1639 2035 1701 quieto
2077 1640 2375 1691 Dissimulat
2414 1654 2618 1691 curs-mn

452 1718 672 1781 pascuis.
698 1744 752 1751 -
771 1714 1227 1779 arata-armenta]
1249 1712 1499 1779 «pulchra
1573 1728 1637 1764 ac
1673 1715 1813 1764 nullo
1856 1715 2108 1764 mutabilis
2147 1716 2295 1765 imbri
2325 1717 2617 1781 Pet-stringit

457 1795 512 1842 et
554 1792 792 1855 pinguia,
846 1804 986 1869 quae
1026 1790 1156 1839 dum
1189 1792 1498 1854 pascuntur,

454 1872 660 1931 gratum
692 1879 799 1915 non
831 1864 1006 1915 solum
1041 1864 1274 1925 domin0,
1310 1877 1501 1914 verum

458 1943 619 1992 etiam
650 1954 750 2005 per
779 1953 978 2004 pascua
1013 1938 1376 1990 deambulanti
1396 1940 1507 1988 via-

458 2016 559 2065 tori
609 2013 972 2079 spectaculum
1019 2013 1334 2078 praebent.»
1392 2015 1504 2064 Hoc

457 2089 722 2141 ἐπίθετον
756 2087 996 2152 simplex,
1034 2089 1137 2138 hoc
1170 2091 1391 2138 naturae
1426 2089 1505 2139 rei

457 2167 669 2229 aptum,
714 2177 779 2214 ac
811 2164 1016 2214 risisset
1051 2162 1292 2227 profecto
1324 2166 1501 2227 poeta,

458 2241 506 2290 si
550 2240 668 2302 quis
719 2252 845 2288 eum
894 2237 1214 2289 substituere
1264 2238 1506 2288 iussisset

459 2315 609 2364 laeta.
636 2314 766 2364 Miro
801 2326 947 2373 casu,
985 2326 1149 2376 quem
1184 2315 1362 2363 tamen
1396 2313 1504 2362 iam

460 2387 737 2451 aliquoties
754 2388 1070 2446 notavimuS,
1096 2388 1285 2437 Monch
1312 2390 1367 2436 et
1388 2386 1509 2436 Hof-

462 2476 587 2514 man
620 2461 932 2525 Peerlkamp
967 2462 1020 2512 in
1053 2461 1283 2512 eandem
1313 2460 1510 2511 incide-

462 2539 587 2587 runt
609 2538 764 2586 coni.:
803 2538 878 2588 Gr
920 2538 930 2547 “
983 2542 1320 2586 --armenta
1370 2537 1506 2584 Sane

463 2625 592 2662 oves
608 2613 921 2661 Tarentinae
944 2614 1164 2675 propter
1183 2610 1337 2661 lanae
1354 2625 1510 2674 prae-

462 2688 711 2738 stantiam
740 2689 897 2736 erant
930 2685 1288 2736 nobilissimae
1322 2685 1509 2750 appel-

464 2760 814 2823 labanturque
851 2761 1101 2822 Graecae,
1139 2761 1389 2811 Graecum
1413 2774 1510 2823 pe-

462 2850 566 2885 cus.
606 2834 711 2885 Csr.
751 2833 1097 2884 Columellam
1131 2835 1180 2895 7,
1208 2834 1258 2886 4.
1285 2835 1414 2886 Plin.
1441 2837 1504 2886 H.

466 2912 526 2960 N.
563 2912 620 2971 8,
658 2909 739 2960 48.
776 2911 976 2960 Verum
1009 2923 1123 2959 oves
1150 2923 1256 2960 non
1278 2913 1512 2961 suntarb

462 2990 663 3047 menta,
729 2998 961 3048 quorum
1023 2983 1291 3035 ἐπίθετον
1347 2986 1511 3036 Graia

466 3062 630 3111 miros
673 3057 859 3124 procul
905 3058 1068 3110 dubio
1116 3061 1256 3110 risus
1304 3059 1513 3111 lectori—

466 3134 570 3185 bus
626 3135 965 3185 excussisset.

531 3248 581 3297 7.
638 3247 784 3312 Liris]
829 3247 1021 3296 fluvius
1066 3247 1120 3295 in
1154 3246 1347 3297 finibus
1381 3249 1511 3299 Latii

471 3325 527 3372 et
549 3324 888 3387 Campaniae,
912 3322 1185 3385 perfluens
1203 3323 1509 3384 Minturnas,

469 3397 627 3446 hodie
663 3397 977 3459 Gar-igliano.
1017 3396 1110 3445 Od.
1148 3396 1206 3456 3,
1245 3397 1337 3456 ⁴7,
1373 3398 1422 3446 8.

534 3509 583 3557 8.
637 3508 847 3571 Ποῖ-ἀοι]
893 3505 1056 3557 Simili
1090 3508 1319 3570 imagine
1353 3510 1515 3559 etiam

467 3583 646 3631 rodere
677 3583 731 3631 et
761 3587 922 3631 terere
942 3582 1011 3631 de
1034 3581 1207 3630 fluviis
1230 3582 1374 3645 ripas
1396 3596 1519 3634 sen-

470 3658 573 3707 sim
608 3653 908 3707 eluentibus
939 3657 1245 3719 usurpatur.
1305 3658 1512 3707 Lucret.

470 3732 536 3790 5,
569 3730 689 3780 257:
744 3735 793 3779 et
840 3731 984 3793 ripas
1028 3730 1265 3780 radentia
1302 3732 1518 3796 nuntiua

470 3805 669 3854 rodunt.
726 3803 912 3855 Claud.
966 3806 1124 3855 Cons.
1179 3803 1335 3855 Proh.
1388 3805 1512 3856 259:

471 3885 631 3929 terens
686 3885 919 3941 querceta
972 3879 1202 3929 Maricae
1248 3880 1396 3930 Liris.
1459 3909 1515 3917 —-

472 3954 767 4018 taciturnus]
805 3953 911 4005 Cfr.
949 3954 1115 4004 Isaiae
1150 3954 1207 4015 8,
1246 3955 1303 4005 6:
1356 3969 1522 4017 aquae

473 4029 626 4089 Siloe',
663 4042 792 4091 quae
822 4030 1014 4080 vadunt
1047 4043 1161 4078 cum
1181 4029 1390 4079 silentio.
1440 4030 1521 4080 Ti-

475 4102 600 4153 bull.
630 4104 677 4162 ⁴,
705 4103 754 4164 7,
782 4103 874 4153 43:
908 4105 985 4154 An
1007 4109 1072 4164 te,
1098 4105 1281 4166 Cydne,
1317 4119 1519 4166 canam,

474 4178 639 4228 tacitis
693 4179 780 4240 qui
833 4179 1008 4229 leniter
1060 4179 1208 4229 undis
1257 4180 1524 4231 Caeruleus

469 4254 682 4315 placidis
694 4267 792 4317 per
818 4254 955 4304 vada
975 4255 1133 4317 serpis
1153 4253 1335 4317 aquis?
1368 4253 1521 4305 Silius

1573 1790 1754 1840 tacitas
1783 1790 2053 1853 germinanti
2084 1792 2284 1855 gurgite
2314 1792 2472 1853 ripa&

1641 1865 1689 1914 9.
1726 1865 2027 1914 Sententiae
2063 1865 2133 1913 ita
2167 1867 2474 1915 nectuntur:
2530 1865 2619 1917 «ld

1575 1952 1706 1989 vero
1724 1951 1845 1989 mea
1864 1938 2080 1988 minime
2093 1939 2273 1999 refert,
2292 1940 2418 2003 quid
2438 1943 2622 2004 optent

1576 2013 1821 2063 homines
1872 2012 1940 2063 de
1982 2012 2159 2077 plebe.
2215 2014 2459 2065 Habeant
2498 2015 2617 2075 sibi,

1578 2101 1717 2151 quae
1774 2089 2057 2150 expetunt:
2127 2088 2378 2151 equidem
2439 2092 2622 2154 paucis

1578 2163 1858 2212 contentus
1892 2175 2073 2212 sum.»

1579 2236 1806 2287 duarum
1841 2237 2182 2299 stropharum
2214 2240 2472 2308 εἰρωνείᾳ
2505 2252 2623 2289 ma-

1578 2312 1720 2360 xima
1754 2311 1911 2361 buius
1946 2310 2113 2361 odarii
2139 2313 2306 2364 virtus
2327 2316 2499 2378 posita
2523 2319 2619 2365 est.

1584 2412 1642 2421 —
1675 2385 1925 2448 Fremant]
1961 2398 2059 2449 pro
2091 2386 2327 2450 pedestri
2356 2402 2408 2439 v.
2425 2395 2622 2451 putenm

1582 2461 1706 2525 quia
1750 2461 1966 2510 nimiam
1999 2463 2372 2525 pampinorum
2413 2476 2476 2513 ac
2509 2462 2626 2528 pal-

1582 2536 1772 2585 mitum
1805 2533 2068 2585 luxuriem
2108 2534 2208 2585 falx
2238 2538 2488 2587 vineatica
2523 2540 2626 2588 Ca-

1582 2609 1692 2658 toni
1716 2611 1773 2658 R.
1800 2610 1858 2659 R.
1888 2609 1993 2668 ⁴⁴„
2023 2612 2290 2670 putatoria
2317 2610 2549 2661 Palladio
2575 2613 2622 2672 4,

1580 2682 1665 2743 43,
1704 2684 1773 2743 4.,
1820 2681 2061 2732 cultellus
2095 2684 2343 2734 incurvus
2371 2687 2623 2746 vinitoris,

1584 2757 1906 2821 comprimit,
1943 2759 2249 2821 compescit.
2290 2759 2427 2822 Virg.
2455 2763 2546 2810 Ge.
2576 2761 2623 2820 ⁴,

1584 2834 1704 2883 ⁴57:
1756 2833 1897 2882 raris
1928 2834 2073 2894 opaci
2105 2833 2255 2883 Falce
2277 2846 2476 2895 premes
2512 2848 2627 2884 mn-

1582 2909 1718 2959 braS.
1756 2906 1904 2958 Ovid.
1941 2909 2064 2958 Met.
2093 2906 2181 2968 ⁴4,
2220 2907 2341 2958 628:
2378 2909 2627 2959 adunca-

1580 2984 1729 3047 salce,
1769 2984 1882 3044 Qua
1912 2983 2059 3032 modo
2091 2982 2346 3032 luem-iem
2370 2985 2556 3045 premit
2585 2991 2631 3034 et

1583 3059 1863 3120 spatiantia
1885 3058 2078 3119 passim
2097 3058 2320 3107 Brachia
2350 3060 2625 3121 conmeecit.

1584 3135 1660 3184 lta
1718 3134 1904 3183 Graeci
1958 3145 2190 3196 quoque.
2251 3132 2512 3184 Plutarch.
2562 3136 2629 3185 de

1586 3208 1711 3257 aud.
1750 3209 1893 3257 Poet.
1918 3220 1972 3270 p.
1998 3207 2077 3257 58.
2104 3207 2292 3270 wytt:
2332 3201 2481 3258 ὅπου
2505 3203 2633 3259 ὑλο-

1585 3286 1764 3348 μανεῖ
1789 3276 1858 3333 τὸ
1897 3277 2188 3345 μυθῶδες,
2239 3278 2631 3347 ἐπιλαμβανό-

1584 3373 1755 3424 μενοι
1802 3353 2138 3422 κολούωμεν
2187 3358 2288 3407 καὶ
2335 3361 2628 3423 πιέζωμεν,

1588 3448 1656 3484 ex
1689 3426 1990 3504 ἡμερίδος,
2023 3433 2170 3494 vitis,
2220 3435 2628 3496 comparatione.

1589 3511 1843 3560 Ceterum
1907 3507 2072 3558 cuivis
2128 3508 2465 3558 manifestum
2521 3508 2631 3558 fore

1590 3583 1843 3648 equidem
1896 3585 2171 3646 putaram,
2230 3582 2299 3631 de
2354 3583 2631 3632 vinearum

1590 3656 1840 3709 fertilium
1871 3657 2228 3720 possessione,
2267 3669 2373 3705 non
2407 3669 2537 3705 vero
2565 3656 2633 3707 de

1589 3734 1706 3796 ipso
1751 3744 1915 3794 opere
1960 3731 2157 3781 rustico
2190 3730 2244 3777 in
2275 3729 2338 3779 iis
2373 3729 2633 3790 faciendo,

1590 3806 1736 3869 loqui
1767 3807 2011 3868 poetam;
2064 3802 2387 3853 contrarium
2429 3804 2637 3854 videtur

1594 3880 1863 3940 Liibkero,
1902 3881 1988 3929 cui
2036 3879 2128 3942 qui
2177 3877 2318 3928 volet
2364 3879 2632 3933 assentiam

1595 3968 1694 4018 ego
1729 3968 1851 4004 non.
1904 3980 1958 3989 —
2008 3953 2385 4003 «Recentiores
2418 3953 2636 4017 quidem

1596 4029 1855 4080 editiones
1888 4031 2091 4093 ponunt
2118 4030 2382 4078 commata
2405 4031 2527 4091 post
2547 4041 2632 4077 vv.

1593 4105 1723 4168 falce
1755 4107 1810 4153 et
1842 4103 2082 4153 Fortuna.
2124 4106 2192 4153 At
2222 4104 2419 4153 rectius
2453 4101 2639 4152 tollun—

1596 4181 1698 4240 tur,
1736 4181 1794 4228 ut
1826 4179 2157 4229 accusativus
2187 4180 2337 4229 vitem
2371 4191 2477 4228 non
2514 4190 2636 4239 pre-

1592 4259 1736 4304 mant
1779 4251 1952 4305 solum
1996 4256 2276 4318 sequatur,
2335 4252 2433 4304 sed
2477 4253 2637 4304 etiam

2125 2165 2184 2214 In
2217 2164 2409 2214 harum
2443 2167 2623 2215 autem
2693 2150 2708 2160 “
