3234 4975
1187 452 1303 503 Lm.
1344 457 1379 503 1.
1453 457 1508 505 c.
1548 456 1743 506 xxxii.
2473 456 2596 521 477

758 609 815 671 Ο
860 607 1063 674 decus
1106 608 1349 676 Phoebi
1394 621 1459 677 et
1501 606 1779 698 dapibus
1823 614 2108 700 supremi

764 730 956 796 Grata
1001 730 1258 798 testudo
1304 733 1498 809 loviS‚
1548 754 1588 798 o
1635 732 1929 800 laborum

763 851 965 917 Dulce
1007 850 1319 929 lenimen,
1366 852 1521 918 mihi
1565 874 1824 939 cunque
1870 853 2044 919 salve
2517 857 2593 922 {5

1014 974 1152 1040 Rite
1194 975 1465 1041 vocanti.

557 1170 636 1218 ⁴5.
672 1170 818 1231 mihi,
856 1170 1061 1232 cuique,
1099 1171 1233 1221 salve
1267 1170 1503 1222 malebat
1534 1170 1824 1225 Bentleius.

427 1343 647 1394 Turseli.
685 1347 742 1396 T.
779 1349 841 1396 11.
879 1361 933 1410 p.
963 1347 1096 1407 474.)
1141 1376 1195 1384 —
1232 1350 1476 1399 Miltieun-
1509 1350 1514 1367 '
1546 1364 1768 1414 prorsus
1813 1353 2089 1415 repugnat.
2144 1380 2196 1388 —
2242 1352 2364 1417 Rite]
2412 1356 2596 1404 «caste

427 1431 521 1479 que
569 1421 749 1469 autem
799 1422 1047 1484 iungere,
1108 1421 1253 1485 quod
1304 1437 1476 1486 nuper
1548 1428 1602 1474 et
1635 1438 1748 1489 pie,
1799 1425 2258 1488 quemadmodum
2294 1426 2448 1477 decet
2489 1427 2600 1476 tali-

428 1493 645 1554 quidam
666 1496 957 1559 proposuit,
986 1494 1038 1545 id
1062 1510 1191 1546 vero
1217 1498 1474 1547 Latinitati
1548 1498 1650 1551 bus
1685 1501 1737 1549 in
1770 1499 2075 1563 precibus.»

1384 1695 1668 1706 ——-

1136 1861 1866 1921 Excunsus

1310 1994 1715 2044 Anoxxxu.

564 2142 898 2193 Manifestum
933 2142 993 2193 fit
1026 2157 1056 2192 e
1090 2156 1142 2192 v.
1179 2144 1460 2204 Poscimur,
1509 2144 1725 2194 maioris
1768 2156 1833 2193 ac
1865 2146 2119 2208 gravioris
2153 2144 2374 2197 alicuius
2409 2147 2604 2212 incepti

434 2224 586 2289 lyrici
630 2227 734 2277 boc
779 2240 900 2278 esse
946 2225 1108 2276 veluti
1155 2227 1508 2290 prooemium.
1597 2228 1726 2288 Quis
1759 2231 1940 2278 autem
1976 2242 2101 2278 eum
2132 2232 2438 2292 poposcerit,
2495 2245 2600 2281 non

430 2307 599 2372 liquet
642 2324 741 2360 nec
787 2311 937 2361 vanis
982 2309 1418 2360 hariolationibus
1466 2309 1737 2374 indulgere
1779 2309 1979 2375 placet;
2034 2312 2148 2376 ipse
2184 2314 2327 2362 enim
2362 2313 2603 2364 consulto

431 2406 548 2443 rem
594 2392 905 2454 occultavit,
960 2396 1019 2443 ut
1067 2395 1142 2454 iS,
1197 2396 1287 2457 qui
1339 2398 1688 2457 poposcerat,
1742 2393 1931 2445 leniter
1981 2395 2265 2445 subridens
2316 2410 2374 2446 se
2426 2399 2602 2459 ipsum

432 2480 747 2541 agnosceret
788 2479 1025 2543 primus,
1079 2491 1144 2527 ac
1190 2477 1414 2528 sortasse
1461 2476 1624 2529 solus.
1695 2477 1793 2529 Alii
1832 2478 2135 2531 divinarunt
2169 2481 2444 2531 invitatum
2481 2495 2602 2532 esse

434 2562 709 2612 Horatium
741 2561 826 2612 vel
863 2561 932 2612 ab
966 2564 1201 2625 Augusto
1235 2561 1320 2611 vel
1344 2575 1374 2610 a
1398 2563 1709 2612 Maecenate
1732 2561 1818 2613 vel
1852 2562 1919 2612 ab
1944 2562 2045 2612 alio
2070 2564 2243 2613 amico
2265 2563 2350 2614 vel
2375 2577 2407 2613 a
2430 2568 2604 2615 semet

433 2646 551 2709 ipso
584 2646 668 2697 vel
704 2659 734 2695 a
771 2649 964 2696 cuncto
999 2644 1195 2710 populo
1228 2647 1493 2704 Romano;
1548 2644 1633 2695 alii
1669 2645 1737 2695 de
1772 2659 1880 2696 uno
1914 2646 2091 2710 aliquo
2125 2648 2361 2696 carmine
2400 2645 2512 2710 (Od.
2553 2649 2602 2708 4,

430 2731 481 2779 ⁴2.
516 2728 602 2779 vel
637 2729 685 2789 4,
725 2729 801 2791 42)
839 2728 1148 2791 intelligunt,
1186 2728 1273 2779 alii
1308 2729 1375 2778 de
1411 2729 1636 2779 edendis
1660 2728 1986 2779 carminibus
2009 2732 2136 2779 tunc
2160 2731 2266 2779 iam
2292 2729 2599 2790 elaboratis,

436 2814 513 2862 uti
561 2810 746 2863 volunt
795 2812 1118 2863 Scholiastae
1168 2815 1398 2862 veteres.
1501 2814 1615 2872 Quo
1668 2813 1823 2874 igitur
1881 2812 2090 2862 difficile
2148 2812 2277 2863 illud
2332 2815 2604 2877 inceptum

435 2908 697 2960 prospere
745 2895 929 2956 cedat,
983 2896 1227 2960 Sapphus
1262 2899 1478 2947 secutus
1513 2895 1821 2961 exemplum
1857 2896 1955 2961 (Fr.
1995 2898 2075 2947 70.
2114 2898 2309 2960 Bergk:
2349 2891 2478 2964 Ἀγε
2510 2895 2607 2947 δῖα

435 2975 678 3045 χελύνη,
730 2977 886 3045 λέγε,
939 2976 1227 3040 φωνᾶσσα
1268 2977 1331 3029 δὲ
1375 2980 1569 3045 γίνεο.)
1646 2979 1893 3030 barbiton
1940 2993 2100 3031 suum
2145 2979 2338 3031 salutat
2383 2982 2605 3045 eiusque

436 3066 710 3127 tamquam
760 3066 942 3115 Musae
990 3063 1239 3113 auxilium
1286 3064 1513 3113 invocat.
1603 3064 1732 3113 Tota
1778 3067 1961 3114 autem
2006 3064 2287 3115 difficultas
2335 3063 2604 3128 carminis,

434 3147 526 3197 ubi
571 3161 671 3212 per
716 3161 775 3198 se
825 3150 1121 3211 spectetur,
1176 3146 1578 3210 simplicissimi,
1633 3148 1688 3196 in
1735 3160 1801 3197 eo
1847 3147 2097 3208 vertitur,
2152 3147 2297 3211 quod
2330 3147 2609 3211 ambigunt

437 3232 781 3296 interpretes,
820 3245 1055 3295 quonam
1090 3230 1252 3281 modo
1287 3232 1523 3281 construi
1557 3230 1793 3281 debeant
1825 3230 1992 3281 verba
2028 3245 2078 3280 v.
2116 3233 2164 3281 2.
2204 3233 2336 3293 quod
2367 3260 2396 3270 -
2429 3259 2458 3269 -
2484 3234 2608 3295 plu-

433 3328 540 3375 res,
589 3319 769 3365 utrum
804 3316 874 3365 ad
907 3315 963 3364 Si
995 3341 1024 3351 -
1057 3342 1086 3350 -
1119 3319 1307 3376 tecm,
1357 3328 1427 3365 an
1461 3313 1531 3363 ad
1564 3316 1845 3377 sequentia
1879 3328 1999 3378 aye,
2037 3316 2134 3365 dic.
2205 3317 2353 3365 Hanc
2388 3315 2606 3378 quidem

434 3400 789 3463 posteriorem
823 3398 1084 3450 rationem
1117 3397 1415 3460 Bentleius,
1451 3399 1703 3448 Poscimus
1734 3398 2075 3463 praeferens,
2115 3399 2419 3448 necessario
2454 3401 2607 3462 sequi

438 3481 624 3533 debuit
658 3495 834 3545 neque
869 3480 1012 3531 aliud
1046 3494 1176 3531 sane
1211 3480 1501 3544 intelligere
1540 3482 1713 3545 potuit
1746 3494 1964 3531 carmen
1999 3494 2165 3544 quam
2199 3482 2301 3531 hoc
2337 3483 2508 3545 ipsum
2547 3482 2604 3531 C.

435 3566 664 3626 xxxu„
718 3565 863 3614 baud
908 3566 1035 3616 satis
1088 3565 1423 3630 expendenS,
1479 3579 1643 3629 quam
1688 3569 1998 3629 arroganter
2038 3564 2123 3615 vel
2164 3566 2339 3629 potius
2374 3564 2610 3616 absurde

437 3647 828 3699 immortalitate
878 3650 1135 3715 imprimis
1182 3650 1401 3711 dignum
1447 3650 1550 3699 hoc
1596 3650 1771 3712 ipsum
1817 3650 2062 3699 odarium
2108 3653 2265 3713 poeta
2301 3648 2602 3698 iudicasset.

438 3731 676 3782 Eandem
729 3734 1214 3794 constructionem,
1268 3731 1503 3782 Bentleio
1554 3746 1684 3782 sane
1732 3745 1837 3783 non
1883 3734 2159 3797 inspecte,
2216 3733 2392 3783 multis
2428 3731 2606 3783 verbis

437 3816 818 3866 commendare
854 3816 1056 3866 studuit
1089 3815 1387 3879 Garganus,
1425 3815 1609 3879 legens
1641 3817 1897 3866 Poscimur
1929 3819 1984 3866 et
2022 3814 2154 3867 alius
2196 3817 2445 3867 carminis
2481 3830 2607 3881 pro-

437 3901 673 3949 oemium
708 3903 852 3950 recte
887 3913 1211 3963 agnoscens;
1262 3901 1365 3949 ΗΡ.
1404 3899 1662 3962 denique,
1711 3898 1944 3952 Bentleio
1980 3912 2086 3949 non
2120 3903 2443 3962 memorato,
2492 3902 2608 3965 ipse

437 3996 653 4046 quoque
698 3983 769 4033 ad
814 3997 966 4048 seqq.
1005 3982 1205 4034 rettulit
1248 3997 1350 4034 nec
1396 3987 1602 4042 tamen,
1658 3986 1836 4033 utrum
1881 3981 1952 4032 ad
2003 3982 2106 4032 boc
2153 3983 2372 4034 carmen
2406 3985 2602 4033 XXXII.

436 4080 505 4117 an
539 4065 609 4116 ad
643 4065 785 4116 aliud
820 4067 1068 4129 referret,
1106 4067 1260 4118 nobis
1294 4068 1555 4131 exposuit.
1611 4067 1810 4116 Verum
1843 4066 1897 4114 hi
1931 4078 2119 4115 omnes
2152 4080 2258 4117 non
2284 4069 2410 4118 satis
2432 4068 2610 4132 pensi-

436 4153 633 4210 tarunt,
671 4163 834 4214 quam
868 4153 1066 4201 mirum
1101 4151 1237 4201 foret
1263 4152 1365 4201 hoc
1389 4151 1760 4214 enthymema:
1803 4147 2073 4211 «Barbite,
2110 4151 2156 4201 si
2178 4151 2307 4213 quid
2329 4149 2607 4200 ludibundi

439 4236 544 4284 iam
595 4236 719 4284 ante
772 4235 1092 4296 cecinimus,
1145 4237 1363 4298 propter
1408 4235 1512 4284 hoc
1558 4234 1733 4297 ipsum
1779 4245 1922 4283 nunc
1967 4232 2073 4283 iam
2119 4235 2319 4285 serium
2353 4248 2417 4284 ac
2451 4232 2605 4297 longe

440 4319 648 4380 gravius
682 4319 769 4369 dic
805 4333 1027 4370 carmen
1072 4319 1376 4369 Latmum.»
1446 4319 1781 4381 Quapropter
1815 4318 2118 4367 necessario
2153 4317 2490 4366 redeundum
2527 4319 2608 4367 est

610 4439 794 4485 Honar.
830 4451 940 4484 vot..
974 4439 1006 4484 1.
1071 4450 1149 4484 an.
1184 4448 1339 4484 amon
1369 4437 1465 4500 nt„
2210 4437 2263 4482 Η
