<?xml version="1.0" encoding="UTF-8"?>
<!DOCTYPE html PUBLIC "-//W3C//DTD XHTML 1.0 Transitional//EN"
    "http://www.w3.org/TR/xhtml1/DTD/xhtml1-transitional.dtd">
<html xmlns="http://www.w3.org/1999/xhtml" xml:lang="en" lang="en">
 <head>
  <title>
</title>
<meta http-equiv="Content-Type" content="text/html;charset=utf-8" />
  <meta name='ocr-system' content='tesseract 3.04.00' />
  <meta name='ocr-capabilities' content='ocr_page ocr_carea ocr_par ocr_line ocrx_word'/>
</head>
<body>
  <div class='ocr_page' id='page_1' title='image "./qhoratiusflaccu05baitgoog_0595.png"; bbox 0 0 3234 4975; ppageno 0'>
   <div class='ocr_carea' id='block_1_1' title="bbox 1270 426 1507 475">
    <p class='ocr_par' dir='ltr' id='par_1_1' title="bbox 1270 426 1507 475">
     <span class='ocr_line' id='line_1_1' title="bbox 1270 426 1507 475; baseline 0 -1"><span class='ocrx_word' id='word_1_1' title='bbox 1270 426 1386 475; x_wconf 78' lang='lat' dir='ltr'><strong>Lm.</strong></span> <span class='ocrx_word' id='word_1_2' title='bbox 1427 427 1507 475; x_wconf 77' lang='lat' dir='ltr'><strong>IV.</strong></span> 
     </span>
    </p>
   </div>
   <div class='ocr_carea' id='block_1_2' title="bbox 1582 426 2601 489">
    <p class='ocr_par' dir='ltr' id='par_1_2' title="bbox 1582 426 2601 489">
     <span class='ocr_line' id='line_1_2' title="bbox 1582 426 2601 489; baseline 0.013 -13"><span class='ocrx_word' id='word_1_3' title='bbox 1582 428 1638 476; x_wconf 78' lang='lat' dir='ltr'><strong>c,</strong></span> <span class='ocrx_word' id='word_1_4' title='bbox 1679 427 1761 476; x_wconf 77' lang='lat' dir='ltr'><strong>vi.</strong></span> <span class='ocrx_word' id='word_1_5' title='bbox 2477 426 2601 489; x_wconf 74' lang='lat'><strong>563</strong></span> 
     </span>
    </p>
   </div>
   <div class='ocr_carea' id='block_1_3' title="bbox 1187 950 1860 1014">
    <p class='ocr_par' dir='ltr' id='par_1_3' title="bbox 1187 950 1860 1014">
     <span class='ocr_line' id='line_1_3' title="bbox 1187 950 1860 1014; baseline 0 0"><span class='ocrx_word' id='word_1_6' title='bbox 1187 950 1860 1014; x_wconf 67' lang='lat' dir='ltr'><strong>cmv!-</strong></span> 
     </span>
    </p>
   </div>
   <div class='ocr_carea' id='block_1_4' title="bbox 691 1120 1988 1207">
    <p class='ocr_par' dir='ltr' id='par_1_4' title="bbox 691 1120 1988 1207">
     <span class='ocr_line' id='line_1_4' title="bbox 691 1120 1988 1207; baseline 0.001 -22"><span class='ocrx_word' id='word_1_7' title='bbox 691 1120 879 1197; x_wconf 87' lang='lat' dir='ltr'><strong>Dive,</strong></span> <span class='ocrx_word' id='word_1_8' title='bbox 928 1142 1123 1207; x_wconf 89' lang='lat' dir='ltr'><strong>quem</strong></span> <span class='ocrx_word' id='word_1_9' title='bbox 1168 1120 1383 1207; x_wconf 88' lang='lat' dir='ltr'><strong>proles</strong></span> <span class='ocrx_word' id='word_1_10' title='bbox 1428 1120 1674 1186; x_wconf 83' lang='lat' dir='ltr'>Niobea</span> <span class='ocrx_word' id='word_1_11' title='bbox 1719 1142 1988 1207; x_wconf 81' lang='lat' dir='ltr'><strong>magnae</strong></span> 
     </span>
    </p>
   </div>
   <div class='ocr_carea' id='block_1_5' title="bbox 691 1240 1978 1331">
    <p class='ocr_par' dir='ltr' id='par_1_5' title="bbox 691 1240 1978 1331">
     <span class='ocr_line' id='line_1_5' title="bbox 691 1240 1978 1331; baseline 0.001 -26"><span class='ocrx_word' id='word_1_12' title='bbox 691 1241 1017 1308; x_wconf 80' lang='lat' dir='ltr'>Vindicem</span> <span class='ocrx_word' id='word_1_13' title='bbox 1062 1240 1317 1328; x_wconf 83' lang='lat' dir='ltr'><strong>linguae</strong></span> <span class='ocrx_word' id='word_1_14' title='bbox 1362 1242 1714 1329; x_wconf 74' lang='lat' dir='ltr'><strong>Tityosque</strong></span> <span class='ocrx_word' id='word_1_15' title='bbox 1758 1255 1978 1331; x_wconf 77' lang='lat' dir='ltr'><strong>raptor</strong></span> 
     </span>
    </p>
   </div>
   <div class='ocr_carea' id='block_1_6' title="bbox 498 1419 2540 1558">
    <p class='ocr_par' dir='ltr' id='par_1_6' title="bbox 498 1419 2540 1558">
     <span class='ocr_line' id='line_1_6' title="bbox 568 1419 2540 1483; baseline 0.002 -14"><span class='ocrx_word' id='word_1_16' title='bbox 568 1422 652 1469; x_wconf 87' lang='lat' dir='ltr'><strong>Vl.</strong></span> <span class='ocrx_word' id='word_1_17' title='bbox 695 1422 857 1471; x_wconf 86' lang='lat' dir='ltr'><strong>lnscr.</strong></span> <span class='ocrx_word' id='word_1_18' title='bbox 896 1419 1030 1483; x_wconf 79' lang='lat' dir='ltr'><strong>volg.</strong></span> <span class='ocrx_word' id='word_1_19' title='bbox 1072 1421 1146 1470; x_wconf 81' lang='lat' dir='ltr'><strong>Ad</strong></span> <span class='ocrx_word' id='word_1_20' title='bbox 1179 1420 1476 1482; x_wconf 76' lang='lat' dir='ltr'><strong><em>Apollinem,</em></strong></span> <span class='ocrx_word' id='word_1_21' title='bbox 1517 1424 1571 1470; x_wconf 87' lang='lat' dir='ltr'><strong>ct</strong></span> <span class='ocrx_word' id='word_1_22' title='bbox 1604 1422 1681 1469; x_wconf 91' lang='lat' dir='ltr'><strong>sic</strong></span> <span class='ocrx_word' id='word_1_23' title='bbox 1717 1420 1836 1470; x_wconf 84' lang='lat' dir='ltr'><strong>bSc.</strong></span> <span class='ocrx_word' id='word_1_24' title='bbox 1873 1450 1924 1456; x_wconf 92' lang='lat'><strong>—-</strong></span> <span class='ocrx_word' id='word_1_25' title='bbox 1961 1422 2202 1482; x_wconf 76' lang='lat' dir='ltr'><strong><em>Apollinis</em></strong></span> <span class='ocrx_word' id='word_1_26' title='bbox 2232 1424 2433 1473; x_wconf 80' lang='lat' dir='ltr'><strong>laudem</strong></span> <span class='ocrx_word' id='word_1_27' title='bbox 2455 1439 2540 1473; x_wconf 84' lang='lat' dir='ltr'><strong>re-</strong></span> 
     </span>
     <span class='ocr_line' id='line_1_7' title="bbox 498 1495 2535 1558; baseline 0.002 -15"><span class='ocrx_word' id='word_1_28' title='bbox 498 1496 598 1557; x_wconf 78' lang='lat' dir='ltr'><strong>fert</strong></span> <span class='ocrx_word' id='word_1_29' title='bbox 632 1496 869 1556; x_wconf 75' lang='lat' dir='ltr'><strong>quoniam</strong></span> <span class='ocrx_word' id='word_1_30' title='bbox 894 1496 1110 1544; x_wconf 75' lang='lat' dir='ltr'><strong>servavit</strong></span> <span class='ocrx_word' id='word_1_31' title='bbox 1148 1495 1347 1543; x_wconf 80' lang='lat' dir='ltr'><strong>Aenean</strong></span> <span class='ocrx_word' id='word_1_32' title='bbox 1370 1500 1628 1543; x_wconf 78' lang='lat' dir='ltr'><strong><em>auctorem</em></strong></span> <span class='ocrx_word' id='word_1_33' title='bbox 1650 1496 1859 1558; x_wconf 66' lang='lat' dir='ltr'><strong>originis</strong></span> <span class='ocrx_word' id='word_1_34' title='bbox 1894 1497 2145 1545; x_wconf 75' lang='lat' dir='ltr'><strong>Romnae</strong></span> <span class='ocrx_word' id='word_1_35' title='bbox 2167 1498 2222 1546; x_wconf 88' lang='lat' dir='ltr'><strong>B.</strong></span> <span class='ocrx_word' id='word_1_36' title='bbox 2256 1524 2310 1533; x_wconf 84' lang='lat'>-</span> <span class='ocrx_word' id='word_1_37' title='bbox 2338 1498 2452 1547; x_wconf 88' lang='lat' dir='ltr'><strong>Om.</strong></span> <span class='ocrx_word' id='word_1_38' title='bbox 2480 1500 2535 1547; x_wconf 85' lang='lat' dir='ltr'><strong>T.</strong></span> 
     </span>
    </p>
   </div>
   <div class='ocr_carea' id='block_1_7' title="bbox 426 1668 1484 4331">
    <p class='ocr_par' dir='ltr' id='par_1_7' title="bbox 428 1668 1484 4033">
     <span class='ocr_line' id='line_1_8' title="bbox 502 1668 1482 1741; baseline 0 -22"><span class='ocrx_word' id='word_1_39' title='bbox 502 1673 585 1720; x_wconf 89' lang='lat' dir='ltr'><strong>Vl.</strong></span> <span class='ocrx_word' id='word_1_40' title='bbox 644 1671 736 1720; x_wconf 85' lang='lat' dir='ltr'><strong>Est</strong></span> <span class='ocrx_word' id='word_1_41' title='bbox 785 1668 945 1720; x_wconf 91' lang='lat' dir='ltr'><strong>veluti</strong></span> <span class='ocrx_word' id='word_1_42' title='bbox 996 1672 1302 1741; x_wconf 76' lang='grc' dir='ltr'><strong><em>προοίμιον</em></strong></span> <span class='ocrx_word' id='word_1_43' title='bbox 1360 1683 1482 1720; x_wconf 91' lang='lat' dir='ltr'><strong>car—</strong></span> 
     </span>
     <span class='ocr_line' id='line_1_9' title="bbox 436 1743 1481 1808; baseline -0.001 -14"><span class='ocrx_word' id='word_1_44' title='bbox 436 1746 591 1795; x_wconf 83' lang='lat' dir='ltr'><strong>minis</strong></span> <span class='ocrx_word' id='word_1_45' title='bbox 638 1743 892 1795; x_wconf 88' lang='lat' dir='ltr'><strong>secularis</strong></span> <span class='ocrx_word' id='word_1_46' title='bbox 931 1745 994 1808; x_wconf 79' lang='lat' dir='ltr'><strong>(a.</strong></span> <span class='ocrx_word' id='word_1_47' title='bbox 1020 1758 1073 1793; x_wconf 89' lang='lat' dir='ltr'><strong>u.</strong></span> <span class='ocrx_word' id='word_1_48' title='bbox 1102 1759 1149 1794; x_wconf 93' lang='lat' dir='ltr'><strong>c.</strong></span> <span class='ocrx_word' id='word_1_49' title='bbox 1176 1745 1334 1806; x_wconf 85' lang='lat'><strong>737.)‚</strong></span> <span class='ocrx_word' id='word_1_50' title='bbox 1374 1757 1481 1807; x_wconf 90' lang='lat' dir='ltr'><strong>quo</strong></span> 
     </span>
     <span class='ocr_line' id='line_1_10' title="bbox 435 1817 1479 1884; baseline -0.003 -14"><span class='ocrx_word' id='word_1_51' title='bbox 435 1817 688 1884; x_wconf 79' lang='lat' dir='ltr'><strong>Apollinis</strong></span> <span class='ocrx_word' id='word_1_52' title='bbox 736 1832 929 1882; x_wconf 81' lang='lat' dir='ltr'>pacem</span> <span class='ocrx_word' id='word_1_53' title='bbox 979 1833 1043 1867; x_wconf 87' lang='lat' dir='ltr'><strong>ac</strong></span> <span class='ocrx_word' id='word_1_54' title='bbox 1092 1819 1360 1877; x_wconf 81' lang='lat' dir='ltr'><strong>favorem,</strong></span> <span class='ocrx_word' id='word_1_55' title='bbox 1415 1832 1479 1868; x_wconf 81' lang='lat' dir='ltr'><strong>ex</strong></span> 
     </span>
     <span class='ocr_line' id='line_1_11' title="bbox 435 1892 1483 1956; baseline 0.001 -16"><span class='ocrx_word' id='word_1_56' title='bbox 435 1897 619 1943; x_wconf 80' lang='lat' dir='ltr'><strong>vetere</strong></span> <span class='ocrx_word' id='word_1_57' title='bbox 644 1893 972 1956; x_wconf 80' lang='lat' dir='ltr'>hymnorum</span> <span class='ocrx_word' id='word_1_58' title='bbox 989 1893 1373 1943; x_wconf 88' lang='lat' dir='ltr'><strong>consuetudine</strong></span> <span class='ocrx_word' id='word_1_59' title='bbox 1392 1892 1483 1941; x_wconf 87' lang='lat' dir='ltr'><strong>ad·</strong></span> 
     </span>
     <span class='ocr_line' id='line_1_12' title="bbox 435 1966 1483 2027; baseline -0.001 -11"><span class='ocrx_word' id='word_1_60' title='bbox 435 1967 691 2017; x_wconf 85' lang='lat' dir='ltr'><strong>mirandis</strong></span> <span class='ocrx_word' id='word_1_61' title='bbox 716 1968 831 2017; x_wconf 90' lang='lat' dir='ltr'><strong>eius</strong></span> <span class='ocrx_word' id='word_1_62' title='bbox 865 1966 1015 2017; x_wconf 85' lang='lat' dir='ltr'><strong>factis</strong></span> <span class='ocrx_word' id='word_1_63' title='bbox 1040 1966 1348 2027; x_wconf 81' lang='lat' dir='ltr'><strong>celebratiS,</strong></span> <span class='ocrx_word' id='word_1_64' title='bbox 1387 1968 1483 2016; x_wconf 88' lang='lat' dir='ltr'><strong>im-</strong></span> 
     </span>
     <span class='ocr_line' id='line_1_13' title="bbox 435 2040 1483 2106; baseline 0 -16"><span class='ocrx_word' id='word_1_65' title='bbox 435 2040 634 2106; x_wconf 80' lang='lat' dir='ltr'>plorat,</span> <span class='ocrx_word' id='word_1_66' title='bbox 674 2043 734 2091; x_wconf 89' lang='lat' dir='ltr'><strong>ut</strong></span> <span class='ocrx_word' id='word_1_67' title='bbox 766 2044 819 2091; x_wconf 88' lang='lat' dir='ltr'><strong>et</strong></span> <span class='ocrx_word' id='word_1_68' title='bbox 854 2042 966 2104; x_wconf 89' lang='lat' dir='ltr'><strong>ipse</strong></span> <span class='ocrx_word' id='word_1_69' title='bbox 1002 2044 1159 2104; x_wconf 83' lang='lat' dir='ltr'><strong>poeta</strong></span> <span class='ocrx_word' id='word_1_70' title='bbox 1195 2043 1250 2090; x_wconf 89' lang='lat' dir='ltr'><strong>et</strong></span> <span class='ocrx_word' id='word_1_71' title='bbox 1281 2055 1483 2105; x_wconf 86' lang='lat' dir='ltr'><strong>puero-</strong></span> 
     </span>
     <span class='ocr_line' id='line_1_14' title="bbox 435 2116 1484 2179; baseline 0.001 -15"><span class='ocrx_word' id='word_1_72' title='bbox 435 2129 552 2165; x_wconf 85' lang='lat' dir='ltr'><strong>rum</strong></span> <span class='ocrx_word' id='word_1_73' title='bbox 596 2116 968 2179; x_wconf 84' lang='lat' dir='ltr'>virginumque</span> <span class='ocrx_word' id='word_1_74' title='bbox 1015 2116 1160 2165; x_wconf 88' lang='lat' dir='ltr'><strong>chori</strong></span> <span class='ocrx_word' id='word_1_75' title='bbox 1199 2129 1325 2165; x_wconf 81' lang='lat' dir='ltr'><strong>mox</strong></span> <span class='ocrx_word' id='word_1_76' title='bbox 1359 2129 1484 2165; x_wconf 90' lang='lat' dir='ltr'><strong>mu-</strong></span> 
     </span>
     <span class='ocr_line' id='line_1_15' title="bbox 435 2189 1484 2254; baseline -0.001 -14"><span class='ocrx_word' id='word_1_77' title='bbox 435 2203 565 2240; x_wconf 89' lang='lat' dir='ltr'><strong>nere</strong></span> <span class='ocrx_word' id='word_1_78' title='bbox 599 2203 698 2240; x_wconf 89' lang='lat' dir='ltr'><strong>suo</strong></span> <span class='ocrx_word' id='word_1_79' title='bbox 732 2191 830 2240; x_wconf 90' lang='lat' dir='ltr'><strong>rite</strong></span> <span class='ocrx_word' id='word_1_80' title='bbox 868 2189 1009 2253; x_wconf 84' lang='lat' dir='ltr'><strong>fungi</strong></span> <span class='ocrx_word' id='word_1_81' title='bbox 1043 2191 1267 2254; x_wconf 80' lang='lat' dir='ltr'>possint.</span> <span class='ocrx_word' id='word_1_82' title='bbox 1328 2193 1484 2240; x_wconf 83' lang='lat' dir='ltr'><strong>Prae-</strong></span> 
     </span>
     <span class='ocr_line' id='line_1_16' title="bbox 435 2263 1480 2327; baseline 0.002 -15"><span class='ocrx_word' id='word_1_83' title='bbox 435 2265 589 2327; x_wconf 80' lang='lat' dir='ltr'><strong>cipue</strong></span> <span class='ocrx_word' id='word_1_84' title='bbox 625 2266 804 2314; x_wconf 81' lang='lat' dir='ltr'><strong>autem</strong></span> <span class='ocrx_word' id='word_1_85' title='bbox 847 2265 1161 2314; x_wconf 77' lang='lat' dir='ltr'><strong>immoratur</strong></span> <span class='ocrx_word' id='word_1_86' title='bbox 1194 2265 1248 2314; x_wconf 90' lang='lat' dir='ltr'><strong>in</strong></span> <span class='ocrx_word' id='word_1_87' title='bbox 1281 2263 1480 2314; x_wconf 82' lang='lat' dir='ltr'><strong>Achille</strong></span> 
     </span>
     <span class='ocr_line' id='line_1_17' title="bbox 434 2337 1481 2403; baseline 0 -15"><span class='ocrx_word' id='word_1_88' title='bbox 434 2353 462 2388; x_wconf 90' lang='lat' dir='ltr'><strong>a</strong></span> <span class='ocrx_word' id='word_1_89' title='bbox 507 2338 609 2388; x_wconf 90' lang='lat' dir='ltr'><strong>deo</strong></span> <span class='ocrx_word' id='word_1_90' title='bbox 651 2339 954 2397; x_wconf 78' lang='lat' dir='ltr'><strong>intertectO,</strong></span> <span class='ocrx_word' id='word_1_91' title='bbox 1006 2342 1291 2403; x_wconf 88' lang='lat' dir='ltr'><strong>propterea</strong></span> <span class='ocrx_word' id='word_1_92' title='bbox 1336 2337 1481 2402; x_wconf 87' lang='lat' dir='ltr'><strong>quod</strong></span> 
     </span>
     <span class='ocr_line' id='line_1_18' title="bbox 434 2411 1482 2463; baseline 0.001 -2"><span class='ocrx_word' id='word_1_93' title='bbox 434 2412 583 2462; x_wconf 86' lang='lat' dir='ltr'><strong>Troia</strong></span> <span class='ocrx_word' id='word_1_94' title='bbox 621 2411 690 2462; x_wconf 90' lang='lat' dir='ltr'><strong>ob</strong></span> <span class='ocrx_word' id='word_1_95' title='bbox 734 2411 870 2463; x_wconf 89' lang='lat' dir='ltr'><strong>illius</strong></span> <span class='ocrx_word' id='word_1_96' title='bbox 914 2414 1183 2463; x_wconf 88' lang='lat' dir='ltr'><strong>interitum</strong></span> <span class='ocrx_word' id='word_1_97' title='bbox 1219 2425 1324 2463; x_wconf 92' lang='lat' dir='ltr'><strong>non</strong></span> <span class='ocrx_word' id='word_1_98' title='bbox 1360 2412 1482 2462; x_wconf 84' lang='lat' dir='ltr'><strong>fun—</strong></span> 
     </span>
     <span class='ocr_line' id='line_1_19' title="bbox 434 2487 1479 2551; baseline 0.001 -15"><span class='ocrx_word' id='word_1_99' title='bbox 434 2487 574 2538; x_wconf 86' lang='lat' dir='ltr'><strong>ditus</strong></span> <span class='ocrx_word' id='word_1_100' title='bbox 587 2487 761 2537; x_wconf 86' lang='lat' dir='ltr'><strong>deleta</strong></span> <span class='ocrx_word' id='word_1_101' title='bbox 775 2490 1063 2551; x_wconf 77' lang='lat' dir='ltr'><strong>Aeaeaque</strong></span> <span class='ocrx_word' id='word_1_102' title='bbox 1087 2491 1300 2538; x_wconf 86' lang='lat' dir='ltr'><strong>servato</strong></span> <span class='ocrx_word' id='word_1_103' title='bbox 1325 2487 1479 2538; x_wconf 89' lang='lat' dir='ltr'><strong>condi</strong></span> 
     </span>
     <span class='ocr_line' id='line_1_20' title="bbox 434 2562 1481 2626; baseline 0.001 -15"><span class='ocrx_word' id='word_1_104' title='bbox 434 2564 606 2626; x_wconf 88' lang='lat' dir='ltr'><strong>potuit</strong></span> <span class='ocrx_word' id='word_1_105' title='bbox 659 2562 792 2614; x_wconf 89' lang='lat' dir='ltr'><strong>Urbs</strong></span> <span class='ocrx_word' id='word_1_106' title='bbox 844 2566 1079 2614; x_wconf 88' lang='lat' dir='ltr'><strong>aeterna.</strong></span> <span class='ocrx_word' id='word_1_107' title='bbox 1158 2563 1358 2613; x_wconf 85' lang='lat' dir='ltr'><strong>Deinde</strong></span> <span class='ocrx_word' id='word_1_108' title='bbox 1412 2562 1481 2612; x_wconf 79' lang='lat' dir='ltr'><strong>ad</strong></span> 
     </span>
     <span class='ocr_line' id='line_1_21' title="bbox 434 2637 1480 2700; baseline 0 -14"><span class='ocrx_word' id='word_1_109' title='bbox 434 2637 626 2687; x_wconf 87' lang='lat' dir='ltr'><strong>choros</strong></span> <span class='ocrx_word' id='word_1_110' title='bbox 660 2651 720 2688; x_wconf 89' lang='lat' dir='ltr'><strong>se</strong></span> <span class='ocrx_word' id='word_1_111' title='bbox 764 2641 1083 2689; x_wconf 85' lang='lat' dir='ltr'><strong>convertens</strong></span> <span class='ocrx_word' id='word_1_112' title='bbox 1124 2639 1283 2687; x_wconf 84' lang='lat' dir='ltr'><strong>etiam</strong></span> <span class='ocrx_word' id='word_1_113' title='bbox 1319 2639 1480 2700; x_wconf 87' lang='lat' dir='ltr'><strong>atque</strong></span> 
     </span>
     <span class='ocr_line' id='line_1_22' title="bbox 434 2712 1480 2775; baseline 0 -13"><span class='ocrx_word' id='word_1_114' title='bbox 434 2713 593 2762; x_wconf 86' lang='lat' dir='ltr'><strong>etiam</strong></span> <span class='ocrx_word' id='word_1_115' title='bbox 620 2725 712 2762; x_wconf 89' lang='lat' dir='ltr'><strong>eos</strong></span> <span class='ocrx_word' id='word_1_116' title='bbox 737 2712 1068 2772; x_wconf 83' lang='lat' dir='ltr'><strong>exhortatur,</strong></span> <span class='ocrx_word' id='word_1_117' title='bbox 1099 2714 1183 2774; x_wconf 90' lang='lat' dir='ltr'><strong>ut,</strong></span> <span class='ocrx_word' id='word_1_118' title='bbox 1220 2715 1480 2775; x_wconf 84' lang='lat' dir='ltr'><strong>quantum</strong></span> 
     </span>
     <span class='ocr_line' id='line_1_23' title="bbox 434 2786 1480 2849; baseline 0.003 -15"><span class='ocrx_word' id='word_1_119' title='bbox 434 2786 485 2835; x_wconf 90' lang='lat' dir='ltr'><strong>in</strong></span> <span class='ocrx_word' id='word_1_120' title='bbox 530 2786 659 2849; x_wconf 86' lang='lat' dir='ltr'><strong>ipsis</strong></span> <span class='ocrx_word' id='word_1_121' title='bbox 702 2787 796 2843; x_wconf 86' lang='lat' dir='ltr'><strong>sit,</strong></span> <span class='ocrx_word' id='word_1_122' title='bbox 850 2786 1025 2836; x_wconf 82' lang='lat' dir='ltr'><strong>officio</strong></span> <span class='ocrx_word' id='word_1_123' title='bbox 1072 2787 1318 2849; x_wconf 89' lang='lat' dir='ltr'><strong>imposito</strong></span> <span class='ocrx_word' id='word_1_124' title='bbox 1353 2787 1480 2837; x_wconf 85' lang='lat' dir='ltr'><strong>satis</strong></span> 
     </span>
     <span class='ocr_line' id='line_1_24' title="bbox 433 2858 1480 2922; baseline 0.001 -14"><span class='ocrx_word' id='word_1_125' title='bbox 433 2858 652 2920; x_wconf 77' lang='lat' dir='ltr'><strong>saciant,</strong></span> <span class='ocrx_word' id='word_1_126' title='bbox 702 2861 853 2910; x_wconf 86' lang='lat' dir='ltr'><strong>cuius</strong></span> <span class='ocrx_word' id='word_1_127' title='bbox 887 2862 1035 2910; x_wconf 86' lang='lat' dir='ltr'><strong>recte</strong></span> <span class='ocrx_word' id='word_1_128' title='bbox 1070 2859 1325 2922; x_wconf 88' lang='lat' dir='ltr'><strong>persoluti</strong></span> <span class='ocrx_word' id='word_1_129' title='bbox 1360 2872 1480 2909; x_wconf 89' lang='lat' dir='ltr'><strong>me-</strong></span> 
     </span>
     <span class='ocr_line' id='line_1_25' title="bbox 432 2932 1481 2998; baseline 0.001 -16"><span class='ocrx_word' id='word_1_130' title='bbox 432 2935 599 2983; x_wconf 90' lang='lat' dir='ltr'><strong>moria</strong></span> <span class='ocrx_word' id='word_1_131' title='bbox 645 2932 928 2998; x_wconf 87' lang='lat' dir='ltr'><strong>aliquando</strong></span> <span class='ocrx_word' id='word_1_132' title='bbox 974 2934 1272 2996; x_wconf 81' lang='lat' dir='ltr'><strong>gratissima</strong></span> <span class='ocrx_word' id='word_1_133' title='bbox 1315 2933 1377 2983; x_wconf 88' lang='lat' dir='ltr'><strong>iis</strong></span> <span class='ocrx_word' id='word_1_134' title='bbox 1411 2934 1481 2983; x_wconf 88' lang='lat' dir='ltr'><strong>sit</strong></span> 
     </span>
     <span class='ocr_line' id='line_1_26' title="bbox 433 3007 1483 3080; baseline 0 -23"><span class='ocrx_word' id='word_1_135' title='bbox 433 3007 624 3057; x_wconf 82' lang='lat' dir='ltr'><strong>sutura.</strong></span> <span class='ocrx_word' id='word_1_136' title='bbox 665 3008 1016 3080; x_wconf 74' lang='grc' dir='ltr'><strong><em>«Προοίμιον</em></strong></span> <span class='ocrx_word' id='word_1_137' title='bbox 1049 3009 1154 3057; x_wconf 89' lang='lat' dir='ltr'><strong>hoc</strong></span> <span class='ocrx_word' id='word_1_138' title='bbox 1190 3009 1366 3057; x_wconf 90' lang='lat' dir='ltr'><strong>ortum</strong></span> <span class='ocrx_word' id='word_1_139' title='bbox 1398 3010 1483 3057; x_wconf 86' lang='lat' dir='ltr'><strong>est</strong></span> 
     </span>
     <span class='ocr_line' id='line_1_27' title="bbox 433 3082 1478 3147; baseline 0 -16"><span class='ocrx_word' id='word_1_140' title='bbox 433 3096 498 3131; x_wconf 87' lang='lat' dir='ltr'><strong>ex</strong></span> <span class='ocrx_word' id='word_1_141' title='bbox 538 3084 672 3132; x_wconf 88' lang='lat' dir='ltr'><strong>iusta</strong></span> <span class='ocrx_word' id='word_1_142' title='bbox 718 3085 949 3147; x_wconf 88' lang='lat' dir='ltr'><strong>quadam</strong></span> <span class='ocrx_word' id='word_1_143' title='bbox 995 3082 1247 3146; x_wconf 84' lang='lat' dir='ltr'><strong>superbia</strong></span> <span class='ocrx_word' id='word_1_144' title='bbox 1294 3084 1348 3131; x_wconf 91' lang='lat' dir='ltr'><strong>et</strong></span> <span class='ocrx_word' id='word_1_145' title='bbox 1397 3083 1478 3133; x_wconf 88' lang='lat' dir='ltr'><strong>sui</strong></span> 
     </span>
     <span class='ocr_line' id='line_1_28' title="bbox 432 3156 1477 3222; baseline 0.001 -17"><span class='ocrx_word' id='word_1_146' title='bbox 432 3156 652 3217; x_wconf 83' lang='lat' dir='ltr'><strong>fiducia,</strong></span> <span class='ocrx_word' id='word_1_147' title='bbox 691 3170 795 3221; x_wconf 87' lang='lat' dir='ltr'><strong>qua</strong></span> <span class='ocrx_word' id='word_1_148' title='bbox 830 3160 985 3222; x_wconf 76' lang='lat' dir='ltr'><strong>poeta</strong></span> <span class='ocrx_word' id='word_1_149' title='bbox 1023 3156 1375 3215; x_wconf 81' lang='lat' dir='ltr'><strong>efferebatur,</strong></span> <span class='ocrx_word' id='word_1_150' title='bbox 1413 3171 1477 3206; x_wconf 84' lang='lat' dir='ltr'><strong>ex</strong></span> 
     </span>
     <span class='ocr_line' id='line_1_29' title="bbox 431 3234 1479 3295; baseline -0.003 -14"><span class='ocrx_word' id='word_1_151' title='bbox 431 3244 537 3294; x_wconf 91' lang='lat' dir='ltr'><strong>quo</strong></span> <span class='ocrx_word' id='word_1_152' title='bbox 581 3234 821 3295; x_wconf 89' lang='lat' dir='ltr'><strong>tempore</strong></span> <span class='ocrx_word' id='word_1_153' title='bbox 862 3234 1114 3281; x_wconf 79' lang='lat' dir='ltr'><strong>virtutem</strong></span> <span class='ocrx_word' id='word_1_154' title='bbox 1158 3245 1312 3282; x_wconf 88' lang='lat' dir='ltr'><strong>suam</strong></span> <span class='ocrx_word' id='word_1_155' title='bbox 1344 3234 1479 3294; x_wconf 79' lang='lat' dir='ltr'><strong>poe-</strong></span> 
     </span>
     <span class='ocr_line' id='line_1_30' title="bbox 433 3305 1477 3370; baseline 0.001 -16"><span class='ocrx_word' id='word_1_156' title='bbox 433 3306 591 3354; x_wconf 86' lang='lat' dir='ltr'><strong>ticam</strong></span> <span class='ocrx_word' id='word_1_157' title='bbox 635 3307 690 3354; x_wconf 89' lang='lat' dir='ltr'><strong>et</strong></span> <span class='ocrx_word' id='word_1_158' title='bbox 722 3309 892 3356; x_wconf 90' lang='lat' dir='ltr'><strong>artem</strong></span> <span class='ocrx_word' id='word_1_159' title='bbox 928 3320 1054 3356; x_wconf 90' lang='lat' dir='ltr'><strong>cum</strong></span> <span class='ocrx_word' id='word_1_160' title='bbox 1087 3320 1118 3355; x_wconf 87' lang='lat' dir='ltr'><strong>a</strong></span> <span class='ocrx_word' id='word_1_161' title='bbox 1154 3305 1477 3370; x_wconf 87' lang='lat' dir='ltr'><strong>primoribus</strong></span> 
     </span>
     <span class='ocr_line' id='line_1_31' title="bbox 431 3378 1479 3443; baseline 0.004 -18"><span class='ocrx_word' id='word_1_162' title='bbox 431 3378 582 3437; x_wconf 87' lang='lat' dir='ltr'><strong>viris,</strong></span> <span class='ocrx_word' id='word_1_163' title='bbox 617 3380 730 3427; x_wconf 90' lang='lat' dir='ltr'><strong>tum</strong></span> <span class='ocrx_word' id='word_1_164' title='bbox 753 3379 821 3427; x_wconf 86' lang='lat' dir='ltr'><strong>ab</strong></span> <span class='ocrx_word' id='word_1_165' title='bbox 844 3381 958 3443; x_wconf 92' lang='lat' dir='ltr'><strong>ipso</strong></span> <span class='ocrx_word' id='word_1_166' title='bbox 980 3383 1214 3443; x_wconf 81' lang='lat' dir='ltr'><strong>Augusto</strong></span> <span class='ocrx_word' id='word_1_167' title='bbox 1238 3382 1307 3429; x_wconf 89' lang='lat' dir='ltr'><strong>ita</strong></span> <span class='ocrx_word' id='word_1_168' title='bbox 1334 3392 1479 3429; x_wconf 89' lang='lat' dir='ltr'><strong>com·-</strong></span> 
     </span>
     <span class='ocr_line' id='line_1_32' title="bbox 432 3450 1475 3515; baseline 0.003 -16"><span class='ocrx_word' id='word_1_169' title='bbox 432 3450 712 3515; x_wconf 82' lang='lat' dir='ltr'><strong>probatam</strong></span> <span class='ocrx_word' id='word_1_170' title='bbox 747 3466 868 3502; x_wconf 88' lang='lat' dir='ltr'><strong>esse</strong></span> <span class='ocrx_word' id='word_1_171' title='bbox 916 3452 1268 3515; x_wconf 80' lang='lat' dir='ltr'><strong>intellexerat,</strong></span> <span class='ocrx_word' id='word_1_172' title='bbox 1320 3457 1379 3502; x_wconf 90' lang='lat' dir='ltr'><strong>ut</strong></span> <span class='ocrx_word' id='word_1_173' title='bbox 1412 3467 1475 3503; x_wconf 84' lang='lat' dir='ltr'><strong>ex</strong></span> 
     </span>
     <span class='ocr_line' id='line_1_33' title="bbox 429 3525 1475 3588; baseline 0.005 -17"><span class='ocrx_word' id='word_1_174' title='bbox 429 3535 721 3588; x_wconf 83' lang='lat' dir='ltr'><strong>permagno</strong></span> <span class='ocrx_word' id='word_1_175' title='bbox 772 3527 1053 3588; x_wconf 76' lang='lat' dir='ltr'><strong>poetarum</strong></span> <span class='ocrx_word' id='word_1_176' title='bbox 1106 3525 1238 3577; x_wconf 87' lang='lat' dir='ltr'><strong>illius</strong></span> <span class='ocrx_word' id='word_1_177' title='bbox 1288 3529 1475 3576; x_wconf 85' lang='lat' dir='ltr'><strong>aetatis</strong></span> 
     </span>
     <span class='ocr_line' id='line_1_34' title="bbox 431 3595 1474 3662; baseline 0.002 -15"><span class='ocrx_word' id='word_1_178' title='bbox 431 3611 591 3660; x_wconf 80' lang='lat' dir='ltr'><strong>grege</strong></span> <span class='ocrx_word' id='word_1_179' title='bbox 626 3595 771 3647; x_wconf 87' lang='lat' dir='ltr'><strong>solus</strong></span> <span class='ocrx_word' id='word_1_180' title='bbox 802 3598 1095 3648; x_wconf 83' lang='lat' dir='ltr'><strong>haberetur</strong></span> <span class='ocrx_word' id='word_1_181' title='bbox 1126 3599 1340 3660; x_wconf 77' lang='lat' dir='ltr'><strong>dignus„</strong></span> <span class='ocrx_word' id='word_1_182' title='bbox 1385 3602 1474 3662; x_wconf 91' lang='lat' dir='ltr'><strong>qui</strong></span> 
     </span>
     <span class='ocr_line' id='line_1_35' title="bbox 429 3670 1479 3723; baseline 0 -1"><span class='ocrx_word' id='word_1_183' title='bbox 429 3674 481 3722; x_wconf 89' lang='lat' dir='ltr'><strong>in</strong></span> <span class='ocrx_word' id='word_1_184' title='bbox 507 3671 747 3722; x_wconf 88' lang='lat' dir='ltr'><strong>sollemni</strong></span> <span class='ocrx_word' id='word_1_185' title='bbox 771 3670 1018 3721; x_wconf 89' lang='lat' dir='ltr'><strong>ludorum</strong></span> <span class='ocrx_word' id='word_1_186' title='bbox 1041 3672 1360 3723; x_wconf 79' lang='lat' dir='ltr'><strong>secularium</strong></span> <span class='ocrx_word' id='word_1_187' title='bbox 1384 3687 1479 3722; x_wconf 89' lang='lat' dir='ltr'><strong>ce-</strong></span> 
     </span>
     <span class='ocr_line' id='line_1_36' title="bbox 429 3745 1474 3810; baseline 0.003 -14"><span class='ocrx_word' id='word_1_188' title='bbox 429 3745 721 3796; x_wconf 84' lang='lat' dir='ltr'><strong>lebratione</strong></span> <span class='ocrx_word' id='word_1_189' title='bbox 775 3746 1036 3808; x_wconf 80' lang='lat' dir='ltr'><strong>hymnum</strong></span> <span class='ocrx_word' id='word_1_190' title='bbox 1088 3747 1139 3794; x_wconf 88' lang='lat' dir='ltr'><strong>in</strong></span> <span class='ocrx_word' id='word_1_191' title='bbox 1180 3745 1474 3810; x_wconf 87' lang='lat' dir='ltr'><strong>Apollinem</strong></span> 
     </span>
     <span class='ocr_line' id='line_1_37' title="bbox 430 3821 1469 3883; baseline 0.001 -13"><span class='ocrx_word' id='word_1_192' title='bbox 430 3824 484 3871; x_wconf 91' lang='lat' dir='ltr'><strong>et</strong></span> <span class='ocrx_word' id='word_1_193' title='bbox 526 3821 746 3870; x_wconf 79' lang='lat' dir='ltr'><strong>Dianam</strong></span> <span class='ocrx_word' id='word_1_194' title='bbox 798 3821 1196 3883; x_wconf 79' lang='lat' dir='ltr'><strong>componeret.»</strong></span> <span class='ocrx_word' id='word_1_195' title='bbox 1254 3822 1469 3872; x_wconf 59' lang='lat' dir='ltr'><strong>Fuitne.</strong></span> 
     </span>
     <span class='ocr_line' id='line_1_38' title="bbox 430 3893 1475 3959; baseline 0.001 -15"><span class='ocrx_word' id='word_1_196' title='bbox 430 3896 763 3959; x_wconf 82' lang='lat' dir='ltr'><strong>Quapropter</strong></span> <span class='ocrx_word' id='word_1_197' title='bbox 794 3894 883 3943; x_wconf 88' lang='lat' dir='ltr'><strong>hic</strong></span> <span class='ocrx_word' id='word_1_198' title='bbox 906 3905 1120 3957; x_wconf 88' lang='lat' dir='ltr'><strong>quoque</strong></span> <span class='ocrx_word' id='word_1_199' title='bbox 1147 3894 1252 3943; x_wconf 90' lang='lat' dir='ltr'><strong>duo</strong></span> <span class='ocrx_word' id='word_1_200' title='bbox 1273 3893 1357 3943; x_wconf 89' lang='lat' dir='ltr'><strong>illa</strong></span> <span class='ocrx_word' id='word_1_201' title='bbox 1381 3909 1475 3946; x_wconf 88' lang='lat' dir='ltr'><strong>nu-</strong></span> 
     </span>
     <span class='ocr_line' id='line_1_39' title="bbox 428 3965 1250 4033; baseline -0.004 -14"><span class='ocrx_word' id='word_1_202' title='bbox 428 3971 569 4019; x_wconf 89' lang='lat' dir='ltr'><strong>mina</strong></span> <span class='ocrx_word' id='word_1_203' title='bbox 606 3977 735 4033; x_wconf 87' lang='lat' dir='ltr'><strong>prae</strong></span> <span class='ocrx_word' id='word_1_204' title='bbox 771 3969 963 4019; x_wconf 82' lang='lat' dir='ltr'><strong>ceteris</strong></span> <span class='ocrx_word' id='word_1_205' title='bbox 997 3965 1250 4018; x_wconf 85' lang='lat' dir='ltr'><strong>celebrat.</strong></span> 
     </span>
    </p>

    <p class='ocr_par' dir='ltr' id='par_1_8' title="bbox 426 4041 1473 4331">
     <span class='ocr_line' id='line_1_40' title="bbox 494 4041 1471 4108; baseline -0.002 -15"><span class='ocrx_word' id='word_1_206' title='bbox 494 4046 540 4093; x_wconf 81' lang='grc'><strong>4.</strong></span> <span class='ocrx_word' id='word_1_207' title='bbox 563 4045 627 4108; x_wconf 48' lang='grc'><strong>,2.</strong></span> <span class='ocrx_word' id='word_1_208' title='bbox 682 4044 832 4107; x_wconf 78' lang='lat' dir='ltr'><strong>Divo]</strong></span> <span class='ocrx_word' id='word_1_209' title='bbox 868 4045 993 4093; x_wconf 87' lang='lat' dir='ltr'><strong>Post</strong></span> <span class='ocrx_word' id='word_1_210' title='bbox 1024 4041 1235 4105; x_wconf 81' lang='lat' dir='ltr'><strong>longam</strong></span> <span class='ocrx_word' id='word_1_211' title='bbox 1276 4055 1471 4106; x_wconf 87' lang='lat' dir='ltr'><strong>paren—</strong></span> 
     </span>
     <span class='ocr_line' id='line_1_41' title="bbox 429 4115 1473 4182; baseline 0.001 -16"><span class='ocrx_word' id='word_1_212' title='bbox 429 4118 599 4167; x_wconf 84' lang='lat' dir='ltr'><strong>thesin</strong></span> <span class='ocrx_word' id='word_1_213' title='bbox 634 4118 894 4182; x_wconf 88' lang='lat' dir='ltr'><strong>repetitur</strong></span> <span class='ocrx_word' id='word_1_214' title='bbox 914 4115 1161 4167; x_wconf 79' lang='lat' dir='ltr'><strong>allocutio</strong></span> <span class='ocrx_word' id='word_1_215' title='bbox 1186 4130 1236 4165; x_wconf 80' lang='lat' dir='ltr'><strong>v,</strong></span> <span class='ocrx_word' id='word_1_216' title='bbox 1263 4118 1344 4167; x_wconf 76' lang='lat'><strong>25.</strong></span> <span class='ocrx_word' id='word_1_217' title='bbox 1371 4118 1473 4167; x_wconf 87' lang='lat' dir='ltr'><strong>Do-</strong></span> 
     </span>
     <span class='ocr_line' id='line_1_42' title="bbox 426 4191 1465 4256; baseline 0.001 -16"><span class='ocrx_word' id='word_1_218' title='bbox 426 4198 549 4242; x_wconf 83' lang='lat' dir='ltr'><strong>ctor.</strong></span> <span class='ocrx_word' id='word_1_219' title='bbox 578 4221 630 4228; x_wconf 92' lang='lat'><em>-</em></span> <span class='ocrx_word' id='word_1_220' title='bbox 651 4193 820 4256; x_wconf 79' lang='lat' dir='ltr'><strong>proles</strong></span> <span class='ocrx_word' id='word_1_221' title='bbox 842 4192 1047 4256; x_wconf 77' lang='lat' dir='ltr'><strong>Niobea]</strong></span> <span class='ocrx_word' id='word_1_222' title='bbox 1086 4193 1161 4242; x_wconf 92' lang='lat' dir='ltr'><strong>De</strong></span> <span class='ocrx_word' id='word_1_223' title='bbox 1179 4191 1347 4242; x_wconf 84' lang='lat' dir='ltr'><strong>Nioba</strong></span> <span class='ocrx_word' id='word_1_224' title='bbox 1372 4191 1465 4242; x_wconf 84' lang='lat' dir='ltr'><strong>cfr.</strong></span> 
     </span>
     <span class='ocr_line' id='line_1_43' title="bbox 429 4268 1462 4331; baseline 0.004 -17"><span class='ocrx_word' id='word_1_225' title='bbox 429 4269 685 4331; x_wconf 87' lang='lat' dir='ltr'><strong>imprimis</strong></span> <span class='ocrx_word' id='word_1_226' title='bbox 714 4268 969 4319; x_wconf 84' lang='lat' dir='ltr'><strong>Welcker</strong></span> <span class='ocrx_word' id='word_1_227' title='bbox 993 4281 1072 4330; x_wconf 67' lang='lat' dir='ltr'><strong>qr.</strong></span> <span class='ocrx_word' id='word_1_228' title='bbox 1110 4268 1387 4330; x_wconf 70' lang='lat' dir='ltr'><strong>Traqodien</strong></span> <span class='ocrx_word' id='word_1_229' title='bbox 1411 4280 1462 4331; x_wconf 90' lang='lat' dir='ltr'><strong>p.</strong></span> 
     </span>
    </p>
   </div>
   <div class='ocr_carea' id='block_1_8' title="bbox 1544 1668 2608 4330">
    <p class='ocr_par' dir='ltr' id='par_1_9' title="bbox 1544 1668 2608 4330">
     <span class='ocr_line' id='line_1_44' title="bbox 1556 1668 2603 1723; baseline 0.006 -5"><span class='ocrx_word' id='word_1_230' title='bbox 1556 1668 1670 1719; x_wconf 69' lang='lat'><strong>286.</strong></span> <span class='ocrx_word' id='word_1_231' title='bbox 1710 1668 1893 1721; x_wconf 77' lang='lat' dir='ltr'><strong>Mulier</strong></span> <span class='ocrx_word' id='word_1_232' title='bbox 1920 1671 2130 1720; x_wconf 81' lang='lat' dir='ltr'><strong>Denkm.</strong></span> <span class='ocrx_word' id='word_1_233' title='bbox 2158 1672 2196 1720; x_wconf 90' lang='lat'><strong>1.</strong></span> <span class='ocrx_word' id='word_1_234' title='bbox 2225 1672 2284 1721; x_wconf 85' lang='lat' dir='ltr'><strong>N.</strong></span> <span class='ocrx_word' id='word_1_235' title='bbox 2316 1672 2427 1722; x_wconf 73' lang='lat'><strong>⁴42.</strong></span> <span class='ocrx_word' id='word_1_236' title='bbox 2468 1675 2603 1723; x_wconf 86' lang='lat' dir='ltr'><strong>Cum</strong></span> 
     </span>
     <span class='ocr_line' id='line_1_45' title="bbox 1556 1743 2606 1808; baseline 0.006 -16"><span class='ocrx_word' id='word_1_237' title='bbox 1556 1743 1751 1803; x_wconf 86' lang='lat' dir='ltr'><strong>Niobe,</strong></span> <span class='ocrx_word' id='word_1_238' title='bbox 1811 1744 2145 1807; x_wconf 75' lang='lat' dir='ltr'><strong>AmphioniS,</strong></span> <span class='ocrx_word' id='word_1_239' title='bbox 2203 1746 2343 1808; x_wconf 83' lang='lat' dir='ltr'><strong>regis</strong></span> <span class='ocrx_word' id='word_1_240' title='bbox 2392 1747 2606 1798; x_wconf 87' lang='lat' dir='ltr'><strong>Theba—</strong></span> 
     </span>
     <span class='ocr_line' id='line_1_46' title="bbox 1556 1818 2606 1883; baseline 0.006 -17"><span class='ocrx_word' id='word_1_241' title='bbox 1556 1830 1703 1878; x_wconf 89' lang='lat' dir='ltr'><strong>rum,</strong></span> <span class='ocrx_word' id='word_1_242' title='bbox 1743 1831 1902 1877; x_wconf 85' lang='lat' dir='ltr'><strong>uxor,</strong></span> <span class='ocrx_word' id='word_1_243' title='bbox 1945 1819 2030 1869; x_wconf 88' lang='lat' dir='ltr'><strong>cui</strong></span> <span class='ocrx_word' id='word_1_244' title='bbox 2067 1821 2277 1883; x_wconf 88' lang='lat' dir='ltr'><strong>septem</strong></span> <span class='ocrx_word' id='word_1_245' title='bbox 2312 1818 2447 1871; x_wconf 86' lang='lat' dir='ltr'><strong>filios</strong></span> <span class='ocrx_word' id='word_1_246' title='bbox 2482 1823 2606 1871; x_wconf 90' lang='lat' dir='ltr'><strong>toti—</strong></span> 
     </span>
     <span class='ocr_line' id='line_1_47' title="bbox 1556 1890 2606 1958; baseline 0.006 -18"><span class='ocrx_word' id='word_1_247' title='bbox 1556 1891 1791 1954; x_wconf 88' lang='lat' dir='ltr'><strong>demque</strong></span> <span class='ocrx_word' id='word_1_248' title='bbox 1840 1890 1970 1942; x_wconf 86' lang='lat' dir='ltr'><strong>fllias</strong></span> <span class='ocrx_word' id='word_1_249' title='bbox 2015 1896 2326 1956; x_wconf 87' lang='lat' dir='ltr'><strong>pepererat,</strong></span> <span class='ocrx_word' id='word_1_250' title='bbox 2381 1907 2441 1944; x_wconf 88' lang='lat' dir='ltr'><strong>se</strong></span> <span class='ocrx_word' id='word_1_251' title='bbox 2475 1907 2606 1958; x_wconf 85' lang='lat' dir='ltr'><strong>pro-</strong></span> 
     </span>
     <span class='ocr_line' id='line_1_48' title="bbox 1555 1967 2604 2034; baseline 0.006 -19"><span class='ocrx_word' id='word_1_252' title='bbox 1555 1967 1773 2030; x_wconf 87' lang='lat' dir='ltr'><strong>lemque</strong></span> <span class='ocrx_word' id='word_1_253' title='bbox 1815 1979 1969 2017; x_wconf 82' lang='lat' dir='ltr'><strong>suam</strong></span> <span class='ocrx_word' id='word_1_254' title='bbox 2016 1969 2245 2017; x_wconf 87' lang='lat' dir='ltr'><strong>Latonae</strong></span> <span class='ocrx_word' id='word_1_255' title='bbox 2285 1969 2507 2034; x_wconf 87' lang='lat' dir='ltr'><strong>eiusque</strong></span> <span class='ocrx_word' id='word_1_256' title='bbox 2543 1970 2604 2021; x_wconf 88' lang='lat' dir='ltr'><strong>li-</strong></span> 
     </span>
     <span class='ocr_line' id='line_1_49' title="bbox 1556 2039 2608 2095; baseline 0.005 -5"><span class='ocrx_word' id='word_1_257' title='bbox 1556 2041 1703 2091; x_wconf 86' lang='lat' dir='ltr'><strong>beris</strong></span> <span class='ocrx_word' id='word_1_258' title='bbox 1738 2039 2071 2091; x_wconf 88' lang='lat' dir='ltr'><strong>antetulisset</strong></span> <span class='ocrx_word' id='word_1_259' title='bbox 2092 2044 2146 2091; x_wconf 90' lang='lat' dir='ltr'><strong>et</strong></span> <span class='ocrx_word' id='word_1_260' title='bbox 2179 2044 2450 2094; x_wconf 86' lang='lat' dir='ltr'><strong>matronas</strong></span> <span class='ocrx_word' id='word_1_261' title='bbox 2473 2045 2608 2095; x_wconf 87' lang='lat' dir='ltr'><strong>The-</strong></span> 
     </span>
     <span class='ocr_line' id='line_1_50' title="bbox 1554 2113 2606 2169; baseline 0.005 -5"><span class='ocrx_word' id='word_1_262' title='bbox 1554 2117 1725 2165; x_wconf 87' lang='lat' dir='ltr'><strong>banas</strong></span> <span class='ocrx_word' id='word_1_263' title='bbox 1760 2114 1829 2164; x_wconf 86' lang='lat' dir='ltr'><strong>ab</strong></span> <span class='ocrx_word' id='word_1_264' title='bbox 1865 2113 2000 2165; x_wconf 87' lang='lat' dir='ltr'><strong>illius</strong></span> <span class='ocrx_word' id='word_1_265' title='bbox 2034 2115 2167 2165; x_wconf 86' lang='lat' dir='ltr'><strong>deae</strong></span> <span class='ocrx_word' id='word_1_266' title='bbox 2206 2116 2347 2167; x_wconf 86' lang='lat' dir='ltr'><strong>cultu</strong></span> <span class='ocrx_word' id='word_1_267' title='bbox 2392 2118 2606 2169; x_wconf 89' lang='lat' dir='ltr'><strong>abster-</strong></span> 
     </span>
     <span class='ocr_line' id='line_1_51' title="bbox 1554 2188 2606 2252; baseline 0.006 -14"><span class='ocrx_word' id='word_1_268' title='bbox 1554 2190 1774 2249; x_wconf 87' lang='lat' dir='ltr'><strong>ruisset,</strong></span> <span class='ocrx_word' id='word_1_269' title='bbox 1811 2188 1995 2252; x_wconf 85' lang='lat' dir='ltr'><strong>Apollo</strong></span> <span class='ocrx_word' id='word_1_270' title='bbox 2031 2192 2086 2239; x_wconf 89' lang='lat' dir='ltr'><strong>et</strong></span> <span class='ocrx_word' id='word_1_271' title='bbox 2109 2191 2272 2240; x_wconf 87' lang='lat' dir='ltr'><strong>Diana</strong></span> <span class='ocrx_word' id='word_1_272' title='bbox 2297 2194 2481 2243; x_wconf 87' lang='lat' dir='ltr'><strong>matris</strong></span> <span class='ocrx_word' id='word_1_273' title='bbox 2506 2195 2606 2244; x_wconf 90' lang='lat' dir='ltr'><strong>ira-</strong></span> 
     </span>
     <span class='ocr_line' id='line_1_52' title="bbox 1556 2262 2604 2329; baseline 0.006 -18"><span class='ocrx_word' id='word_1_274' title='bbox 1556 2265 1641 2312; x_wconf 88' lang='lat' dir='ltr'><strong>tae</strong></span> <span class='ocrx_word' id='word_1_275' title='bbox 1685 2264 1831 2312; x_wconf 86' lang='lat' dir='ltr'><strong>iussu</strong></span> <span class='ocrx_word' id='word_1_276' title='bbox 1874 2262 2127 2313; x_wconf 89' lang='lat' dir='ltr'><strong>Niobidas</strong></span> <span class='ocrx_word' id='word_1_277' title='bbox 2169 2277 2357 2314; x_wconf 89' lang='lat' dir='ltr'><strong>omnes</strong></span> <span class='ocrx_word' id='word_1_278' title='bbox 2403 2268 2604 2329; x_wconf 83' lang='lat' dir='ltr'><strong>sagittis</strong></span> 
     </span>
     <span class='ocr_line' id='line_1_53' title="bbox 1556 2334 2600 2397; baseline 0.002 -10"><span class='ocrx_word' id='word_1_279' title='bbox 1556 2337 1906 2387; x_wconf 86' lang='lat' dir='ltr'><strong>confixerunt.</strong></span> <span class='ocrx_word' id='word_1_280' title='bbox 1959 2334 2103 2386; x_wconf 90' lang='lat' dir='ltr'><strong>lliad.</strong></span> <span class='ocrx_word' id='word_1_281' title='bbox 2153 2352 2228 2397; x_wconf 84' lang='grc' dir='ltr'><strong>ω,</strong></span> <span class='ocrx_word' id='word_1_282' title='bbox 2278 2339 2392 2387; x_wconf 72' lang='lat'><strong>602.</strong></span> <span class='ocrx_word' id='word_1_283' title='bbox 2453 2341 2600 2391; x_wconf 84' lang='lat' dir='ltr'><strong>Ovid.</strong></span> 
     </span>
     <span class='ocr_line' id='line_1_54' title="bbox 1556 2410 2602 2479; baseline 0.001 -18"><span class='ocrx_word' id='word_1_284' title='bbox 1556 2412 1679 2461; x_wconf 87' lang='lat' dir='ltr'><strong>Met.</strong></span> <span class='ocrx_word' id='word_1_285' title='bbox 1705 2410 1760 2471; x_wconf 87' lang='lat'><strong>6,</strong></span> <span class='ocrx_word' id='word_1_286' title='bbox 1801 2410 1912 2458; x_wconf 75' lang='lat'><strong>⁴55.</strong></span> <span class='ocrx_word' id='word_1_287' title='bbox 1966 2434 2021 2444; x_wconf 94' lang='lat'>—</span> <span class='ocrx_word' id='word_1_288' title='bbox 2082 2411 2602 2479; x_wconf 60' lang='lat' dir='ltr'><strong>magnae-linquae]</strong></span> 
     </span>
     <span class='ocr_line' id='line_1_55' title="bbox 1557 2484 2607 2544; baseline 0.007 -13"><span class='ocrx_word' id='word_1_289' title='bbox 1557 2484 1907 2535; x_wconf 75' lang='lat' dir='ltr'><strong>«immodicae</strong></span> <span class='ocrx_word' id='word_1_290' title='bbox 1941 2484 2217 2534; x_wconf 87' lang='lat' dir='ltr'><strong>iactantiae</strong></span> <span class='ocrx_word' id='word_1_291' title='bbox 2233 2500 2278 2544; x_wconf 74' lang='grc' dir='ltr'><strong>»ς</strong></span> <span class='ocrx_word' id='word_1_292' title='bbox 2315 2486 2457 2536; x_wconf 87' lang='lat' dir='ltr'><strong>unde</strong></span> <span class='ocrx_word' id='word_1_293' title='bbox 2491 2488 2607 2538; x_wconf 80' lang='lat' dir='ltr'><strong>Cal-</strong></span> 
     </span>
     <span class='ocr_line' id='line_1_56' title="bbox 1555 2560 2606 2628; baseline 0.003 -17"><span class='ocrx_word' id='word_1_294' title='bbox 1555 2560 1785 2612; x_wconf 87' lang='lat' dir='ltr'><strong>limacho</strong></span> <span class='ocrx_word' id='word_1_295' title='bbox 1822 2563 1884 2611; x_wconf 86' lang='lat' dir='ltr'><strong>H.</strong></span> <span class='ocrx_word' id='word_1_296' title='bbox 1909 2560 2024 2611; x_wconf 92' lang='lat' dir='ltr'><strong>Del.</strong></span> <span class='ocrx_word' id='word_1_297' title='bbox 2051 2562 2133 2611; x_wconf 82' lang='lat'><strong>96.</strong></span> <span class='ocrx_word' id='word_1_298' title='bbox 2161 2563 2244 2611; x_wconf 84' lang='lat' dir='ltr'><strong>est</strong></span> <span class='ocrx_word' id='word_1_299' title='bbox 2275 2560 2606 2628; x_wconf 80' lang='grc' dir='ltr'><em>κακόγλωσ-</em></span> 
     </span>
     <span class='ocr_line' id='line_1_57' title="bbox 1554 2634 2599 2698; baseline 0.003 -12"><span class='ocrx_word' id='word_1_300' title='bbox 1554 2650 1687 2698; x_wconf 90' lang='grc' dir='ltr'><strong><em>σος,</em></strong></span> <span class='ocrx_word' id='word_1_301' title='bbox 1742 2634 2109 2685; x_wconf 84' lang='lat' dir='ltr'><strong>Theodoridae</strong></span> <span class='ocrx_word' id='word_1_302' title='bbox 2148 2634 2355 2686; x_wconf 88' lang='lat' dir='ltr'><strong>Anthol.</strong></span> <span class='ocrx_word' id='word_1_303' title='bbox 2396 2636 2499 2687; x_wconf 87' lang='lat' dir='ltr'><strong>Pal.</strong></span> <span class='ocrx_word' id='word_1_304' title='bbox 2537 2641 2599 2689; x_wconf 87' lang='lat'><strong>11.</strong></span> 
     </span>
     <span class='ocr_line' id='line_1_58' title="bbox 1553 2703 2599 2780; baseline 0.004 -22"><span class='ocrx_word' id='word_1_305' title='bbox 1553 2726 1605 2774; x_wconf 89' lang='lat' dir='ltr'><strong>p.</strong></span> <span class='ocrx_word' id='word_1_306' title='bbox 1637 2710 1750 2758; x_wconf 80' lang='lat'><strong>665.</strong></span> <span class='ocrx_word' id='word_1_307' title='bbox 1795 2703 2267 2780; x_wconf 74' lang='grc' dir='ltr'><strong><em>ἀθυρόγλωσσος.</em></strong></span> <span class='ocrx_word' id='word_1_308' title='bbox 2300 2711 2451 2760; x_wconf 90' lang='lat' dir='ltr'><strong>Ovid.</strong></span> <span class='ocrx_word' id='word_1_309' title='bbox 2477 2714 2599 2764; x_wconf 78' lang='lat' dir='ltr'><strong>Met.</strong></span> 
     </span>
     <span class='ocr_line' id='line_1_59' title="bbox 1555 2783 2603 2844; baseline 0.004 -12"><span class='ocrx_word' id='word_1_310' title='bbox 1555 2784 1609 2844; x_wconf 87' lang='lat'><strong>6,</strong></span> <span class='ocrx_word' id='word_1_311' title='bbox 1661 2785 1773 2834; x_wconf 75' lang='lat'><strong>⁴50.</strong></span> <span class='ocrx_word' id='word_1_312' title='bbox 1812 2784 1881 2833; x_wconf 88' lang='lat' dir='ltr'><strong>de</strong></span> <span class='ocrx_word' id='word_1_313' title='bbox 1920 2783 2114 2833; x_wconf 87' lang='lat' dir='ltr'><strong>Nioba:</strong></span> <span class='ocrx_word' id='word_1_314' title='bbox 2173 2785 2276 2832; x_wconf 84' lang='lat' dir='ltr'><strong>Nec</strong></span> <span class='ocrx_word' id='word_1_315' title='bbox 2307 2789 2474 2835; x_wconf 85' lang='lat' dir='ltr'><strong>tamen</strong></span> <span class='ocrx_word' id='word_1_316' title='bbox 2506 2787 2603 2836; x_wconf 79' lang='lat' dir='ltr'><strong>ad-</strong></span> 
     </span>
     <span class='ocr_line' id='line_1_60' title="bbox 1552 2858 2604 2920; baseline 0.002 -13"><span class='ocrx_word' id='word_1_317' title='bbox 1552 2858 1748 2908; x_wconf 78' lang='lat' dir='ltr'><strong>monita</strong></span> <span class='ocrx_word' id='word_1_318' title='bbox 1771 2863 1843 2908; x_wconf 79' lang='lat' dir='ltr'><strong>est</strong></span> <span class='ocrx_word' id='word_1_319' title='bbox 1870 2871 2037 2920; x_wconf 81' lang='lat' dir='ltr'><strong>poena</strong></span> <span class='ocrx_word' id='word_1_320' title='bbox 2062 2859 2330 2920; x_wconf 77' lang='lat' dir='ltr'><strong>popularis</strong></span> <span class='ocrx_word' id='word_1_321' title='bbox 2353 2860 2604 2909; x_wconf 72' lang='lat' dir='ltr'><strong>Arachnes</strong></span> 
     </span>
     <span class='ocr_line' id='line_1_61' title="bbox 1554 2933 2604 2994; baseline 0.001 -12"><span class='ocrx_word' id='word_1_322' title='bbox 1554 2933 1735 2983; x_wconf 79' lang='lat' dir='ltr'><strong>Cedere</strong></span> <span class='ocrx_word' id='word_1_323' title='bbox 1783 2933 2037 2982; x_wconf 72' lang='lat' dir='ltr'><strong>caelitibus</strong></span> <span class='ocrx_word' id='word_1_324' title='bbox 2083 2933 2342 2994; x_wconf 71' lang='lat' dir='ltr'><strong>verbisque</strong></span> <span class='ocrx_word' id='word_1_325' title='bbox 2388 2935 2604 2983; x_wconf 79' lang='lat' dir='ltr'><strong>minori-</strong></span> 
     </span>
     <span class='ocr_line' id='line_1_62' title="bbox 1552 3006 2605 3069; baseline 0.002 -13"><span class='ocrx_word' id='word_1_326' title='bbox 1552 3006 1643 3056; x_wconf 76' lang='lat' dir='ltr'><strong>bus</strong></span> <span class='ocrx_word' id='word_1_327' title='bbox 1673 3008 1763 3056; x_wconf 75' lang='lat' dir='ltr'><strong>uti.</strong></span> <span class='ocrx_word' id='word_1_328' title='bbox 1807 3007 1948 3069; x_wconf 80' lang='lat' dir='ltr'><strong>virg.</strong></span> <span class='ocrx_word' id='word_1_329' title='bbox 1987 3007 2116 3056; x_wconf 85' lang='lat' dir='ltr'><strong>Aen.</strong></span> <span class='ocrx_word' id='word_1_330' title='bbox 2157 3007 2245 3066; x_wconf 74' lang='lat'><strong>40,</strong></span> <span class='ocrx_word' id='word_1_331' title='bbox 2283 3007 2408 3058; x_wconf 71' lang='lat'><strong>547:</strong></span> <span class='ocrx_word' id='word_1_332' title='bbox 2445 3009 2605 3058; x_wconf 66' lang='lat' dir='ltr'><strong>Dixe-</strong></span> 
     </span>
     <span class='ocr_line' id='line_1_63' title="bbox 1550 3081 2601 3145; baseline 0.002 -14"><span class='ocrx_word' id='word_1_333' title='bbox 1550 3086 1637 3131; x_wconf 71' lang='lat' dir='ltr'><strong>rat</strong></span> <span class='ocrx_word' id='word_1_334' title='bbox 1670 3081 1752 3130; x_wconf 75' lang='lat' dir='ltr'><strong>ille</strong></span> <span class='ocrx_word' id='word_1_335' title='bbox 1780 3081 1973 3142; x_wconf 76' lang='lat' dir='ltr'><strong>aliquid</strong></span> <span class='ocrx_word' id='word_1_336' title='bbox 2000 3094 2259 3145; x_wconf 72' lang='lat' dir='ltr'><strong>maynum.</strong></span> <span class='ocrx_word' id='word_1_337' title='bbox 2320 3083 2405 3132; x_wconf 85' lang='lat' dir='ltr'><strong>Sic</strong></span> <span class='ocrx_word' id='word_1_338' title='bbox 2437 3085 2601 3133; x_wconf 88' lang='lat' dir='ltr'><strong>etiam</strong></span> 
     </span>
     <span class='ocr_line' id='line_1_64' title="bbox 1554 3152 2598 3222; baseline 0.002 -18"><span class='ocrx_word' id='word_1_339' title='bbox 1554 3156 1756 3205; x_wconf 79' lang='lat' dir='ltr'><strong>Graeci.</strong></span> <span class='ocrx_word' id='word_1_340' title='bbox 1821 3155 2055 3217; x_wconf 84' lang='lat' dir='ltr'><strong>Theogn.</strong></span> <span class='ocrx_word' id='word_1_341' title='bbox 2129 3157 2257 3205; x_wconf 74' lang='lat'><strong>459:</strong></span> <span class='ocrx_word' id='word_1_342' title='bbox 2327 3152 2598 3222; x_wconf 76' lang='grc' dir='ltr'><strong><em>Μήποτε,</em></strong></span> 
     </span>
     <span class='ocr_line' id='line_1_65' title="bbox 1553 3220 2604 3300; baseline 0 -19"><span class='ocrx_word' id='word_1_343' title='bbox 1553 3226 1747 3300; x_wconf 64' lang='lat' dir='ltr'><strong>Kopv&#39;,</strong></span> <span class='ocrx_word' id='word_1_344' title='bbox 1772 3223 2103 3299; x_wconf 76' lang='grc' dir='ltr'><strong><em>ἀγορᾶσθαι</em></strong></span> <span class='ocrx_word' id='word_1_345' title='bbox 2123 3220 2265 3293; x_wconf 61' lang='grc' dir='ltr'><strong>ἔπος</strong></span> <span class='ocrx_word' id='word_1_346' title='bbox 2284 3232 2453 3297; x_wconf 80' lang='grc' dir='ltr'><em>μέγα.</em></span> <span class='ocrx_word' id='word_1_347' title='bbox 2511 3233 2604 3282; x_wconf 88' lang='lat' dir='ltr'><strong>So·-</strong></span> 
     </span>
     <span class='ocr_line' id='line_1_66' title="bbox 1552 3300 2600 3374; baseline 0 -20"><span class='ocrx_word' id='word_1_348' title='bbox 1552 3303 1728 3369; x_wconf 90' lang='lat' dir='ltr'><strong>phocl.</strong></span> <span class='ocrx_word' id='word_1_349' title='bbox 1775 3306 1944 3366; x_wconf 84' lang='lat' dir='ltr'><strong>Antig.</strong></span> <span class='ocrx_word' id='word_1_350' title='bbox 1991 3306 2114 3354; x_wconf 73' lang='lat'><strong>⁴27:</strong></span> <span class='ocrx_word' id='word_1_351' title='bbox 2171 3301 2311 3367; x_wconf 81' lang='grc' dir='ltr'><strong><em>Ζεὺς</em></strong></span> <span class='ocrx_word' id='word_1_352' title='bbox 2354 3300 2464 3374; x_wconf 80' lang='grc' dir='ltr'><strong>γὰρ</strong></span> <span class='ocrx_word' id='word_1_353' title='bbox 2495 3319 2600 3369; x_wconf 75' lang='grc' dir='ltr'><strong>με-</strong></span> 
     </span>
     <span class='ocr_line' id='line_1_67' title="bbox 1550 3374 2599 3448; baseline 0 -21"><span class='ocrx_word' id='word_1_354' title='bbox 1550 3375 1731 3444; x_wconf 79' lang='grc' dir='ltr'><strong><em>γάλης</em></strong></span> <span class='ocrx_word' id='word_1_355' title='bbox 1788 3376 2057 3444; x_wconf 82' lang='grc' dir='ltr'><em>γλώσσης</em></span> <span class='ocrx_word' id='word_1_356' title='bbox 2102 3375 2367 3443; x_wconf 81' lang='grc' dir='ltr'><strong><em>κόμπους</em></strong></span> <span class='ocrx_word' id='word_1_357' title='bbox 2408 3374 2599 3448; x_wconf 76' lang='grc' dir='ltr'><strong><em>Ὑπερ-</em></strong></span> 
     </span>
     <span class='ocr_line' id='line_1_68' title="bbox 1552 3448 2598 3523; baseline -0.001 -21"><span class='ocrx_word' id='word_1_358' title='bbox 1552 3453 1825 3523; x_wconf 75' lang='grc' dir='ltr'><strong><em>εχθαίρει.</em></strong></span> <span class='ocrx_word' id='word_1_359' title='bbox 1896 3452 2028 3502; x_wconf 89' lang='lat' dir='ltr'><strong>lbid.</strong></span> <span class='ocrx_word' id='word_1_360' title='bbox 2057 3453 2176 3503; x_wconf 69' lang='lat'>⁴35⁴</span> <span class='ocrx_word' id='word_1_361' title='bbox 2207 3467 2218 3500; x_wconf 73' lang='grc' dir='ltr'>ε</span> <span class='ocrx_word' id='word_1_362' title='bbox 2256 3448 2503 3518; x_wconf 81' lang='grc' dir='ltr'><strong><em>μεγάλοι</em></strong></span> <span class='ocrx_word' id='word_1_363' title='bbox 2534 3449 2598 3501; x_wconf 78' lang='grc' dir='ltr'><strong>δὲ</strong></span> 
     </span>
     <span class='ocr_line' id='line_1_69' title="bbox 1551 3520 2599 3595; baseline -0.001 -19"><span class='ocrx_word' id='word_1_364' title='bbox 1551 3524 1716 3594; x_wconf 77' lang='grc' dir='ltr'><strong><em>λόγοι</em></strong></span> <span class='ocrx_word' id='word_1_365' title='bbox 1738 3523 2001 3593; x_wconf 73' lang='grc' dir='ltr'><strong>Μεγάλαις</strong></span> <span class='ocrx_word' id='word_1_366' title='bbox 2024 3521 2246 3592; x_wconf 80' lang='grc' dir='ltr'><strong><em>πληγὰς</em></strong></span> <span class='ocrx_word' id='word_1_367' title='bbox 2279 3523 2392 3575; x_wconf 78' lang='grc' dir='ltr'><strong>τῶν</strong></span> <span class='ocrx_word' id='word_1_368' title='bbox 2427 3520 2599 3595; x_wconf 77' lang='grc' dir='ltr'><em>ὑπερ-</em></span> 
     </span>
     <span class='ocr_line' id='line_1_70' title="bbox 1551 3598 2594 3662; baseline -0.001 -13"><span class='ocrx_word' id='word_1_369' title='bbox 1551 3598 1750 3661; x_wconf 79' lang='grc' dir='ltr'><strong><em>αύχων</em></strong></span> <span class='ocrx_word' id='word_1_370' title='bbox 1770 3599 2173 3661; x_wconf 77' lang='grc' dir='ltr'><strong>Ἀποτίσαντες.</strong></span> <span class='ocrx_word' id='word_1_371' title='bbox 2200 3626 2254 3635; x_wconf 92' lang='lat'><strong>—-</strong></span> <span class='ocrx_word' id='word_1_372' title='bbox 2285 3599 2462 3662; x_wconf 69' lang='lat' dir='ltr'><strong>Tityos]</strong></span> <span class='ocrx_word' id='word_1_373' title='bbox 2490 3598 2594 3649; x_wconf 72' lang='lat' dir='ltr'><strong>Cir.</strong></span> 
     </span>
     <span class='ocr_line' id='line_1_71' title="bbox 1549 3671 2593 3735; baseline -0.005 -9"><span class='ocrx_word' id='word_1_374' title='bbox 1549 3677 1648 3726; x_wconf 91' lang='lat' dir='ltr'><strong>Od.</strong></span> <span class='ocrx_word' id='word_1_375' title='bbox 1691 3677 1751 3735; x_wconf 88' lang='lat'><strong>3,</strong></span> <span class='ocrx_word' id='word_1_376' title='bbox 1795 3674 1853 3735; x_wconf 71' lang='lat'><strong>4,</strong></span> <span class='ocrx_word' id='word_1_377' title='bbox 1897 3675 1978 3724; x_wconf 86' lang='lat'><strong>77.</strong></span> <span class='ocrx_word' id='word_1_378' title='bbox 2038 3673 2187 3723; x_wconf 89' lang='lat' dir='ltr'><strong>Pind.</strong></span> <span class='ocrx_word' id='word_1_379' title='bbox 2215 3671 2456 3735; x_wconf 52' lang='lat' dir='ltr'><strong>Pythi,</strong></span> <span class='ocrx_word' id='word_1_380' title='bbox 2495 3672 2593 3722; x_wconf 87' lang='lat'><strong>90:</strong></span> 
     </span>
     <span class='ocr_line' id='line_1_72' title="bbox 1549 3740 2596 3816; baseline -0.004 -17"><span class='ocrx_word' id='word_1_381' title='bbox 1549 3750 1650 3799; x_wconf 81' lang='grc' dir='ltr'><strong>καὶ</strong></span> <span class='ocrx_word' id='word_1_382' title='bbox 1680 3746 1799 3814; x_wconf 82' lang='grc' dir='ltr'><strong>μὰν</strong></span> <span class='ocrx_word' id='word_1_383' title='bbox 1833 3743 2040 3798; x_wconf 78' lang='grc' dir='ltr'><strong><em>Τιτυὸν</em></strong></span> <span class='ocrx_word' id='word_1_384' title='bbox 2075 3745 2246 3808; x_wconf 84' lang='grc' dir='ltr'><strong><em>βέλος</em></strong></span> <span class='ocrx_word' id='word_1_385' title='bbox 2276 3740 2596 3816; x_wconf 76' lang='grc' dir='ltr'><strong><em>Ἀρτέμιδος</em></strong></span> 
     </span>
     <span class='ocr_line' id='line_1_73' title="bbox 1546 3818 2596 3894; baseline -0.001 -21"><span class='ocrx_word' id='word_1_386' title='bbox 1546 3820 1799 3894; x_wconf 76' lang='grc' dir='ltr'><em>θήρευσε</em></span> <span class='ocrx_word' id='word_1_387' title='bbox 1820 3818 2115 3893; x_wconf 76' lang='grc' dir='ltr'><strong><em>κραιπνόν.</em></strong></span> <span class='ocrx_word' id='word_1_388' title='bbox 2163 3820 2244 3871; x_wconf 89' lang='lat' dir='ltr'><strong>Ab</strong></span> <span class='ocrx_word' id='word_1_389' title='bbox 2267 3819 2506 3884; x_wconf 82' lang='lat' dir='ltr'><strong>Apolline</strong></span> <span class='ocrx_word' id='word_1_390' title='bbox 2540 3824 2596 3872; x_wconf 88' lang='lat' dir='ltr'><strong>et</strong></span> 
     </span>
     <span class='ocr_line' id='line_1_74' title="bbox 1548 3893 2594 3959; baseline -0.003 -11"><span class='ocrx_word' id='word_1_391' title='bbox 1548 3899 1711 3948; x_wconf 88' lang='lat' dir='ltr'><strong>Diana</strong></span> <span class='ocrx_word' id='word_1_392' title='bbox 1745 3898 1947 3959; x_wconf 83' lang='lat' dir='ltr'><strong>sagittis</strong></span> <span class='ocrx_word' id='word_1_393' title='bbox 1982 3893 2250 3945; x_wconf 82' lang='lat' dir='ltr'><strong>confixum</strong></span> <span class='ocrx_word' id='word_1_394' title='bbox 2285 3906 2411 3943; x_wconf 90' lang='lat' dir='ltr'><strong>eum</strong></span> <span class='ocrx_word' id='word_1_395' title='bbox 2433 3894 2594 3945; x_wconf 87' lang='lat' dir='ltr'><strong>tradit</strong></span> 
     </span>
     <span class='ocr_line' id='line_1_75' title="bbox 1548 3967 2590 4032; baseline 0 -12"><span class='ocrx_word' id='word_1_396' title='bbox 1548 3972 1832 4021; x_wconf 85' lang='lat' dir='ltr'><strong>Pausanias</strong></span> <span class='ocrx_word' id='word_1_397' title='bbox 1854 3971 1901 4030; x_wconf 87' lang='grc'><strong>3,</strong></span> <span class='ocrx_word' id='word_1_398' title='bbox 1926 3971 2004 4030; x_wconf 79' lang='grc'><strong>48,</strong></span> <span class='ocrx_word' id='word_1_399' title='bbox 2033 3970 2080 4018; x_wconf 90' lang='grc'><strong>9.</strong></span> <span class='ocrx_word' id='word_1_400' title='bbox 2121 3970 2174 4018; x_wconf 92' lang='lat' dir='ltr'><strong>et</strong></span> <span class='ocrx_word' id='word_1_401' title='bbox 2197 3981 2262 4017; x_wconf 83' lang='lat' dir='ltr'><strong>ex</strong></span> <span class='ocrx_word' id='word_1_402' title='bbox 2279 3967 2590 4032; x_wconf 80' lang='lat' dir='ltr'><strong>Pherecyde</strong></span> 
     </span>
     <span class='ocr_line' id='line_1_76' title="bbox 1546 4042 2591 4107; baseline 0.002 -15"><span class='ocrx_word' id='word_1_403' title='bbox 1546 4042 1722 4093; x_wconf 89' lang='lat' dir='ltr'><strong>Schol.</strong></span> <span class='ocrx_word' id='word_1_404' title='bbox 1759 4044 1909 4094; x_wconf 89' lang='lat' dir='ltr'><strong>Pind.</strong></span> <span class='ocrx_word' id='word_1_405' title='bbox 1946 4042 1979 4092; x_wconf 91' lang='lat' dir='ltr'><strong>l.</strong></span> <span class='ocrx_word' id='word_1_406' title='bbox 2018 4042 2051 4091; x_wconf 94' lang='grc'><strong>1.</strong></span> <span class='ocrx_word' id='word_1_407' title='bbox 2094 4068 2150 4079; x_wconf 90' lang='lat'><strong>—-</strong></span> <span class='ocrx_word' id='word_1_408' title='bbox 2200 4042 2400 4107; x_wconf 83' lang='lat' dir='ltr'><strong>raptor]</strong></span> <span class='ocrx_word' id='word_1_409' title='bbox 2435 4046 2591 4094; x_wconf 89' lang='lat' dir='ltr'><strong>Lato-</strong></span> 
     </span>
     <span class='ocr_line' id='line_1_77' title="bbox 1546 4117 2592 4182; baseline 0.003 -17"><span class='ocrx_word' id='word_1_410' title='bbox 1546 4130 1648 4166; x_wconf 92' lang='lat' dir='ltr'><strong>nae</strong></span> <span class='ocrx_word' id='word_1_411' title='bbox 1671 4131 1682 4172; x_wconf 83' lang='lat'><strong>;</strong></span> <span class='ocrx_word' id='word_1_412' title='bbox 1708 4119 1924 4167; x_wconf 86' lang='lat' dir='ltr'><strong>auctore</strong></span> <span class='ocrx_word' id='word_1_413' title='bbox 1941 4130 2071 4168; x_wconf 82' lang='lat' dir='ltr'><strong>vero</strong></span> <span class='ocrx_word' id='word_1_414' title='bbox 2089 4117 2424 4182; x_wconf 87' lang='lat' dir='ltr'><strong>Euphorione</strong></span> <span class='ocrx_word' id='word_1_415' title='bbox 2448 4119 2592 4182; x_wconf 87' lang='lat' dir='ltr'><strong>apud</strong></span> 
     </span>
     <span class='ocr_line' id='line_1_78' title="bbox 1545 4190 2583 4255; baseline 0 -14"><span class='ocrx_word' id='word_1_416' title='bbox 1545 4190 1720 4241; x_wconf 85' lang='lat' dir='ltr'><strong>Schol.</strong></span> <span class='ocrx_word' id='word_1_417' title='bbox 1757 4190 1923 4255; x_wconf 84' lang='lat' dir='ltr'><strong>Apoll.</strong></span> <span class='ocrx_word' id='word_1_418' title='bbox 1961 4193 2057 4242; x_wconf 89' lang='lat' dir='ltr'><strong>Rh.</strong></span> <span class='ocrx_word' id='word_1_419' title='bbox 2086 4193 2141 4252; x_wconf 80' lang='grc'><strong>4,</strong></span> <span class='ocrx_word' id='word_1_420' title='bbox 2187 4192 2328 4252; x_wconf 76' lang='grc'><strong>484.,</strong></span> <span class='ocrx_word' id='word_1_421' title='bbox 2366 4192 2583 4242; x_wconf 86' lang='lat' dir='ltr'><strong>Dianae.</strong></span> 
     </span>
     <span class='ocr_line' id='line_1_79' title="bbox 1544 4263 2586 4330; baseline 0.001 -15"><span class='ocrx_word' id='word_1_422' title='bbox 1544 4268 1737 4328; x_wconf 77' lang='lat' dir='ltr'><strong>Raptor</strong></span> <span class='ocrx_word' id='word_1_423' title='bbox 1769 4268 1979 4326; x_wconf 86' lang='lat' dir='ltr'><strong>autem,</strong></span> <span class='ocrx_word' id='word_1_424' title='bbox 2035 4267 2125 4330; x_wconf 90' lang='lat' dir='ltr'><strong>qui</strong></span> <span class='ocrx_word' id='word_1_425' title='bbox 2173 4268 2220 4316; x_wconf 90' lang='lat' dir='ltr'><strong>ei</strong></span> <span class='ocrx_word' id='word_1_426' title='bbox 2264 4267 2372 4315; x_wconf 90' lang='lat' dir='ltr'><strong>vim</strong></span> <span class='ocrx_word' id='word_1_427' title='bbox 2406 4263 2586 4316; x_wconf 79' lang='lat' dir='ltr'><strong>facere</strong></span> 
     </span>
    </p>
   </div>
  </div>
 </body>
</html>
