3234 4975
1187 394 1304 442 ΗΒ.
1345 395 1381 442 Ι.
1454 395 1510 441 C.
1551 394 1678 443 xlv.

2476 392 2557 453 89

875 549 1166 614 Portum!
1213 550 1433 615 Nonne
1478 549 1688 626 videS,
1738 562 1805 614 ut

951 668 1210 735 Nudum
1255 670 1522 757 remigio
1568 670 1734 735 latus

786 866 862 930 Et
904 863 1111 930 malus
1154 864 1348 931 celeri
1396 866 1656 932 saucius
1700 865 1908 932 Africo

785 989 1245 1074 Antennaeque
1289 996 1546 1075 gemant
1589 1007 1666 1053 ac
1711 987 1850 1052 sine
1894 986 2151 1053 funibus

866 1108 980 1174 Vix
1024 1108 1259 1175 durare
1304 1109 1560 1175 carinae

539 1317 585 1369 4.
623 1317 789 1367 latus?
817 1318 884 1367 Et
916 1316 1125 1380 disting.
1164 1317 1372 1367 censuit
1403 1316 1568 1367 Bentl.
1617 1316 1853 1381 probans
1884 1333 1931 1381 μ
1965 1320 2019 1367 et
2062 1316 2127 1367 al.
2175 1323 2378 1381 gemunt
2408 1344 2437 1354 -
2469 1344 2498 1354 -

461 1398 692 1456 poma,
739 1397 799 1443 ut
841 1391 1006 1443 edidit
1055 1394 1106 1443 F.
1161 1392 1382 1455 (possunt
1433 1394 1592 1442 etiam
1638 1389 1743 1454 δκ.)
1798 1419 1849 1428 -
1901 1392 1949 1441 6.
1999 1393 2076 1456 ac]
2124 1393 2229 1442 iam
2262 1406 2327 1442 ex
2362 1391 2495 1442 Flor.

471 1467 616 1518 ⁴482.
657 1468 708 1517 F.

402 1644 671 1693 immerito
716 1644 888 1694 haesit
931 1643 1197 1695 Bentleius
1242 1644 1312 1693 ad
1347 1642 1443 1693 Od.

401 1720 454 1778 2,
488 1720 536 1777 4,
565 1720 644 1767 2⁴.
685 1720 739 1769 et
778 1718 827 1779 3,
862 1720 941 1778 40,
972 1721 1020 1769 ὅ.
1093 1720 1288 1769 Contra
1323 1732 1446 1769 eum

405 1793 616 1855 egregie
663 1792 931 1858 disputant
983 1796 1083 1844 lac.
1148 1795 1350 1843 Grimm
1393 1794 1447 1842 in

403 1868 581 1930 Haupt
611 1867 840 1917 Zeis-sehr.
888 1869 972 1918 Vl.
1009 1870 1048 1918 1.
1088 1882 1141 1932 p.
1180 1869 1227 1918 4.
1266 1870 1321 1918 et
1354 1869 1451 1917 Lo-

404 1940 544 1991 beck
570 1941 706 1991 Verb.
728 1956 897 2005 yracc.
920 1948 966 1992 et
987 1943 1132 1992 Nom.
1149 1943 1283 1992 verb.
1309 1943 1451 1992 Tech-

401 2016 503 2064 nol.
530 2028 583 2078 p.
611 2015 706 2064 339
736 2029 856 2080 sqq.
894 2018 1062 2067 Etiam
1086 2016 1295 2066 Liibker
1316 2014 1451 2067 mul-

404 2093 456 2138 ta
489 2091 542 2139 in
569 2090 622 2138 h.
651 2088 683 2138 l.
717 2091 830 2140 sine
860 2090 964 2141 ulla
982 2104 1142 2141 causa
1163 2091 1445 2154 vituperat.

405 2165 482 2214 De
518 2177 668 2227 seqq.
703 2165 847 2215 idem
876 2167 1093 2229 copiose
1128 2166 1360 2231 disputat
1394 2165 1447 2215 in

405 2239 699 2290 Horatianis
744 2253 797 2303 p.
836 2240 885 2289 7.
905 2277 918 2301 ‚
968 2241 1081 2304 ipse
1123 2253 1338 2304 quoque
1380 2240 1448 2289 ad

407 2313 773 2365 coniunctivos
791 2315 1147 2379 propendens.
1176 2342 1228 2350 —
1248 2321 1450 2379 gemant

402 2414 432 2424 -
490 2415 519 2424 -
567 2388 774 2452 possint]
835 2390 1208 2440 Coniunctivos
1269 2391 1448 2454 recepi

409 2464 629 2527 propter
671 2464 1042 2515 auctoritatem
1089 2464 1254 2515 Codd.
1303 2478 1452 2515 meo-

409 2550 528 2586 rum
578 2538 853 2601 antiquiss.
924 2541 1008 2588 Sic
1058 2539 1153 2588 Od.
1209 2541 1256 2600 4,
1293 2540 1341 2599 9,
1382 2541 1444 2589 ⁴:

413 2612 574 2672 Vides,
622 2617 679 2662 ut
720 2614 828 2662 alta
875 2619 966 2663 stet
998 2616 1099 2664 cet.
1170 2615 1359 2674 sat-2,
1395 2615 1446 2674 2,

407 2686 500 2735 76:
547 2687 711 2746 Vides,
747 2693 802 2736 αι
835 2689 1086 2753 desumat.
1158 2687 1341 2738 Tibull.
1397 2690 1446 2748 2,

408 2761 456 2818 4,
493 2761 592 2809 26:
640 2761 805 2824 viden,
839 2764 1270 2826 ut--siynificet,
1320 2765 1452 2812 Pro-

405 2837 539 2898 pert.
573 2836 621 2896 2,
655 2835 737 2895 34,
776 2838 871 2886 55:
913 2838 1120 2899 Adspice
1148 2851 1245 2898 me,
1279 2843 1336 2887 ut
1365 2850 1451 2887 ro-

404 2923 567 2972 9nem.
660 2911 971 2962 Rectissime
1023 2915 1203 2963 tamen
1259 2912 1327 2964 de
1390 2925 1449 2961 re

405 2996 626 3047 prorsus
657 2989 820 3046 certa,
859 2999 1020 3049 quam
1055 2999 1115 3036 se
1144 2987 1326 3037 videre
1362 3001 1454 3036 ne-

405 3070 530 3119 gare
555 3071 776 3121 prorsus
802 3061 1033 3124 nequeat
1056 3062 1101 3110 is
1118 3099 1130 3122 ‚
1163 3063 1251 3125 qui
1276 3061 1456 3126 appel-

407 3130 572 3191 latur,
627 3134 841 3196 ponitur
902 3135 1241 3187 indicativus:
1308 3137 1446 3199 Virg.

406 3204 513 3255 Ecl.
552 3208 601 3267 5,
634 3208 694 3256 7:
731 3209 936 3272 Adspice
966 3237 997 3247 -
1027 3216 1084 3260 ut
1114 3212 1313 3272 sparsit.
1374 3210 1448 3260 ld.

404 3280 510 3330 Ecl.
561 3280 611 3342 4,
661 3284 754 3333 52:
812 3285 1018 3346 Adspice
1048 3313 1077 3322 -
1112 3287 1365 3335 laetantur
1399 3291 1456 3336 ut

407 3358 590 3406 omnia.
631 3357 708 3407 Al.
747 3360 1008 3410 laetantur.
1060 3360 1191 3410 Vide
1227 3364 1457 3424 Wagne-

403 3444 541 3481 rum.
608 3432 747 3495 Virg.
773 3437 904 3484 Aen.
954 3435 1001 3494 6,
1037 3435 1156 3485 78οε
1189 3437 1365 3497 Viden,
1401 3441 1456 3486 ut

405 3508 636 3568 qcminae
667 3513 804 3558 stant
834 3510 1017 3559 vertice
1048 3511 1231 3560 cristae
1261 3513 1328 3560 Et
1355 3525 1454 3573 pa-

407 3585 484 3630 ter
515 3582 620 3643 ipse
650 3595 738 3631 suo
770 3596 1006 3645 superum
1038 3584 1144 3633 iam
1181 3586 1346 3649 signat
1372 3587 1458 3635 ho-

403 3658 554 3705 nore!
590 3655 667 3705 Al.
702 3661 827 3707 stetu
853 3685 882 3694 —
909 3659 1082 3722 εἰρηκει.
1155 3660 1351 3719 Quodsi
1382 3659 1456 3710 le-

407 3744 499 3792 gas
546 3737 766 3793 ymnum,
811 3730 1149 3783 nihilominus
1201 3735 1268 3796 (id
1310 3735 1454 3798 quod

409 3803 640 3854 nonnulli
670 3804 1061 3870 addubitamnt)
1099 3808 1299 3870 pendet
1332 3823 1361 3857 a
1396 3823 1447 3859 ν.

406 3878 556 3928 vides.
627 3880 880 3930 Videmus
914 3880 1114 3950 malum
1150 3883 1448 3942 infractum,

407 3951 668 4016 simulque
704 3954 951 4006 audimus
978 3958 1243 4020 gemitum,
1281 3959 1453 4007 conti-

407 4039 571 4076 nuum
606 4027 741 4078 illius
775 4032 829 4079 et
857 4032 1211 4082 antennarum
1233 4033 1370 4082 inter
1392 4046 1452 4082 se

406 4098 766 4153 collidentium
801 4104 1083 4167 fragorem.
1122 4134 1176 4141 —
1215 4108 1454 4156 Volnera-

408 4181 510 4224 tam
556 4191 735 4227 navem
781 4179 909 4228 dixit
954 4181 1113 4230 etiam
1160 4181 1334 4230 Livius
1367 4180 1448 4238 37,

411 4248 485 4301 24.
522 4253 572 4300 et
601 4254 784 4303 Graeci
829 4251 975 4318 νῆας
1008 4255 1453 4326 τραυματισθεί-

1521 1658 1648 1705 σας.
1675 1670 1729 1679 -
1756 1644 1993 1694 imitatus
2015 1646 2098 1694 est
2120 1644 2391 1694 Horatium
2415 1643 2566 1693 Clau-

1522 1717 1662 1768 dian.
1715 1717 1784 1767 de
1836 1718 1992 1767 Cons.
2047 1719 2243 1768 Honor.
2295 1719 2377 1768 VI.
2432 1718 2559 1767 432:

1523 1793 1697 1855 Qualis
1720 1793 1945 1854 piratica
1967 1793 2240 1854 puppis--
2260 1794 2567 1853 viduataque

1520 1868 1678 1916 caesis
1702 1866 2001 1930 Romiqibus,
2035 1867 2197 1916 scissis
2223 1867 2447 1916 velorum
2477 1868 2564 1915 de-

1520 1942 1632 1991 bilis
1663 1942 1776 2001 alis,
1812 1941 1947 1990 Orba
1976 1941 2305 2004 gubernaclis,
2340 1942 2568 1990 antennis

1520 2018 1696 2066 saucia
1723 2017 1902 2079 fractis
1915 2017 2208 2066 Ludibrium
2224 2016 2392 2080 pelam·
2421 2021 2567 2066 vento

1521 2092 1744 2141 iactatur
1791 2096 1837 2140 et
1882 2092 2036 2139 unda.
2093 2117 2149 2126 —
2199 2092 2305 2140 sino
2349 2091 2563 2154 simibus]

1521 2166 1635 2216 scil.
1671 2167 1790 2230 pice
1824 2164 1979 2225 illitis,
2014 2164 2207 2229 quibus
2235 2166 2452 2228 cingunt
2473 2178 2568 2215 ca-

1520 2241 1692 2290 rinam
1721 2242 1777 2290 et
1806 2239 1999 2299 latera,
2036 2243 2095 2289 ut
2128 2240 2402 2289 iuncturae
2435 2253 2567 2289 con-

1521 2316 1805 2374 tineantur,
1844 2313 2300 2377 quemadmodum
2334 2316 2417 2363 est
2448 2316 2561 2364 Act.

1522 2391 1703 2453 Apost.
1755 2390 1836 2447 27,
1886 2390 1976 2437 4οῑ
2029 2382 2449 2450 ὑποζωννύντες
2494 2382 2558 2437 τὲ

1523 2462 1745 2515 πλοῖον.
1798 2464 1929 2513 Sunt
1950 2463 2105 2526 igitur
2124 2457 2197 2512 τὰ
2220 2456 2568 2527 ὑποζώματα

1523 2537 1636 2589 τῶν
1668 2536 1913 2608 τριήρων
1948 2537 2089 2601 apud
2138 2537 2264 2587 Plat.
2315 2537 2382 2587 de
2434 2539 2561 2599 Rep.

1524 2615 1606 2674 40,
1644 2615 1758 2664 646.
1799 2614 1856 2662 C.
1885 2611 2073 2661 collato
2098 2610 2370 2674 Apollonio
2395 2610 2562 2662 Rhod.

1525 2688 1573 2749 4,
1612 2688 1737 2738 367:
1775 2684 1909 2751 Νῆα
1940 2682 1987 2733 δ’
2023 2712 2054 2723 -
2076 2679 2379 2746 -“Ἐζωσαν
2412 2680 2569 2748 πάμ-

1525 2775 1751 2832 πρωτον
1796 2761 2102 2828 ἐϋστρεφεῖ
2141 2753 2377 2809 ἔνδοθεν
2410 2754 2569 2825 ὅπλῳ

1526 2834 1859 2900 Τεινάμενοι
1892 2832 2213 2906 ἑκάτερθεν.
2283 2836 2377 2887 Alii
2402 2833 2569 2899 expli-

1525 2914 1649 2962 cant
1682 2911 1748 2960 de
1784 2909 2126 2970 rudentibus,
2175 2911 2266 2974 qui
2299 2911 2399 2974 ipsi
2432 2923 2571 2973 quo-

1526 3002 1632 3051 que
1657 2989 1761 3037 iam
1786 2987 1925 3051 rupti
1950 2986 2080 3043 sint;
2111 2983 2194 3034 alii
2218 2985 2285 3034 de
2310 2983 2563 3035 remulco.

1526 3064 1602 3112 De
1636 3060 1963 3120 retinaculis,
2001 3062 2307 3124 πείσμασι,
2349 3061 2438 3123 qui
2486 3060 2569 3109 in·-

1527 3137 1799 3200 terpretati
1833 3138 1957 3186 sunt
1977 3175 1988 3196 ,
2022 3149 2127 3184 non
2163 3135 2456 3196 cogitarunt
2482 3135 2570 3183 hic

1527 3211 1595 3260 de
1630 3209 1733 3260 alto
1763 3211 1914 3269 mari,
1946 3212 1999 3259 in
2017 3223 2123 3273 quo
2148 3222 2248 3259 nec
2270 3208 2570 3259 retinaculis

1528 3298 1705 3349 neque
1739 3287 1948 3336 ancoris
1984 3287 2173 3334 nautae
2207 3284 2281 3332 uti
2328 3287 2567 3346 possunt,

1527 3374 1636 3410 non
1665 3359 1733 3409 de
1768 3363 1924 3424 portu
1957 3359 2068 3421 agi3
2111 3371 2436 3421 quamquam
2472 3371 2572 3420 per

1528 3448 1587 3484 se
1614 3434 1750 3497 funis
1781 3437 1927 3483 recte
1961 3433 2152 3483 dicitur
2199 3432 2266 3481 de
2305 3433 2572 3482 retinacu-

1527 3508 1607 3558 lis.
1697 3511 1922 3573 Propert
1974 3510 2021 3570 4,
2080 3507 2129 3567 8,
2172 3507 2226 3556 44
2256 3521 2266 3554 :
2335 3508 2438 3555 Nec
2486 3506 2574 3554 tibi

1533 3584 1787 3645 Tyrrhena
1818 3584 2043 3632 solvatur
2070 3582 2205 3645 funis
2246 3593 2421 3630 arena.
2492 3580 2567 3629 ld.

1528 3658 1577 3718 3,
1614 3659 1665 3718 ’7,
1693 3658 1784 3706 49;
1815 3659 1950 3707 Nam
1970 3657 2057 3706 tibi
2077 3655 2333 3705 noem-nis
2352 3655 2422 3703 ad
2441 3668 2575 3703 sci-‘m

1527 3734 1690 3797 liyata
1715 3732 1947 3794 procellis
1979 3731 2161 3779 Omnia
2176 3729 2352 3778 detrito
2371 3729 2575 3777 vincula

1524 3808 1646 3871 fune
1693 3809 1894 3856 cadunt.
1979 3803 2136 3866 («Cfr.
2189 3803 2403 3852 Boeckh
2453 3803 2568 3853 Urk.

1527 3884 1574 3932 d.
1613 3887 1704 3932 att.
1742 3883 1931 3941 seem,
1968 3892 2021 3942 p.
2063 3878 2210 3928 ⁴36.»
2246 3878 2428 3939 ΗΑιυ.)

1592 3957 1640 4005 7.
1695 3954 1900 4018 durare]
1955 3952 2222 4017 «perferre
2241 3990 2252 4012 ,
2291 3952 2568 4002 sustinere.

1527 4031 1666 4092 virg.
1707 4033 1836 4079 Aen.
1874 4029 1924 4086 8,
1960 4027 2054 4076 577
2074 4041 2084 4074 :
2139 4027 2357 4089 quemvis
2386 4027 2575 4075 durare

1526 4105 1763 4154 laborem.
1834 4102 1944 4152 Val.
1986 4101 2153 4152 Flacc.
2189 4103 2238 4162 8,
2277 4101 2389 4151 338.
2443 4102 2569 4150 Stat.

1527 4179 1649 4229 Silv.
1686 4180 1735 4236 5,
1772 4180 1821 4238 2,
1855 4177 1976 4228 ⁴53:
2016 4177 2575 4238 Durabisquasounque

1524 4256 1651 4304 vias,
1679 4273 1702 4298 υ
1757 4254 1938 4303 Bam.
1996 4279 2047 4287 -
2103 4249 2326 4313 carinae]
2377 4250 2574 4300 Omnes
