3234 4975
635 408 761 470 290

1404 408 1659 457 HORATH
1697 407 2035 458 CARMINUM

976 564 1340 650 Compescit
1395 561 1600 637 unda,
1650 560 1897 628 scilicet
1937 561 2266 639 omnibuS,

974 684 1360 770 Quicunque
1403 693 1615 749 terrae
1658 703 1929 749 munere
1972 683 2330 760 vescimur,

2726 684 2808 749 ⁴0

1060 803 1497 891 Enaviganda,
1544 804 1683 869 sive
1726 824 1918 891 reges

1139 925 1289 991 Sive
1337 925 1563 1011 inopes
1608 925 1851 990 erimus
1896 924 2125 991 coloni.

968 1085 1229 1148 Frustra
1273 1092 1543 1149 cruento
1586 1082 1785 1149 Marte
1829 1082 2194 1150 carebimus

966 1203 1339 1289 Fractisque
1382 1203 1560 1269 rauci
1606 1201 1906 1270 fluctibus
1949 1203 2260 1281 Hadriae,

1050 1326 1311 1390 Frustra
1356 1345 1476 1410 per
1518 1334 1899 1391 auctumnos
1943 1334 2283 1391 nocentem

2718 1325 2799 1390 ⁴5

1132 1444 1527 1531 Corporibus
1571 1455 1934 1510 metuemus
1976 1446 2318 1510 Austrum:

947 1600 1264 1667 Visendus
1309 1611 1447 1667 ater
1490 1600 1754 1668 flumine
1798 1601 2100 1689 languido

758 1780 836 1830 ⁴4.
872 1780 1060 1829 Adriae
1094 1778 1179 1828 cd.

692 1945 739 1995 9.
794 1944 1042 2008 omnibus]
1094 1945 1373 1996 charontis
1419 1944 1674 2007 cymbam
1705 1945 1713 2003 Ι
1745 1945 1829 1996 bis
1862 1946 2161 2011 insidiante)
2196 1947 2505 2010 cavebimus,
2560 1952 2615 1999 et
2659 1950 2796 2013 ima-

625 2013 1195 2088 θεωρίδα-πάνδοκον
1233 2021 1389 2069 vocat
1428 2019 1674 2081 Aeschy-

628 2093 708 2142 lus
744 2094 795 2142 S.
835 2092 955 2142 adV.
993 2093 1086 2142 Th.
1125 2092 1240 2143 860.

695 2168 774 2216 40.
833 2179 1038 2216 munere
1089 2166 1360 2231 vescimur]
1418 2165 1563 2216 uiad.
1622 2170 1667 2230 ζ,

630 2240 750 2291 ⁴42:
805 2240 866 2289 οἳ
903 2234 1161 2312 ἀρούρης
1191 2235 1416 2311 καρπὸν
1450 2234 1668 2292 ἔδουσι.

626 2314 922 2365 Simonides
957 2317 1037 2365 Fr.
1072 2315 1160 2364 ⁴9:
1198 2308 1502 2384 εὐρυεδοῦς
1536 2307 1672 2365 ὅσοι

625 2386 850 2459 καρπὸν
895 2385 1182 2454 αἰνύμεθα
1226 2387 1462 2452 χθονός.
1532 2391 1673 2440 Pha-

625 2464 808 2517 nocles
835 2466 882 2514 2.
906 2466 957 2515 in
985 2463 1311 2516 Schneidew.
1335 2463 1447 2516 Del.
1467 2478 1520 2529 p.
1546 2465 1668 2515 46οτ

618 2534 780 2590 Ἀλλὰ
823 2535 893 2588 τὸ
939 2537 1209 2610 Μοιράων
1252 2535 1383 2605 νῆμ’
1425 2535 1672 2591 ἄλλυτον

625 2609 762 2666 οὐδέ
794 2629 874 2681 πη
917 2609 1074 2665 ἔστιν
1111 2610 1442 2683 Ἐκφυγέειν
1457 2652 1471 2676 ,
1523 2609 1672 2665 ὁπό-

624 2704 723 2740 σοι
770 2687 881 2755 γῆν
936 2686 1393 2760 ἐπιφερβόμεθα.
1467 2691 1671 2740 Seneca

623 2764 821 2814 Phoen.
860 2765 983 2814 22⁴:
1037 2770 1130 2813 aut
1168 2765 1271 2814 ulto
1312 2765 1461 2826 fruor
1500 2764 1674 2814 Almae

618 2840 845 2902 parentis
886 2838 1130 2888 munere?
1185 2866 1238 2874 —
1292 2840 1497 2889 Memor
1541 2851 1673 2888 usus

623 2912 890 2964 Homerici
941 2913 1099 2974 poeta
1156 2911 1403 2974 singulari
1467 2925 1676 2962 munere

623 2998 753 3036 usus
788 2987 895 3044 est,
934 2998 1040 3047 quo
1076 2988 1197 3035 ante
1233 2987 1410 3035 omnia
1433 2986 1675 3036 frumen-

623 3064 739 3109 tum
772 3058 1121 3120 signiflcatur,
1160 3071 1260 3108 nec
1294 3058 1529 3110 debebat
1550 3061 1676 3111 Wa-

624 3130 819 3182 kefield
849 3144 1152 3195 proponere
1185 3145 1414 3182 munera.

694 3207 773 3255 44.
821 3205 1172 3269 Εηαυίραπάα]
1223 3207 1277 3255 in
1326 3219 1487 3270 prosa
1537 3210 1669 3257 orat.

627 3279 1019 3330 «traiicienda.»
1071 3280 1360 3342 Enaviaare
1405 3294 1542 3332 nove
1591 3281 1677 3331 di-

626 3358 774 3406 ctum
805 3354 1018 3405 videtur
1054 3367 1153 3419 pro
1189 3356 1466 3418 «navigare
1500 3369 1674 3419 usque

626 3430 695 3480 ad
730 3429 952 3480 alteram
985 3429 1177 3495 ripam,
1215 3431 1331 3481 sine
1365 3432 1672 3482 reversione

631 3518 695 3554 ac
730 3504 957 3554 reditu.»

694 3581 773 3630 ⁴2.
826 3578 1004 3643 colons]
1053 3580 1175 3642 «qui
1220 3592 1405 3642 agrum
1441 3578 1672 3631 alienum

628 3651 824 3713 colunt,
848 3652 933 3703 vel
957 3653 1212 3703 mercede
1239 3654 1360 3717 (Sat.
1383 3653 1433 3714 2,
1459 3654 1507 3715 2,
1537 3655 1672 3716 445.)

625 3724 710 3776 vel
760 3728 1075 3790 pensionem
1123 3727 1339 3778 domino
1385 3725 1673 3788 solventes,

627 3800 876 3850 Italorum
909 3803 1151 3863 massas.»

696 3874 776 3923 43.
830 3877 996 3925 Marte
1037 3874 1332 3939 carebimus]
1382 3873 1675 3925 «bellorum

627 3947 862 4014 pericula
898 3949 1283 4000 devitabimusn
1321 3950 1537 4000 «Carere
1557 3950 1611 3999 h.
1640 3948 1673 3999 1.

627 4023 732 4073 sich
760 4022 902 4085 seme
931 4024 1098 4074 hatten
1126 4039 1227 4074 von
1258 4029 1438 4085 etwas,
1483 4026 1543 4073 ut
1575 4024 1670 4075 Od.

628 4097 689 4157 2,
727 4097 816 4156 40,
867 4096 922 4144 7:
978 4103 1116 4148 caret
1159 4098 1429 4148 invidenda
1472 4097 1679 4147 Sobrius

628 4171 804 4221 mala.»
829 4171 995 4221 ΗΑιιι.
1033 4172 1233 4231 Quodsi
1256 4186 1380 4223 cum
1397 4170 1676 4222 Waddelio

629 4244 798 4308 legas:
836 4245 1052 4294 Fiat-scm
1084 4259 1120 4295 a
1150 4250 1357 4296 cruento
1377 4247 1544 4297 Marte
1567 4246 1678 4308 (no-

1747 2021 1925 2082 ginem
1989 2022 2218 2073 habebis
2285 2024 2517 2075 hominis
2578 2026 2796 2089 propter

1745 2094 2006 2156 ignaviam
2038 2096 2245 2148 ridiculi
2278 2100 2335 2148 et
2366 2099 2662 2149 orationem
2694 2112 2795 2163 pe-

1746 2168 2001 2217 destrem.

1811 2241 1891 2292 ⁴4.
1928 2244 2075 2291 rauci
2095 2245 2338 2309 fluctibus]
2365 2247 2607 2297 «Frustra
2630 2247 2791 2297 etiam

1746 2330 1776 2365 a
1801 2317 2131 2378 navigatione
2155 2316 2594 2370 abstinebimus»
2631 2318 2795 2370 Obtu-

1745 2402 1867 2440 sum
1900 2403 1964 2439 ac
1998 2396 2486 2443 remurmurantem
2518 2392 2667 2444 illum
2690 2395 2798 2443 fra-

1745 2476 1930 2527 gorem
1973 2463 2239 2514 undarum
2283 2463 2353 2514 ad
2386 2467 2632 2530 scopulos
2678 2466 2793 2517 alli-

1747 2539 1986 2588 dentium
2018 2552 2233 2588 raucum
2253 2539 2427 2588 vocat.
2458 2566 2512 2574 —-
2553 2541 2793 2604 Hadriae]

1747 2613 1893 2662 Hanc
1951 2612 2271 2674 scripturam
2326 2610 2615 2675 legitimam
2672 2627 2791 2665 esse

1746 2685 2079 2736 demonstrat
2111 2687 2516 2736 Monumentum
2548 2688 2790 2748 Ancyra-

1747 2773 1902 2822 num,
1942 2761 1993 2809 in
2016 2773 2123 2824 quo
2148 2763 2230 2809 ter
2263 2759 2456 2823 legitur
2474 2761 2792 2810 Hadrianum

1745 2848 1902 2884 mare.
1939 2835 2184 2884 V.‹Suet.
2222 2835 2378 2885 Wolf.
2419 2837 2480 2885 ΙΙ.
2518 2848 2571 2898 p.
2610 2835 2724 2884 375.

1813 2911 1891 2959 45.
1922 2922 2019 2971 per
2049 2910 2359 2974 auctumnos]
2384 2911 2489 2959 Sat.
2517 2911 2573 2970 2,
2613 2909 2669 2970 6,
2708 2909 2787 2960 ⁴8:

1745 2984 1847 3032 Nec
1902 2983 2040 3032 mala
2099 2996 2178 3032 me
2233 2983 2437 3032 ambitio
2482 2984 2654 3044 perdit
2704 2995 2795 3032 nec

1737 3057 1999 3119 plumbeus
2029 3057 2208 3107 Auster
2239 3058 2641 3120 Aactumnusqae
2667 3070 2796 3120 qra-

1742 3134 1843 3194 vis,
1878 3132 2125 3182 Libitinae
2147 3138 2378 3195 quaestus
2399 3133 2623 3183 acerbae.
2662 3130 2790 3182 Plin.

1746 3207 1809 3257 H.
1853 3207 1913 3256 N.
1950 3206 2008 3267 Ξ,
2056 3206 2146 3257 47ε
2199 3208 2397 3257 Nomius
2438 3207 2616 3256 Auster
2661 3206 2792 3269 (Sci-

1745 3281 1929 3344 rocco)
1981 3286 2028 3331 et
2073 3283 2239 3345 magris
2285 3284 2475 3344 siccae,
2532 3281 2790 3346 fortassis,

1746 3357 1870 3418 quia
1901 3356 2132 3405 humidus
2161 3356 2400 3421 friyidior
2432 3361 2516 3406 est.

1814 3430 1893 3479 46.
1949 3431 2132 3492 Aptior
2174 3433 2259 3480 est
2288 3430 2636 3480 constructio:
2686 3440 2793 3477 me-

1745 3509 1937 3553 tuemus
1969 3504 2274 3565 corporibus,
2313 3516 2499 3567 quam:
2538 3507 2790 3553 nocentem

1744 3576 2066 3640 corporibus,
2136 3578 2235 3629 nisi
2290 3578 2465 3641 potius
2522 3576 2793 3643 duplicem

1748 3654 1967 3702 statuas.

1815 3727 1893 3775 47.
1933 3726 2012 3777 48,
2050 3725 2306 3789 Ζαηριιόἀο]
2338 3725 2534 3776 «tardis
2568 3724 2793 3775 flexibus

1747 3799 2013 3851 labente.»
2071 3800 2375 3850 Acheronta
2410 3802 2466 3848 et
2498 3793 2790 3858 Κωκυτόν,

1750 3867 1901 3946 ὕδωρ
1940 3869 2388 3944 ἀτερπέστατον,
2432 3875 2645 3937 proprie
2690 3874 2795 3922 ssu-

1750 3950 1889 4000 mina
1909 3946 2269 4012 Thesprotidis
2288 3947 2448 3997 fuisse
2468 3950 2649 3996 narrat
2665 3949 2797 3997 Pau-

1749 4037 1863 4074 san.
1893 4024 1940 4083 4,
1968 4023 2048 4083 47,
2074 4023 2123 4072 5.
2170 4023 2284 4072 Iam
2306 4021 2562 4071 Pindarus
2586 4022 2788 4082 Fragm.

1751 4098 1837 4156 40,
1884 4097 1932 4146 4,
1971 4095 2169 4146 Boekh.
2211 4095 2307 4146 Ed.
2346 4096 2473 4145 min.
2512 4095 2581 4144 de
2615 4093 2796 4142 flumi-

1748 4169 1906 4219 nibus
1954 4169 2097 4234 apud
2145 4170 2375 4221 inferos:
2420 4163 2635 4217 Ἔνθεν
2690 4161 2796 4216 τὸν

1746 4236 1987 4315 ἄπειρον
2018 4239 2351 4315 ἐρεύγονται
2382 4238 2599 4294 σκότον
2641 4238 2795 4306 Βλη-
