3234 4975
641 361 767 427 568

1394 362 1653 412 HORATu
1688 362 2025 414 CARMINUM

895 518 1201 605 Spiritum
1245 516 1545 584 Phoebus
1589 515 1773 591 mihi,
1824 515 2124 582 Phoebus
2168 526 2372 582 artem

891 638 1204 705 Carminis
1248 659 1614 725 nomenque
1659 637 1836 704 dedit
1877 645 2127 725 poetae.

2731 641 2816 703 30

892 759 1220 845 virginum
1263 760 1510 847 primae
1554 759 1874 847 puerique
1918 758 2110 824 claris

1061 879 1354 945 Patribus
1398 880 1515 945 orti
1537 932 1550 956 ,

892 1035 1116 1103 Deliae
1162 1035 1359 1102 tutela
1412 1036 1577 1103 deae
1623 1036 1886 1123 fugaces

894 1159 1145 1246 Lyncas
1189 1166 1253 1223 et
1296 1177 1526 1223 cervos
1570 1156 1929 1224 cohibentis
1973 1179 2126 1224 areu
2154 1210 2168 1233 ,

892 1276 1198 1344 Lesbium
1240 1286 1493 1344 servate
1535 1275 1771 1364 pedem
1815 1278 2075 1364 meique
2179 1310 2188 1319 ·

1062 1397 1316 1465 Pollicis
1361 1397 1584 1471 ictum,

775 1596 855 1646 33.
891 1597 1089 1660 mae-'s
1120 1596 1177 1645 B.

707 1765 789 1814 29.
843 1764 924 1814 30.
983 1766 1160 1817 Nexus
1209 1768 1346 1816 inter
1380 1767 1518 1818 hanc
1552 1769 1695 1816 stro-

643 1837 785 1900 phen
831 1840 888 1887 et
926 1840 1313 1901 praecedentes
1348 1855 1378 1889 a
1424 1840 1695 1905 plerisque

649 1911 1030 1974 interpretibus
1066 1913 1240 1962 minus
1262 1918 1579 1978 perspectus
1607 1915 1697 1965 hic

648 1986 754 2034 est:
803 1987 1030 2036 «Preces
1067 2000 1216 2037 meas
1256 1987 1440 2052 Apollo
1479 1990 1696 2039 iamiam

651 2058 949 2119 exaudivit;
987 2059 1102 2123 ipse
1142 2073 1229 2111 me
1269 2063 1478 2125 poetico
1518 2063 1696 2112 furore

652 2130 939 2194 perculit3»
976 2132 1117 2183 unde
1142 2136 1333 2186 missas
1356 2135 1556 2187 faciens
1578 2150 1702 2200 pre-

652 2218 744 2255 ces
760 2244 772 2265 ,
810 2206 1005 2269 quibus
1027 2207 1153 2258 doni
1179 2207 1312 2260 iliius
1335 2212 1570 2274 compoti
1594 2212 1700 2261 iam

652 2292 759 2329 non
793 2292 928 2344 opus
971 2285 1080 2343 est,
1133 2282 1357 2334 fiduciae
1408 2284 1599 2348 plenus
1640 2298 1700 2335 se

652 2354 827 2417 ipsum
844 2359 1059 2418 poetam
1082 2359 1378 2422 profitetur.
1417 2362 1576 2424 Igitur
1598 2362 1702 2411 hoc

655 2439 841 2479 rursus
857 2426 974 2480 loeo
991 2429 1117 2482 illud
1146 2433 1497 2486 recordemur
1517 2449 1704 2487 neces-

655 2514 715 2552 se
752 2505 866 2552 est:
915 2505 1067 2555 Sume
1099 2508 1381 2570 superbiam
1416 2510 1703 2571 Quaesitum

653 2577 860 2627 meritis.
900 2578 1011 2640 (Od.
1033 2580 1082 2640 3,
1103 2580 1184 2641 30,
1213 2581 1316 2644 ⁴4.)
1342 2611 1397 2619 -
1439 2584 1701 2649 spiritura]

653 2648 1086 2718 ἐνθουσιασμόν
1105 2691 1118 2715 ,
1158 2658 1249 2720 qui
1270 2659 1373 2706 arti
1400 2660 1700 2722 opponitur.

658 2725 764 2775 Cir.
786 2726 883 2776 Od.
908 2729 959 2785 2,
983 2729 1063 2790 46,
1085 2729 1166 2780 38.
1193 2731 1287 2780 Od.
1310 2731 1364 2792 4,
1389 2732 1437 2793 3,
1464 2734 1546 2783 24.
1584 2734 1702 2783 Tria

656 2793 837 2842 autem
883 2794 1017 2843 haec
1051 2795 1336 2858 perficiunt
1368 2801 1582 2862 poetam
1616 2798 1704 2849 tali

656 2867 871 2916 nomine
918 2866 1167 2930 dignum,
1228 2871 1497 2934 ingenium
1519 2911 1531 2934 ,
1591 2876 1707 2924 stu-

659 2938 834 3000 dium,
872 2940 1011 2991 sama
1046 2944 1257 3007 utrique
1285 2947 1636 3009 respondens.

724 3013 804 3063 34.
865 3016 1369 3082 Virqinumprimao]
1416 3020 1705 3072 mobiles.»

660 3088 822 3137 Erant
888 3092 1067 3141 autem
1138 3094 1368 3156 virgines
1436 3099 1489 3146 et
1553 3098 1707 3161 pueri

662 3162 874 3223 patrimi
925 3165 979 3212 et
1028 3167 1284 3228 matrimi,
1345 3183 1407 3219 ex
1459 3171 1709 3233 gentibus

662 3236 922 3298 patriciis,
994 3240 1304 3302 parentibus
1367 3244 1709 3295 confarreatis

662 3310 843 3372 geniti.

732 3383 796 3433 33
819 3410 848 3421 -
870 3385 951 3437 36.
989 3389 1168 3456 tutela]
1208 3393 1339 3455 «qui
1376 3395 1502 3444 estis
1538 3397 1589 3444 in
1627 3397 1711 3445 tu-

665 3456 771 3508 tela
794 3459 1044 3512 Dianae.»
1081 3464 1266 3515 Catull.
1296 3466 1385 3528 34,
1415 3470 1436 3518 4
1462 3484 1472 3517 :
1512 3471 1711 3520 Dianae

666 3545 836 3582 names
867 3535 919 3584 in
938 3537 1037 3599 fido
1055 3538 1256 3589 Puellae
1275 3546 1322 3590 et
1338 3545 1486 3603 pueri
1508 3544 1706 3607 intem-i.

669 3630 726 3643 —
749 3607 1028 3675 cohibentis]
1052 3614 1316 3665 «sistentis
1339 3616 1392 3666 in
1417 3617 1553 3680 fuga,
1581 3618 1709 3668 dum

668 3693 762 3731 eos
795 3684 995 3746 sagittis
1039 3687 1347 3750 transfigit.»
1406 3690 1608 3742 Callim.
1648 3693 1708 3741 H.

666 3753 818 3804 Dian.
858 3756 953 3806 ⁴6:
1005 3753 1223 3811 ὁππότε
1254 3764 1463 3828 μηκέτι
1501 3761 1715 3832 λύμας

1771 1768 1860 1830 qui
1893 1765 2095 1832 pollicis
2133 1768 2280 1816 motu
2327 1764 2687 1827 indicabatur,
2743 1765 2822 1816 Ιο-

1774 1841 1968 1903 quitur.
2005 1839 2303 1890 Terentian.
2334 1840 2500 1891 Maur.
2521 1839 2686 1891 2253:
2724 1841 2822 1889 ad—

1770 1919 1962 1964 suetam
1981 1926 2214 1974 moran,
2253 1914 2417 1974 Quom
2433 1913 2631 1975 pollicis
2648 1926 2824 1964 sonore

1770 1989 1849 2038 vel
1891 1988 2083 2050 plausu
2123 1987 2267 2048 podis
2297 1987 2688 2048 Dim-eminam,
2737 1988 2823 2047 qm·

1773 2063 1946 2112 docent
1973 2067 2159 2122 arm,
2195 2061 2365 2111 solent.
2406 2062 2530 2121 Qui,
2567 2064 2628 2111 ut
2650 2073 2823 2125 nuper

1774 2137 1933 2186 etiam
1967 2134 2337 2198 Dillenburger
2378 2147 2500 2199 pag.
2538 2135 2653 2195 93.,
2692 2147 2816 2184 cum

1774 2208 2076 2260 Scholiastis
2127 2207 2421 2273 explicant:
2475 2206 2824 2258 «modulatio-

1775 2296 1902 2334 nem
1935 2283 2185 2333 carminis
2204 2320 2216 2343 ,
2273 2280 2436 2332 veluti
2486 2282 2602 2346 ipse
2651 2281 2825 2345 lyram

1774 2359 2101 2422 percutiam»
2118 2395 2130 2417 ,
2169 2356 2312 2407 haud
2335 2358 2462 2408 satis
2485 2356 2827 2406 attenderunt

1776 2432 1846 2482 ad
1879 2433 1987 2481 vim
2012 2432 2159 2482 vocis
2179 2432 2367 2493 ictum,
2403 2430 2558 2495 longe
2583 2431 2825 2482 diversae

1777 2505 1845 2556 ab
1892 2507 1986 2568 iis,
2040 2518 2179 2569 quae
2227 2503 2299 2555 ad
2339 2519 2390 2556 v.
2436 2506 2625 2568 poam
2657 2507 2826 2566 lyron

1777 2581 2069 2643 pertinent,
2108 2593 2284 2643 neque
2319 2579 2690 2643 expenderunt
2719 2580 2827 2629 Ho-

1777 2655 1972 2705 ratium
2015 2667 2084 2704 ne
2127 2655 2338 2718 poetice
2382 2652 2602 2717 quidem
2645 2654 2826 2704 dicere

1778 2729 2042 2792 potuisse,
2077 2730 2254 2778 semet
2286 2729 2463 2791 ipsum
2496 2726 2669 2790 lyram
2704 2739 2826 2778 esse

1779 2801 2073 2866 pulsurum.
2166 2803 2278 2852 Hoc
2336 2801 2494 2852 dicit:
2573 2799 2828 2851 «Docebo

1781 2877 1975 2926 choros
2022 2875 2221 2939 (dociles
2253 2888 2499 2926 meorum
2543 2875 2826 2939 medonem)

1792 2944 2008 3014 ὐθμὸν
2032 2950 2357 3013 Sapphicum
2391 2950 2642 3000 carminis
2675 2963 2831 3000 secu·-

1801 3025 1960 3074 aris.»

1847 3098 1926 3147 37.
1965 3098 2046 3148 38.
2084 3098 2217 3159 Rite]
2255 3110 2351 3146 «ex
2385 3098 2488 3147 ritu
2523 3098 2574 3146 in
2599 3098 2680 3148 his
2702 3110 2830 3147 cae-

1783 3172 2021 3223 timoniis
2060 3172 2347 3235 antiquitus
2386 3171 2544 3222 nobis
2583 3171 2828 3221 tradite.»

1789 3275 1842 3283 —
1878 3247 2008 3310 sace]
2044 3244 2331 3295 alumine.»
2390 3246 2556 3296 Diana
2591 3245 2831 3295 Lucifera

1784 3322 1836 3371 in
1871 3320 2100 3384 antiquis
2133 3319 2494 3369 monumentis
2528 3321 2620 3370 aut
2652 3318 2831 3370 lunam

1785 3395 2120 3444 crescentem
2169 3405 2215 3442 s.
2261 3391 2506 3442 falcatam
2557 3394 2612 3443 in
2657 3393 2831 3457 capite

1783 3467 1950 3518 habet
1994 3470 2085 3517 aut
2129 3466 2302 3517 facem
2345 3466 2531 3516 dextra
2564 3468 2712 3517 tenet
2743 3467 2836 3515 aut

1785 3544 2012 3604 utroque
2066 3539 2313 3605 symbolo
2348 3542 2534 3590 ornata
2569 3539 2835 3603 conspici-

1787 3619 1889 3666 tur.
1929 3615 2035 3666 ctr.
2074 3613 2234 3666 Millin
2269 3615 2400 3664 Gall.
2426 3614 2630 3676 mythol.
2657 3615 2720 3663 N.
2746 3613 2830 3663 93.

1790 3691 1902 3740 447.
1943 3689 2056 3740 448.
2085 3690 2198 3738 424.
2238 3688 2369 3737 Hinc
2403 3689 2562 3750 Soph.
2589 3687 2831 3738 Trachin.

1787 3763 1902 3816 2⁴4.
1961 3766 2119 3813 vocat
2173 3755 2435 3832 ’Ἄρτεμιν
2512 3758 2800 3829 Ὀρτυγίαν
2819 3797 2834 3823 ,

670 3823 815 3893 Μήτ’
850 3828 1107 3897 ἐλάφους
1139 3833 1432 3903 βάλλοιμι.
1469 3868 1522 3876 -
1547 3841 1716 3891 Lesbi-
1790 3833 2165 3899 ἐλαφαβόλον
2187 3875 2201 3898 ,
2254 3827 2609 3904 ἀμφίπυρον.
2673 3835 2842 3886 Dioti-

667 3908 1629 3979 υ’Ὶῑ-Ροειὶινηι]1111111-11111811111111ίοιιιιι.
1659 3944 1712 3953 --
1793 3927 1912 3965 mus
1956 3916 2008 3963 in
2052 3911 2261 3963 Anthol.
2308 3911 2417 3963 Pal.
2462 3914 2501 3961 1.
2547 3924 2666 3975 pag.
2702 3911 2833 3962 274:

670 3978 866 4029 Pollicis
908 3983 1084 4049 iclmn]
1131 3986 1589 4058 χειρονομοῦντά
1622 4004 1712 4055 με.
1792 3986 2134 4060 Φωσφόρος,
2154 3977 2202 4036 ὦ
2218 3982 2439 4057 σώτειρ’
2452 3979 2754 4057 nuptam.
2779 4013 2836 4021 —-

674 4053 807 4103 Vide
858 4057 1182 4111 Boissonade
1235 4063 1303 4112 ad
1350 4064 1610 4115 Aristaen.
1660 4078 1713 4128 p.
1792 4064 2072 4124 Noctiluca]
2129 4056 2454 4125 νυκτιφαής
2474 4096 2488 4121 ,
2526 4057 2840 4124 νυκτιλαμ-

674 4127 787 4178 384.
850 4131 963 4179 Non
1009 4133 1076 4182 de
1121 4135 1235 4199 ipsa
1270 4137 1502 4188 citharae
1536 4138 1712 4203 pulsa·
1795 4134 1925 4202 πής.
1997 4140 2130 4189 Item
2190 4131 2560 4206 σελασφόρος
2616 4138 2836 4186 Pausan.

675 4203 846 4266 tione,
917 4205 1015 4258 sed
1066 4207 1134 4257 de
1185 4211 1434 4263 carminis
1476 4207 1717 4283 ῥυθμῷ,
1797 4213 1937 4274 4,34
1961 4250 1971 4274 ,
1996 4213 2045 4262 2.
2086 4214 2140 4263 et
2169 4206 2495 4282 φωσφόρος
2545 4209 2620 4259 ld·
2660 4207 2716 4269 4,
2755 4208 2840 4269 3⁴»
