3234 4975
1085 509 1367 591 Funera,
1416 535 1498 580 ne
1541 513 1744 580 virilis

1426 378 1682 428 HORATII
1719 378 2054 431 CARMINUM

2739 516 2819 580 ⁴5

787 635 1008 704 Cultus
1053 636 1116 700 in
1161 635 1431 703 caedem
1475 645 1541 702 et
1579 635 1814 726 Lycias
1859 636 2224 724 proriperet
2266 636 2601 703 catervas?

791 834 869 883 ⁴5.
906 832 1123 898 Funera]
1164 832 1405 896 Tempora
1438 832 1621 884 Codex
1652 832 2058 897 vanderburgii.
2101 861 2155 869 —
2192 833 2366 884 uiriles
2397 835 2451 885 T.

659 1011 774 1062 eius
809 1009 905 1061 tuit
935 1011 989 1061 tn
1013 1010 1221 1075 cypriis
1245 1007 1479 1060 etniade
1512 1023 1696 1074 pam.
1774 1022 1878 1073 gen
1898 1011 2035 1061 Mon.
2072 1009 2201 1061 rab.
2238 1011 2302 1061 x.
2338 982 2393 1074 ᾗ).
2422 1011 2521 1074 43.)

659 1083 832 1136 Schol.
868 1084 1062 1136 Villois.
1101 1084 1170 1135 ad
1203 1083 1237 1135 1.
1264 1082 1299 1134 1.
1336 1083 1576 1135 Eandem
1598 1086 1705 1135 tra-

659 1159 819 1209 ctavit
860 1157 1147 1223 Sophocles
1187 1159 1249 1210 ἐν
1290 1158 1592 1248 Σκυρὶαις,
1646 1159 1700 1208 in

658 1247 764 1297 qua
787 1233 963 1284 fabula
988 1232 1180 1285 Ulixes:
1216 1229 1298 1285 Σὺ
1320 1231 1368 1283 δ’
1393 1251 1438 1282 ω
1420 1224 1530 1283 ’τὸ
1551 1231 1701 1298 λαμ-

658 1303 805 1379 πρὸν
859 1303 987 1370 φῶς
1049 1300 1412 1372 ἀποσβεννὺς
1475 1309 1697 1375 γένους,

659 1379 905 1447 ξαίνεις,
937 1376 1196 1467 ἀρίστου
1240 1378 1455 1454 πατρὸς
1488 1377 1699 1450 Ἓλλή-

658 1449 1698 1594 ἴαᾍογῖοἶξῌίεηὲωῡὲῗέαξίἓοῆᾒιίξτῧ-

659 1607 741 1657 ⁴5.
777 1604 862 1656 vel
905 1607 954 1656 2.
1001 1606 1158 1658 Mein.
1193 1619 1245 1656 v.
1285 1608 1373 1656 ⁴5:
1427 1602 1698 1657 Λάνθανε

656 1676 706 1729 δ’
740 1679 803 1731 ἐν
836 1676 1050 1751 κώραις
1079 1678 1443 1746 Λυκομηδίσι
1473 1678 1697 1746 μοῦνος

652 1750 959 1818 Ἀχιλλεύς,
1011 1752 1180 1826 Εἴρια
1227 1753 1275 1805 δ’
1326 1748 1455 1806 ἀνθ’
1502 1748 1697 1806 ὅπλων

656 1827 1007 1891 ἐδιδάσκετο,
1043 1831 1143 1881 καὶ
1174 1830 1301 1903 χερὶ
1342 1828 1520 1900 lenm}
1553 1846 1701 1902 παρ-

655 1899 890 1955 θενικὸν
939 1903 1117 1976 κόρον
1162 1904 1244 1969 (al.
1281 1901 1481 1968 κόπον)
1525 1901 1696 1966 εἶχεν.

655 1979 788 2030 Vide
841 1980 1000 2030 etiam
1053 1981 1277 2030 Statium
1318 1981 1373 2031 in
1412 1979 1700 2032 Achilleide

655 2055 708 2116 2,
745 2053 809 2105 44
843 2067 995 2118 seqq.
1057 2055 1162 2106 Cfr.
1199 2053 1391 2105 Roulez
1425 2054 1494 2105 ad
1527 2054 1704 2106 Ptole-

656 2141 874 2180 maeum
917 2129 1087 2194 Heph.
1122 2143 1179 2193 p.
1224 2129 1305 2179 59.
1355 2130 1548 2192 (Thetis
1591 2128 1706 2180 ele-

658 2204 964 2268 gantissime
1008 2216 1262 2269 expressa
1304 2205 1388 2256 est
1428 2217 1482 2255 m
1513 2202 1704 2257 millin-

1771 1084 2004 1150 crimosa]
2041 1083 2216 1149 paullo
2237 1087 2360 1135 ante
2385 1087 2708 1137 Graecorum
2732 1101 2823 1137 ex-

1770 1158 2097 1222 peditionem
2132 1158 2188 1208 in
2220 1159 2448 1220 Troiam,
2486 1160 2689 1211 excidio
2712 1161 2819 1212 iam

1771 1235 1899 1284 tunc
1941 1247 1972 1283 a
2016 1233 2115 1285 diis
2158 1232 2482 1283 damnatam.
2553 1236 2682 1286 Mira
2721 1248 2818 1286 au-

1771 1311 1882 1359 tem
1915 1305 2248 1372 interpolatio
2290 1308 2562 1359 lacrimosa
2592 1314 2820 1372 tempora

1769 1396 1866 1447 pro
1900 1383 2172 1433 lacrimosa
2198 1383 2386 1446 limera
2417 1383 2471 1433 in
2495 1382 2662 1434 Codd.
2690 1383 2812 1449 aliq.

1770 1458 1999 1522 irrepsit.

1772 1572 1781 1579 ‘
1836 1570 1916 1620 ⁴5.
1956 1570 2063 1620 «Ne
2085 1566 2248 1620 virilis
2268 1569 2491 1621 vestitus
2514 1570 2628 1634 ipse
2645 1569 2820 1622 Achil-

1769 1641 1878 1693 lem
1928 1643 2172 1694 incitaret
2220 1643 2288 1693 ad
2340 1643 2735 1708 expeditionem
2785 1660 2816 1696 a

1773 1720 1986 1768 Graecis
2019 1718 2237 1782 regibus
2267 1717 2519 1769 indictam
2551 1732 2657 1769 una
2692 1731 2818 1771 cum

1771 1792 1835 1843 iis
1869 1790 2113 1842 alacriter
2150 1792 2598 1856 suscipiendam.»

1841 1904 1921 1954 ⁴6.
1959 1903 2098 1965 Lycii
2129 1903 2473 1954 Troianorum
2507 1904 2634 1955 socii
2665 1903 2817 1955 duci-

1774 1978 1877 2029 bus
1911 1977 2217 2043 Sarpedone
2253 1981 2309 2028 et
2340 1977 2552 2029 Glauco.
2611 1980 2706 2030 Est
2726 1992 2820 2029 au-

1775 2056 1911 2106 tem:
1968 2054 2060 2103 «in
2095 2052 2345 2115 caedem,
2382 2067 2547 2117 quam
2581 2054 2816 2105 facturae

1775 2131 1900 2179 sunt
1931 2130 2122 2192 Lyciae
2158 2129 2455 2178 catervae.»
2497 2129 2601 2180 Cfr.
2629 2129 2816 2180 Dissen

1775 2203 1846 2255 ad
1880 2203 2026 2255 Pind.
2064 2205 2124 2255 11.
2161 2216 2216 2269 p.
2253 2202 2368 2253 595.
