3234 4975
636 394 758 458 634

1596 397 1852 449 nolum

978 552 1169 627 Diva,
1226 550 1550 638 producas
1595 552 1891 619 subolem
1936 563 2321 640 patrumque

976 674 1331 759 Prosperes
1376 670 1642 739 decreta
1685 694 1885 760 super
1929 673 2226 761 iugandis

976 792 1254 859 Feminis
1303 793 1635 880 prolisque
1680 814 1887 861 novae
1933 795 2126 862 feraci

1142 917 1316 1003 Lege
1361 916 1612 991 marita,

2724 914 2811 977 20

978 1065 1206 1133 Certus
1251 1064 1547 1131 undenos
1591 1064 1811 1132 decies
1857 1083 1974 1151 per
2017 1083 2221 1129 annos

972 1184 1168 1253 Orbis
1206 1195 1277 1251 ut
1321 1194 1546 1253 cantus
1588 1186 1953 1273 referatque
1995 1184 2186 1252 ludos

971 1309 1094 1373 Ter
1136 1305 1243 1373 die
1288 1306 1462 1374 claro
1505 1307 1827 1394 totiesque
1873 1316 2054 1393 grata

765 1497 844 1546 24.
884 1497 965 1547 22.
1001 1501 1059 1546 ut
1089 1495 1504 1546 donov-Orbis
1534 1501 1582 1546 et
1615 1494 1786 1546 Codd.
1825 1494 1946 1559 aliq.
1987 1494 2243 1546 Lambini.
2288 1523 2341 1532 —
2395 1496 2479 1546 23.
2516 1497 2742 1547 totidem-

700 1584 796 1631 que
828 1572 885 1621 Β.

635 1744 757 1791 νας.
801 1731 1025 1780 Pausan.
1065 1729 1127 1790 9,
1162 1729 1255 1788 27,
1302 1728 1362 1778 2:
1410 1721 1589 1793 ’.Ωλὴν
1622 1726 1685 1778 ἐν
1761 1728 1925 1778 tentia
1972 1728 2226 1791 strophae
2273 1730 2513 1790 quartae.
2567 1755 2622 1763 —
2658 1741 2812 1792 super

636 1801 963 1864 Εἰλειθυίας
1017 1794 1179 1868 ὕμνῳ
1233 1803 1456 1873 μητέρα
1498 1796 1685 1873 Ἔρω-

637 1892 735 1940 τος
774 1873 882 1942 τὴν
923 1873 1255 1928 Εἰλείθυιάν
1297 1891 1483 1942 φησιν
1515 1873 1680 1928 εἶναι.

637 1951 742 2001 Cir.
780 1950 928 2001 Pind.
967 1952 1119 2001 Nem.
1156 1951 1218 2013 7,
1266 1952 1312 2000 4.
1365 1953 1590 2002 Pausan.
1632 1952 1681 2013 7,

634 2024 724 2086 23,
777 2026 828 2075 5.
882 2025 1168 2088 imaginem
1226 2022 1465 2087 Ilithyiae
1516 2024 1684 2076 altera

635 2111 798 2149 manu
831 2097 1003 2148 facem
1039 2100 1366 2162 gestantem,
1406 2099 1596 2162 «quod
1630 2100 1684 2150 in

634 2171 812 2224 lucem
837 2171 975 2222 fetus
1006 2172 1257 2237 profert»,
1293 2172 1567 2224 describit.
1605 2173 1686 2224 lli-

636 2247 817 2310 tbyiae
853 2247 992 2297 duae
1029 2248 1105 2310 (ut
1136 2245 1280 2297 Iliad.
1307 2245 1367 2308 λ,
1410 2249 1525 2298 270.
1569 2263 1685 2314 μο-

640 2317 918 2389 γοστόκοι
950 2318 1289 2387 Εἰλείθυιαι)
1332 2322 1385 2372 in
1415 2323 1683 2373 Minervae

636 2398 756 2447 ortu
788 2397 1048 2460 porrectis
1083 2396 1331 2447 manibus
1363 2397 1473 2447 lovi
1506 2398 1685 2462 opitu-

635 2468 810 2520 lantur
843 2470 985 2535 apud
1019 2469 1258 2522 Gerhard
1297 2472 1506 2536 Vaseny.
1556 2472 1594 2522 1.
1624 2473 1680 2522 Τ.

636 2545 698 2594 11.
740 2570 794 2580 -
844 2544 1199 2596 Memorabilis
1248 2547 1332 2596 est
1382 2545 1681 2609 inscriptio:

634 2617 867 2668 HERAE.
903 2619 1196 2670 LVCINAE.
1235 2620 1390 2670 SACR
1400 2621 1506 2670 VM.
1543 2621 1681 2670 PRO.

635 2691 752 2741 SAL
763 2691 896 2741 VTE.
955 2693 1347 2744 MARCIANAE.
1395 2693 1681 2743 SORORIS.

637 2765 876 2816 OCCIVS.
912 2766 1060 2817 AVG.
1097 2768 1219 2817 LIB.
1265 2767 1441 2818 PROC.
1483 2767 1536 2816 in
1579 2769 1686 2818 Ca-

635 2838 835 2890 labriae
902 2842 1267 2903 promontorio
1336 2841 1390 2890 ta
1443 2841 1681 2892 Colonna.

634 2914 762 2977 Aua.
799 2914 951 2978 Zeitq.
992 2914 1137 2966 4845.
1176 2917 1237 2966 N.
1274 2914 1388 2966 234.

704 2987 879 3038 47-20.
909 2989 1165 3049 producas
1195 2969 1487 3053 wboloml«
1463 2990 1686 3040 «Serves

637 3063 798 3124 atque
827 3060 896 3110 ad
930 3060 1164 3111 adultam
1200 3063 1431 3113 aetatem
1466 3061 1689 3113 feliciter

638 3136 919 3199 pervenire
952 3134 1138 3186 iubeas
1157 3175 1169 3197 ,
1219 3137 1405 3200 utpote
1439 3150 1578 3200 quae
1612 3137 1686 3187 sis

636 3204 1091 3279 κουροτρόφος.»
1126 3210 1335 3261 Etenim
1369 3212 1458 3262 hic
1488 3212 1684 3261 Lucina

638 3282 831 3335 eadem
882 3286 965 3334 est
1013 3296 1138 3335 cum
1188 3284 1380 3346 Diana,
1439 3287 1498 3335 ut
1541 3286 1683 3350 apud

638 3355 824 3410 Catull.
851 3359 916 3409 32
954 3357 1053 3423 (alii
1087 3358 1211 3422 34),
1249 3359 1336 3410 ⁴3:
1379 3360 1449 3410 Τιι
1483 3360 1682 3424 (Diana)

636 3434 832 3484 Lucina
863 3433 1136 3484 domibus
1167 3435 1291 3484 Iuno
1324 3435 1459 3485 dieta
1473 3449 1688 3498 puerpe-

635 3508 726 3557 ris.
768 3508 874 3560 Cfr.
903 3507 998 3559 Od.
1026 3509 1076 3569 2,
1106 3508 1186 3570 43,
1212 3508 1271 3558 3:
1307 3510 1554 3560 Prodita-it
1578 3511 1685 3572 (te),

636 3581 809 3644 arbos,
859 3583 1120 3644 «curavit,
1179 3585 1238 3633 ut
1282 3596 1560 3635 cresceres
1605 3586 1690 3633 at-

637 3670 743 3720 que
768 3655 1159 3708 adolesceres.»
1188 3681 1242 3692 -
1270 3656 1368 3707 Alii
1392 3656 1683 3721 explicant:

638 3731 853 3781 «Profer
884 3730 1131 3782 subolem
1164 3730 1217 3781 in
1251 3730 1427 3781 lucem
1464 3733 1687 3794 eiusque

639 3817 923 3855 numerum
947 3818 1140 3869 auge»;
1169 3803 1497 3869 appellantes
1519 3802 1684 3854 Plaut.

640 3878 791 3941 Capt.
820 3878 877 3939 3,
903 3880 963 3939 5,
1003 3880 1122 3929 ⁴05:
1163 3880 1317 3941 Quasi
1349 3878 1406 3929 in
1428 3878 1690 3928 orbitatem

637 3950 816 4001 liberos
840 3953 1175 4014 prodamur-im
1217 3953 1546 4017 (genuerim).
1612 3954 1689 4002 Si-

637 4024 738 4076 lius
774 4027 832 4086 ⁴,
878 4027 998 4076 ⁴⁴⁴:
1045 4032 1326 4090 partusque
1370 4032 1596 4079 recusent
1631 4028 1692 4077 Te

637 4105 894 4163 stupente,
916 4114 1064 4163 puer,
1091 4102 1270 4153 Latiae
1284 4103 1563 4165 producere
1581 4115 1693 4151 ma-

638 4179 739 4224 tres
784 4175 976 4238 (itaque
1011 4174 1231 4227 abortus
1266 4177 1524 4240 saciant).»

1757 1801 2018 1866 iugandis]
2072 1802 2181 1850 Lex
2219 1798 2346 1850 Iulia
2387 1800 2455 1851 de
2496 1801 2809 1853 maritandis

1760 1874 2052 1935 ordinibuS,
2078 1887 2242 1938 quam
2264 1875 2544 1926 manifesto
2563 1876 2810 1928 Horatius

1759 1949 2001 2013 respicit,
2027 1947 2096 1998 ab
2121 1950 2373 2011 Augusto,
2399 1952 2458 1999 ut
2478 1951 2812 2001 minueretur

1760 2022 2027 2074 caelibum
2048 2035 2306 2073 numerus
2329 2036 2392 2074 ac
2427 2036 2608 2076 mores
2640 2024 2811 2075 corri-

1759 2100 2014 2161 gerentur
2029 2136 2041 2157 ,
2067 2098 2311 2161 proximo
2334 2099 2457 2148 ante
2479 2096 2633 2148 ludos
2657 2111 2812 2149 seeu-

1759 2170 1900 2222 lares
1924 2171 2225 2222 celebratos
2247 2184 2387 2222 anno
2422 2170 2526 2222 lata
2556 2173 2655 2222 est.
2709 2173 2807 2222 Dio

1759 2246 1908 2297 Cass.
1934 2244 2024 2307 54,
2053 2246 2140 2296 46:
2191 2238 2251 2294 ‘O
2271 2242 2319 2294 δ’
2343 2236 2449 2295 οὖν
2472 2238 2806 2312 Αὔγουστος

1758 2347 1789 2358 -
1811 2347 1842 2358 -
1862 2324 1987 2382 τοῖς
2007 2332 2070 2368 τε
2091 2313 2344 2385 ἀγάμοις
2363 2319 2463 2369 καὶ
2482 2324 2611 2382 ταῖς
2631 2314 2807 2369 ἀνάν-

1758 2390 1915 2464 δροις
1950 2389 2241 2464 βαρύτερα
2277 2391 2348 2443 τὰ
2385 2392 2639 2458 ἐπιτίμια
2675 2393 2807 2445 ἐπέ-

1757 2464 1891 2533 tage
1911 2470 1975 2534 (a.
1988 2481 2040 2520 u.
2057 2468 2192 2532 736.)
2219 2469 2320 2519 καὶ
2343 2462 2588 2534 ἔμπαλιν
2610 2465 2713 2521 τοῦ
2743 2483 2808 2521 τε

1758 2540 1953 2609 γάμου
1992 2544 2090 2594 καὶ
2125 2540 2231 2610 τῆς
2264 2541 2631 2608 παιδοποιΐας
2653 2534 2808 2595 ἆθλα

1756 2614 1983 2684 ἔθηκεν.
2053 2620 2204 2669 Anno
2241 2621 2422 2670 autem
2460 2631 2514 2668 u.
2558 2620 2672 2669 762.
2713 2617 2797 2669 lex

1759 2692 1886 2744 Iulia
1919 2691 2137 2757 paulum
2169 2693 2445 2744 immutata
2477 2706 2674 2744 nomen
2707 2696 2809 2744 Pa-

1760 2768 1879 2832 piae
1898 2769 2177 2831 Poppaeae
2202 2780 2233 2816 a
2251 2765 2557 2817 consulibus
2573 2767 2809 2819 suffectis

1759 2839 1896 2891 illius
1942 2839 2066 2889 anni
2117 2839 2344 2902 aceepit.
2422 2839 2536 2902 (Dio
2574 2839 2662 2900 56.
2707 2840 2806 2902 40.)

1761 2917 1952 2977 Paneg.
1990 2913 2200 2964 Maxim.
2244 2915 2299 2963 et
2333 2915 2515 2964 Const.
2550 2916 2607 2964 2·
2659 2916 2811 2980 Leges

1758 2988 1880 3050 hae,
1918 3000 2049 3048 quae
2068 2987 2230 3036 multa
2252 2987 2460 3037 caelibes
2478 2993 2807 3051 notaverunt,

1753 3067 1991 3125 parentes
2027 3062 2275 3124 praemiis
2304 3061 2644 3124 Ιιοηονανιηιε,
2694 3076 2812 3114 vere

1760 3138 1996 3187 dicuntur
2015 3149 2115 3186 osso
2133 3136 2463 3198 [indumenta
2475 3136 2806 3200 reipublicae,

1760 3212 1883 3272 quia
1924 3210 2249 3260 mutuantem
2287 3211 2555 3261 inventum
2586 3216 2632 3261 ot
2664 3213 2811 3274 quasa·

1758 3286 1943 3348 fontem
1980 3285 2187 3334 hmani
2220 3286 2447 3346 corporis
2476 3289 2670 3347 semper
2707 3287 2810 3336 Ro—

1758 3360 1926 3409 manis
1970 3358 2268 3409 exercitibus
2316 3359 2686 3409 ministr-amnt.
2750 3386 2806 3396 —

1760 3435 1887 3498 Leye
1917 3433 2125 3498 marita]
2165 3432 2403 3483 breviter
2448 3447 2512 3484 ac
2548 3446 2684 3483 nove
2725 3433 2810 3483 di-

1762 3511 1927 3568 ctum,
1959 3508 2239 3572 Eheqeoetz.
2288 3506 2537 3558 Similiter
2567 3510 2727 3571 Prop.
2753 3507 2806 3568 4,

1763 3583 1816 3633 Η
1832 3621 1844 3643 ,
1865 3581 1946 3632 33.
1966 3583 2103 3645 faces
2116 3583 2336 3632 maritae
2350 3596 2450 3646 pro
2468 3581 2809 3646 nuptialibus.

1826 3653 1995 3705 24-24.
2023 3654 2811 3720 Gortus--Orbtswoanmseem

1764 3729 1877 3789 «ut,
1902 3728 2041 3778 votis
2066 3727 2455 3779 fortunentibus
2475 3727 2684 3793 prolem
2709 3730 2815 3779 Ro-

1762 3815 1994 3862 manam,
2020 3805 2142 3866 post
2159 3802 2342 3864 orbem,
2369 3799 2601 3864 κύκλον,
2628 3803 2816 3872 περιο-

1763 3874 1883 3938 δον,
1921 3877 2025 3926 CX.
2052 3889 2314 3927 annorum
2336 3877 2629 3928 decursum
2651 3877 2813 3927 iidem

1761 3951 1871 4002 ludi
1888 3952 2051 4002 vestri
2068 3950 2338 4004 seculares
2354 3964 2541 4003 rursus
2553 3950 2814 4002 celebrari

1762 4027 1993 4092 possint,
2028 4039 2135 4089 quo
2166 4028 2270 4076 ritu
2301 4028 2584 4091 imperium
2617 4028 2815 4077 Roma-

1765 4114 1919 4162 num,
1972 4113 2113 4151 nova
2146 4114 2364 4165 semper
2395 4102 2559 4166 stirpe
2594 4099 2779 4152 tultum
2800 4138 2812 4161 ,

1584 4175 1690 4226 Sed
1767 4177 2138 4227 aeternitatem
2164 4188 2319 4228 suam
2348 4177 2435 4240 pie
2459 4178 2716 4239 agnoscat
2732 4178 2816 4225 at-

645 4249 724 4299 slc
759 4250 886 4300 satis
921 4247 1168 4314 languide
1202 4253 1538 4315 repeteretur
1571 4264 1694 4302 sen-
1768 4263 1874 4314 que
1899 4252 2176 4301 testetur.»
2218 4276 2271 4287 —
2322 4251 2412 4301 Ter
2449 4250 2575 4313 eet.]

2620 4249 2815 4300 ιῐθΐῦἰδ
