3234 4975
1172 415 1292 466 ΠΒ.
1333 416 1369 464 Ι.
1440 416 1497 465 C.
1539 414 1665 464 XVI.

2430 410 2455 475 1!
2470 411 2552 473 05

890 572 1173 660 luppiter
1214 572 1354 659 ipse
1398 591 1593 637 ruens
1637 569 1926 635 tumultu.

721 733 945 798 Fertur
987 729 1431 807 PrometheuS‚
1482 729 1726 796 addere
1769 729 2039 816 principi

719 854 899 919 Limo
943 863 1205 920 coactus
1248 851 1628 939 particulam
1670 850 1958 938 undique

803 976 1176 1051 Desectam,
1223 984 1289 1040 et
1331 973 1532 1041 insani
1577 973 1783 1040 leonis

516 1183 595 1235 ⁴4.
633 1188 860 1233 coactam
890 1182 1124 1232 malebat
1154 1181 1436 1233 Bentleius.

384 1366 462 1411 ter
491 1374 615 1423 quos
644 1360 864 1424 (fratres)
883 1360 1061 1410 Helene
1083 1361 1229 1410 nudis
1254 1372 1434 1421 capere

383 1449 536 1485 arim
597 1436 805 1498 papillis
861 1436 1043 1485 Fertur
1103 1450 1193 1485 nec
1247 1436 1434 1498 fratres

388 1510 642 1560 erubuisse
689 1512 818 1560 deos.
888 1510 993 1560 Sed
1037 1512 1272 1576 praestat
1321 1511 1427 1561 sic:

391 1585 732 1635 «Pr-wietheus
792 1586 977 1636 addere
1031 1591 1232 1636 coactus
1295 1588 1429 1647 cet,

389 1660 552 1723 sertin·
582 1665 628 1709 et
659 1660 861 1723 (etiam,
898 1663 957 1711 ut
989 1661 1118 1724 Epp.
1160 1663 1208 1721 ⁴,
1242 1661 1323 1719 ⁴0,
1360 1659 1429 1722 4.)

385 1735 793 1796 apponiissecet.
822 1762 878 1772 -
913 1735 1431 1798 addere--coactusj

386 1810 523 1860 Cum
562 1810 614 1860 in
658 1810 860 1874 reliqua
898 1808 1140 1861 animalia
1188 1808 1274 1859 vel
1312 1811 1428 1874 ipse

383 1882 471 1935 vel
503 1884 846 1948 Epimetheus
875 1885 1294 1949 consumpsisset
1316 1899 1432 1934 cre-

384 1959 511 2009 andi
544 1957 835 2019 elementa,
868 1972 1089 2010 necesse
1125 1959 1308 2009 hahuit
1338 1973 1435 2007 un-

384 2035 561 2096 dique,
598 2033 653 2083 id
698 2035 808 2095 est,
846 2048 911 2084 ex
945 2033 1192 2086 omnibus
1225 2035 1431 2085 anima-

385 2106 516 2159 lium
566 2109 851 2172 generibus
900 2109 1078 2160 denuo
1125 2110 1432 2172 particulam

383 2184 524 2233 hanc
552 2181 638 2233 vel
674 2183 814 2235 illam
843 2197 1086 2245 sumere,
1124 2198 1231 2248 quo
1267 2185 1430 2235 homo

382 2259 655 2324 perfectus
706 2259 960 2311 evaderet
1010 2262 1064 2311 et
1120 2259 1427 2323 exemplari,

384 2335 531 2398 quod
567 2334 736 2384 fictori
782 2338 904 2385 ante
956 2334 1140 2386 oculos
1182 2333 1434 2385 versaba-

385 2412 502 2470 tur,
537 2410 906 2474 responderet.
931 2438 988 2448 —
1008 2407 1202 2461 Fabula
1236 2409 1304 2459 de
1337 2408 1435 2458 ho-

385 2486 622 2537 minibus
668 2500 699 2537 a
745 2486 1065 2537 Prometheo
1111 2499 1176 2534 ex
1215 2482 1343 2535 limo
1377 2487 1433 2535 et

383 2575 523 2625 aqua
567 2561 759 2611 creatis
780 2598 792 2621 ,
845 2562 1078 2611 Homero
1116 2562 1172 2609 et
1201 2558 1430 2609 Hesiodo

384 2636 562 2698 ignota
584 2674 597 2696 ,
683 2637 915 2699 primum
985 2634 1307 2698 significatur
1359 2632 1428 2682 ab

385 2711 579 2761 Erinna
612 2708 821 2760 Anthol.
861 2708 969 2760 Pal.
1003 2712 1041 2760 1.
1072 2723 1128 2774 p.
1164 2709 1278 2760 30⁴.
1331 2709 1425 2771 Ep.

385 2785 500 2835 352.
583 2785 815 2872 (Lucian3
848 2786 1118 2835 Prometh.
1168 2784 1228 2833 3:
1283 2784 1430 2834 Συν-

386 2854 675 2930 ειργάζετο
741 2852 896 2926 αὐτῷ
967 2859 1066 2908 καὶ
1133 2851 1172 2925 ἦ
1222 2852 1430 2924 Ἀθηνᾶ

385 2935 720 2999 ἐμπνέουσα
760 2929 863 2984 τὸν
898 2929 1084 3000 πηλὸν
1116 2932 1259 2998 κτλ.)
1328 2936 1434 2985 Ho-

389 3011 506 3060 ratii
556 3023 688 3060 vero
754 3003 1198 3079 ἀνθρωπογονία
1245 3008 1429 3076 procul

386 3085 553 3135 dubio
589 3098 618 3134 e
654 3087 857 3134 Graeco
887 3082 1064 3148 aliquo
1098 3088 1284 3148 poeta,
1324 3098 1428 3135 non

386 3162 570 3209 tamen
622 3172 652 3208 e
701 3158 1031 3221 stesichoro,
1077 3163 1138 3209 ut
1170 3164 1315 3210 ratus
1350 3163 1434 3210 est

388 3239 673 3295 Gesnerus,
706 3236 930 3299 repetita
963 3236 1121 3286 hodie
1155 3237 1296 3300 apud
1343 3250 1436 3286 ne-

387 3312 591 3362 minem
622 3311 961 3373 antiquorum
995 3312 1317 3374 scriptorum
1347 3325 1436 3361 ex-

387 3389 519 3446 stat3
574 3387 814 3450 proxime
849 3389 1026 3436 tamen
1058 3386 1265 3435 accedit
1303 3388 1434 3435 Pro-

387 3464 603 3524 tagorae
651 3458 843 3524 μῦθος
891 3460 959 3510 de
1014 3461 1333 3510 Prometheo
1379 3462 1430 3511 in

389 3537 702 3600 cognomine
726 3535 932 3599 dialogo
956 3533 1220 3586 Platonico
1240 3549 1294 3600 p.
1315 3536 1428 3587 320.

390 3611 549 3661 Addit
595 3609 770 3661 Schol.
823 3611 985 3673 Cruq.
1040 3623 1104 3659 ex
1136 3611 1431 3674 antiquiore

388 3686 584 3750 aliquo,
621 3689 682 3735 ut
712 3686 917 3749 opinor,
961 3687 1276 3748 interprete:
1320 3688 1432 3736 «Sic

390 3763 638 3812 timorem
688 3760 1019 3824 deprompsit
1061 3774 1092 3811 a
1135 3759 1348 3824 lepore,
1401 3776 1431 3811 a

389 3834 544 3898 volpe
593 3836 909 3886 astutiam.»
989 3835 1174 3898 Neque
1218 3848 1437 3899 magno-

389 3925 517 3976 pere
573 3909 827 3960 abhorret
876 3923 1094 3960 carmen
1153 3911 1435 3963 Simonidis

391 3986 656 4048 Amorgini
707 3985 775 4035 de
821 3984 1132 4036 mulieribus
1163 3988 1432 4036 variorum

389 4059 693 4110 animalium
761 4059 992 4110 indolem
1059 4059 1429 4111 referentibus.

391 4135 631 4186 Advocat
683 4135 900 4199 quidem
957 4135 1131 4184 lanius
1198 4134 1430 4198 Fulgent.

390 4208 609 4274 mythol.
636 4210 685 4271 3,
711 4211 760 4261 7.
830 4209 936 4260 Sed
970 4222 1107 4273 quae
1141 4208 1213 4259 ibi
1246 4208 1435 4273 legun-

392 4288 499 4335 tur:
560 4287 714 4336 etiam
763 4283 1050 4335 Tiberianus
1099 4283 1325 4347 (fictum,
1378 4287 1438 4335 ut

1507 1358 1745 1420 videtur,
1780 1360 2052 1424 scriptoris
2086 1360 2308 1423 nomen)
2344 1362 2397 1410 in
2430 1360 2551 1410 Pro-

1504 1434 1692 1482 metheo
1731 1435 1804 1483 ait
1852 1435 1967 1483 deos
2002 1435 2201 1497 sinnida
2231 1449 2325 1484 sua
2363 1436 2550 1484 homini

1505 1508 1759 1567 tribuisse;
1799 1508 1905 1558 huc
1940 1523 2047 1559 non
2082 1509 2294 1560 faciunt.
2366 1510 2549 1560 Differt

1506 1583 1667 1632 etiam
1701 1581 1849 1634 locus
1884 1584 2203 1635 Philemonis
2228 1585 2432 1647 Fragm.
2472 1585 2550 1633 in-

1506 1660 1638 1707 cert.
1674 1657 1723 1707 3.
1760 1671 1812 1722 p.
1851 1658 1965 1710 392.
2002 1659 2190 1710 Mein:
2240 1659 2308 1709 Τί
2341 1659 2473 1708 ποθ’
2511 1651 2547 1707 ὁ

1502 1728 1885 1821 Πρῼμηθεύς
1955 1727 2026 1784 ὃν
2098 1731 2324 1823 Myoyo’
2392 1728 2549 1798 ἡμᾶς

1504 1804 1720 1858 πλάσαι
1784 1809 1898 1860 Καὶ
1944 1801 2126 1860 τᾶλλα
2175 1806 2363 1859 πάντα
2408 1805 2544 1874 ζῷα,

1502 1888 1627 1944 τοῖς
1667 1882 1777 1948 μὲν
1820 1883 2047 1955 θηρίοις
2076 1878 2289 1944 ’Edem'
2323 1879 2548 1950 ἑκάστῳ

1503 1954 1654 2007 κατὰ
1702 1959 1865 2026 γένος
1913 1961 2054 2024 μίαν
2099 1956 2311 2023 φύσιες
2344 1951 2549 2009 ’Ἀπαν-

1503 2047 1596 2095 τες
1649 2033 1713 2085 οἱ
1773 2032 1998 2098 λέοντές
2064 2036 2209 2086 εἰσιν
2274 2028 2544 2099 ἄλκιμοι,

1503 2107 1697 2160 Δειλοὶ
1745 2106 1917 2160 πάλιν
1966 2106 2101 2175 ἑξῆς
2150 2106 2359 2173 πάντες
2400 2110 2548 2162 εἰσὶν

1505 2184 1567 2234 οἱ
1612 2182 1797 2251 λαγοί.
1883 2178 2002 2235 Οὐκ
2051 2179 2168 2235 ευτ’
2219 2180 2458 2250 ἀλώπηξ
2507 2179 2545 2249 ἧ

1502 2259 1611 2325 μὲν
1657 2258 1822 2346 εἴρων
1853 2257 1923 2329 τῇ
1959 2255 2164 2321 φύσει,
2207 2254 2278 2310 Ἡ
2304 2258 2351 2310 δ’
2369 2256 2547 2311 αὐθέ-

1504 2350 1740 2397 καστος,
1765 2328 1888 2384 ἀλλ
1907 2332 2009 2386 ἐὰν
2024 2336 2363 2425 τρισμυρίας
2379 2330 2547 2384 Ἀλώ-

1505 2407 1687 2473 πεκάς
1719 2425 1806 2474 τις
1839 2407 2156 2482 συναγάγῃ,
2190 2412 2333 2475 μίαν
2365 2406 2548 2471 φύσιν

1498 2480 1924 2550 Ἆπαξαπάσαις
1970 2465 2187 2551 ὄψεται
2226 2481 2443 2576 τρόπον
2486 2487 2544 2536 θ’

1504 2555 1626 2612 ἕνα·
1655 2557 1847 2626 Ἠμῶν
1879 2560 1927 2611 δ’
1958 2556 2075 2612 ὅσα
2096 2555 2295 2612 xalta
2325 2557 2544 2626 σώματ’

1503 2635 1629 2687 ἐστὶ
1660 2632 1764 2685 τὸν
1790 2631 2049 2723 ἀριθμὸν
2082 2636 2227 2686 Kar?
2263 2632 2412 2698 ἑνός,
2446 2651 2548 2685 το-

1504 2708 1757 2773 σούτους
1790 2704 1914 2761 ἔστι
1953 2712 2053 2761 καὶ
2095 2707 2348 2781 τρόπους
2388 2708 2543 2762 ἰδεῖν.

1506 2788 1758 2836 Ceterum
1786 2786 2089 2836 Promethei
2123 2788 2179 2835 et
2208 2786 2446 2848 Psyches
2473 2787 2551 2836 vi-

1505 2860 1841 2912 cissitudines
1892 2873 2088 2923 resque
2127 2860 2333 2923 gestas,
2387 2861 2546 2911 etiam

1506 2937 1736 2987 hominis
1769 2936 2121 2994 creationem,
2158 2936 2429 2999 ingeniose
2460 2949 2549 2985 ex-

1503 3023 1719 3075 pressas
1752 3010 1960 3060 videbis
1978 3011 2030 3060 in
2054 3010 2383 3073 sarcophago
2406 3009 2546 3073 apud

1504 3085 1690 3136 Miiller
1732 3086 1941 3136 Denkm.
1994 3086 2033 3136 1.
2086 3086 2146 3134 N.
2189 3083 2303 3135 406.
2374 3087 2545 3148 Atque

1505 3162 1854 3211 Prometheus
1950 3161 2225 3212 hominem
2319 3160 2543 3222 fingens,

1506 3249 1671 3299 quem
1709 3235 1972 3300 papilione
2007 3236 2085 3285 ori
2124 3234 2341 3286 admoto
2378 3236 2430 3284 in
2464 3234 2547 3283 vi-

1504 3312 1615 3360 tam
1643 3313 1801 3359 vocat
1832 3312 2093 3369 Minerva,
2131 3311 2214 3360 est
2243 3310 2297 3359 in
2329 3310 2546 3359 viscon-

1507 3386 1560 3434 tii
1625 3386 1755 3435 Mus.
1797 3385 2079 3435 Pto-clem.
2129 3385 2214 3434 IV.
2267 3383 2348 3435 34.
2435 3382 2545 3433 Alia

1507 3458 1751 3510 eiusdem
1777 3460 1951 3522 imago
1975 3459 2211 3509 Gerhard
2234 3464 2337 3508 avit.
2362 3459 2542 3508 Bildw.

1506 3534 1562 3583 Τ.
1600 3536 1724 3584 LXI.
1764 3563 1818 3571 —
1846 3535 2070 3596 principi
2100 3533 2257 3596 Limo]
2301 3546 2405 3582 «ex
2439 3545 2546 3595 quo

1505 3610 1737 3694 primum
1768 3610 2041 3659 hominem
2067 3608 2262 3658 finxit.»
2300 3606 2541 3669 Sophocl.

1507 3684 1558 3733 in
1593 3683 1831 3734 Pandora
1875 3685 1958 3734 Fr.
2000 3682 2123 3733 432·
2176 3682 2275 3731 καὶ
2322 3676 2546 3751 πρῶτον

1506 3749 1692 3847 ἄρχον
1760 3759 2013 3823 (Huschk.
2080 3750 2296 3829 ἀρχὸν)
2363 3753 2546 3822 πηλὸν

1507 3828 1768 3904 οργάζειν
1800 3838 2013 3904 χεροῖν.

1574 3986 1654 4034 45.
1724 3984 1889 4033 mani
1935 3983 2088 4032 ieonis
2124 3981 2246 4046 Vini]
2294 3983 2545 4036 «iracun-

1508 4060 1633 4109 dam
1667 4059 1981 4111 saevitiam»
2002 4096 2014 4120 ‚
2058 4071 2192 4118 non,
2236 4059 2298 4107 ut
2328 4056 2544 4120 quidam

1509 4132 1854 4184 calumniatus
1920 4135 2031 4194 est,
2101 4135 2159 4183 ut
2221 4133 2359 4183 hanc
2413 4133 2548 4182 stro-

1506 4209 1669 4273 pham
1701 4211 2006 4272 suspectam
2038 4208 2306 4268 redderet,
2351 4205 2546 4256 «robur

1508 4282 1728 4335 leonism
