3234 4975
657 358 783 424 298

1166 515 1393 582 Sidera
1436 516 1646 582 nautis
1672 538 1687 594 3

1439 360 1698 412 HORATII
1730 360 2067 413 CARmNUM

1001 673 1220 741 Otium
1264 672 1434 739 bello
1477 672 1724 739 furiosa
1767 672 2037 748 Thrace,
2194 652 2205 657 ’
2787 674 2826 736 5

994 794 1214 862 Otium
1256 794 1423 860 Medi
1467 793 1774 880 pharetra
1815 793 2039 861 decori
2060 846 2074 872 ,

992 914 1324 1002 Grosphe,
1371 934 1499 979 non
1543 915 1815 1001 gemmis
1860 934 2077 1002 neque
2121 936 2411 1003 purpura
2458 936 2569 982 ve-

1163 1034 1309 1101 nale
1351 1055 1565 1123 neque
1610 1055 1789 1100 auro.

987 1194 1128 1258 Non
1172 1192 1345 1258 enim
1389 1212 1588 1279 gazae
1633 1212 1848 1280 neque
1892 1192 2250 1260 consularis

990 1314 1363 1379 Summovet
1405 1311 1589 1379 lictor
1632 1313 1906 1380 miseros
1950 1311 2258 1379 tumultus

2741 1316 2821 1380 40

779 1548 830 1599 8.
863 1559 954 1599 noc
985 1560 1116 1598 auro
1151 1548 1251 1597 CtF
1287 1549 1343 1597 et
1372 1545 1541 1597 Bentl.
1581 1547 1772 1611 (Nostri
1805 1559 1997 1599 omnes
2026 1548 2224 1611 neque.)

648 1764 853 1817 pernox
904 1753 1010 1811 est,
1065 1763 1256 1802 secure
1307 1750 1475 1801 fidere
1520 1752 1700 1815 potest

648 1829 915 1879 mercator
931 1827 1235 1889 navigans»,
1262 1826 1571 1876 nominatim
1596 1828 1698 1877 He-

648 1899 746 1950 lice
770 1903 827 1950 et
843 1901 1138 1963 Cynosura.
1177 1901 1285 1950 Cic.
1313 1902 1453 1950 Arat.
1481 1900 1544 1949 37
1569 1912 1691 1963 sqq.

646 1972 821 2025 Manil.
851 1974 909 2034 4,
946 1973 1068 2023 467:
1105 1974 1378 2035 Praecipue
1397 1973 1558 2022 medio
1580 1987 1697 2022 cum

645 2048 771 2097 luna
819 2046 1104 2108 impubem·
1152 2047 1297 2107 orbe,
1351 2046 1501 2097 Certa
1539 2047 1697 2097 uitem

645 2122 834 2171 mundo
857 2121 1053 2171 sidera.
1087 2118 1272 2172 Tibull.
1297 2122 1350 2181 4,
1378 2120 1435 2181 9,
1463 2121 1550 2170 4οτ
1586 2122 1698 2171 Du-

647 2200 768 2246 cunt
797 2195 1049 2245 instabiles
1079 2196 1248 2245 sidera
1278 2199 1418 2245 certa
1449 2200 1600 2244 rates,

715 2272 764 2321 5.
803 2270 852 2319 6.
890 2270 1013 2320 bello
1043 2270 1255 2335 fiariosa]
1289 2270 1525 2333 «asperis
1543 2268 1697 2319 bellis

647 2356 866 2408 semper
898 2343 1214 2407 implicata.»
1258 2339 1376 2409 Τὴν
1407 2338 1692 2414 ἀρειμανῆ

643 2416 731 2467 vel
787 2414 1072 2488 δοριμανῆ
1127 2417 1426 2481 significare
1481 2417 1695 2467 videtur

643 2490 913 2543 intellectu
946 2495 1117 2542 activo
1152 2493 1418 2544 Lobeckio
1452 2493 1520 2543 ad
1544 2493 1687 2543 Aiac.

646 2566 758 2618 ⁴43.
795 2566 1041 2630 Sophocl.
1077 2568 1248 2631 Antig.
1286 2568 1408 2618 970:
1447 2565 1691 2639 Θρῃκῶν

642 2668 668 2678 -
686 2668 711 2679 -
729 2635 1066 2707 ἀγχίπτολις
1089 2633 1276 2713 Ἄρης.
1337 2644 1516 2706 Eurip.
1556 2644 1686 2693 Hec.

644 2716 796 2767 ⁴088:
836 2715 1069 2787 Θρῄκης
1100 2713 1519 2787 Λογχοφόρον,
1555 2709 1691 2768 ἕνο-

642 2789 804 2851 πλον,
841 2787 1104 2854 demone,
1123 2785 1276 2862 ’Ἄρει
1306 2788 1564 2851 κάτοχον
1591 2793 1688 2859 γέ-

640 2880 760 2929 νος.
797 2867 938 2930 Virg.
963 2871 1094 2917 Aen.
1121 2866 1179 2926 3,
1208 2867 1295 2918 43;
1339 2868 1494 2917 Terra
1508 2867 1692 2928 procul

638 2940 795 2990 vastis
814 2941 997 2990 colitur
1014 2942 1273 2991 Mavortia
1293 2941 1483 3002 campis
1489 2954 1508 3000 ,·
1535 2941 1692 2989 ma-

639 3027 719 3064 ces
762 3020 934 3064 arant.
1005 3013 1179 3064 Manil.
1215 3013 1277 3074 4,
1324 3014 1447 3065 686:
1505 3015 1690 3064 strace

638 3090 858 3138 Martem
904 3089 1085 3137 sortita
1132 3088 1377 3138 colonwrt.
1431 3114 1487 3124 —
1533 3087 1685 3153 Medi]

641 3161 845 3222 Parthi,
885 3163 947 3212 ut
978 3174 1159 3226 saepe.

705 3236 753 3284 9.
789 3236 904 3285 Non
936 3237 1068 3285 onim
1098 3236 1276 3302 gazae]
1310 3236 1478 3286 Varro
1501 3238 1556 3287 in
1576 3237 1689 3287 An-

640 3309 768 3360 thol.
806 3310 919 3359 Lat.
956 3311 1139 3360 Burm.
1176 3310 1216 3360 Ι.
1252 3323 1372 3374 pag.
1410 3312 1537 3361 5⁴2:
1572 3312 1689 3361 Non

633 3385 694 3449 fic
724 3384 999 3445 mauris,
1043 3397 1145 3433 non
1178 3397 1309 3434 auro
1343 3387 1507 3447 poctu'
1547 3385 1687 3436 solu-

636 3463 770 3516 tum‚·
820 3459 936 3508 Non
979 3457 1162 3508 animis
1195 3459 1397 3509 demunt
1428 3473 1581 3510 curas
1623 3475 1686 3511 ac

634 3533 899 3596 religiones
910 3534 1180 3582 Persarum
1194 3540 1400 3595 montes,
1425 3548 1527 3585 non
1547 3536 1689 3585 atria

636 3607 793 3656 diviti'
831 3607 1017 3657 Crassi.

702 3682 784 3731 40.
822 3681 1122 3747 wartona]
1159 3681 1387 3732 verbum
1408 3683 1686 3746 proprium

634 3754 703 3805 de
764 3754 1058 3807 lictoribus.
1142 3757 1353 3807 Festus:
1418 3758 1688 3806 Matronae

631 3844 735 3880 non
766 3831 1204 3881 summovebantur
1233 3844 1269 3880 a
1287 3830 1682 3894 maqistratibus.

631 3905 754 3954 Sine
790 3905 1047 3968 imagine:
1087 3918 1222 3956 «nec
1255 3904 1471 3954 divitiae
1507 3917 1684 3968 neque

632 3980 830 4030 summi
852 3980 1085 4031 honores
1109 3981 1252 4030 curis
1275 3992 1374 4030 nos
1403 3978 1682 4030 liberant.»

637 4081 693 4091 —
730 4053 985 4117 munus]
1013 4066 1175 4119 saepe
1201 4054 1270 4105 de
1293 4054 1454 4104 animi
1477 4055 1687 4117 pertur-

583 4155 592 4164 -
630 4125 935 4178 bationibus
970 4140 1037 4177 ex
1065 4127 1471 4194 cogitationibus
1507 4128 1559 4177 in
1598 4128 1685 4178 di-

631 4214 790 4256 versa
825 4199 1173 4252 trahentibus.
1226 4203 1333 4251 Sat.
1372 4202 1430 4261 Ξ,
1467 4201 1524 4261 3,
1562 4202 1676 4253 208.

1838 1752 1918 1801 44.
1968 1750 2392 1817 lammam—Tecta]
2443 1754 2622 1803 «tecta
2656 1753 2820 1804 tricli-

1770 1826 1979 1875 niorum
2023 1825 2366 1889 laquearibus
2399 1827 2513 1876 sive
2554 1825 2818 1878 lacunari-

1768 1897 1872 1949 bus
1905 1899 2222 1963 plerumque
2268 1913 2398 1949 auro
2445 1903 2605 1964 atque
2652 1900 2819 1951 ebore

1767 1972 1852 2023 vel
1887 1986 2053 2036 opere
2090 1974 2296 2025 musivo
2334 1975 2622 2039 picturisve
2657 1988 2817 2026 orna-

1768 2047 1833 2097 tis
1870 2047 2147 2111 magnifice
2181 2049 2624 2111 variegatorum.»
2681 2051 2817 2100 Pro-

1766 2124 1943 2189 prium
1976 2125 2158 2172 autem
2192 2126 2276 2172 est
2307 2122 2645 2173 vocabulum.
2702 2124 2811 2175 Cic.

1767 2198 1835 2248 de
1870 2199 2027 2259 Legg.
2066 2197 2124 2257 2,
2163 2197 2220 2246 ⁴:
2261 2198 2817 2258 pavimentamamo-

1763 2285 1857 2322 rea
1888 2276 1935 2320 et
1956 2272 2197 2333 laqueata
2217 2275 2348 2320 tecta
2367 2275 2641 2321 contemno.
2680 2273 2811 2321 Stat.

1765 2345 1932 2395 Theb.
1962 2346 2016 2405 4,
2044 2343 2168 2395 444τ
2205 2357 2375 2394 crasso
2398 2344 2817 2407 laqueat-infidia

1762 2419 1980 2469 ηιοιαὶὶο.
2021 2444 2078 2454 —-
2116 2418 2278 2468 curas
2310 2431 2436 2468 cum
2469 2417 2681 2468 alitibus
2731 2418 2815 2469 fu-

1765 2496 1930 2545 nestis
1985 2495 2057 2543 ita
2113 2495 2416 2557 comparat,
2483 2495 2543 2542 ut
2604 2492 2813 2545 volatus

1763 2569 2049 2631 imaginem
2081 2565 2292 2626 leviter,
2347 2567 2809 2630 quemadmodum

1764 2655 1863 2707 par
1896 2637 2027 2701 erat,
2065 2641 2344 2703 significet.
2414 2642 2520 2692 Cir.
2557 2643 2733 2692 statim
2756 2655 2808 2691 v,

1763 2718 1846 2766 2⁴.
1894 2717 2155 2779 Theognis
2200 2716 2313 2765 729.
2362 2717 2451 2766 B.:
2511 2713 2811 2788 Φροντιδες

1763 2784 2085 2860 ἀνθρώπων
2117 2783 2333 2850 ἔλαχον
2379 2787 2557 2861 πτερὰ
2601 2790 2807 2842 ποικιλ’

1764 2857 2013 2924 ἔχουσαι
2035 2862 2155 2914 κτλ.

1829 2939 1908 2989 43.
1968 2939 2161 2988 Vivitur
2192 2951 2360 3001 parvo
2401 2938 2543 3002 bene]
2580 2937 2809 2988 «beate-

1762 3026 1867 3078 que
1903 3014 1953 3062 ei
1989 3012 2074 3076 (ab
2099 3013 2202 3076 eo),
2239 3013 2325 3063 cui
2348 3012 2472 3062 nihil
2496 3013 2674 3072 deest,
2708 3015 2808 3064 etsi

1761 3087 1969 3137 divitias
2002 3099 2109 3136 non
2143 3086 2432 3151 possidet.»
2485 3087 2583 3148 Qui
2617 3087 2809 3137 distin-

1759 3174 1914 3211 xere:
1958 3161 2151 3210 Vivitur
2162 3173 2329 3222 parvo
2351 3160 2484 3210 bene.
2523 3160 2613 3211 Cui
2627 3165 2808 3223 pater-

1758 3249 1881 3285 num
1897 3239 2023 3296 cet„
2048 3247 2155 3284 non
2177 3234 2426 3284 viderunt
2440 3235 2615 3298 priora
2637 3234 2803 3285 verba

1758 3312 1886 3360 tunc
1909 3308 2034 3360 nihil
2052 3310 2323 3360 continere
2346 3309 2445 3359 nisi
2465 3308 2644 3359 locum
2660 3322 2809 3360 com-

1760 3396 1980 3435 munem
1998 3396 2232 3446 eumque
2251 3382 2543 3433 admodum
2565 3385 2801 3444 tenuem,

1760 3460 1815 3509 et
1858 3472 1956 3522 pro
2000 3460 2103 3507 Nec
2151 3461 2276 3507 tunc
2319 3457 2517 3519 requiri
2561 3457 2693 3507 Non.
2744 3483 2801 3494 —

1759 3533 2025 3585 Pedestris
2068 3532 2319 3582 orationis
2362 3534 2507 3581 esset
2540 3532 2603 3581 Η.
2638 3533 2694 3580 P.
2719 3531 2805 3580 ubi

1756 3621 1855 3672 pro
1888 3607 1987 3657 cui.
2030 3633 2085 3643 —
2102 3611 2376 3668 padomum
2396 3631 2426 3642 —
2446 3605 2680 3671 salium]
2707 3618 2805 3656 «ex

1758 3683 1927 3747 patria
1959 3681 2256 3732 hereditate
2298 3683 2649 3744 acceptum»,
2695 3692 2805 3742 quo

1757 3757 2083 3819 significatur
2114 3756 2278 3819 patris
2312 3755 2418 3804 iam
2450 3754 2661 3805 modica
2696 3753 2805 3803 for-

1758 3833 1884 3898 tuna
1920 3844 1952 3880 a
1985 3830 2093 3881 filio
2126 3842 2303 3893 neque
2331 3830 2485 3879 aucta
2508 3841 2686 3892 neque
2708 3828 2809 3878 im-

1757 3905 1978 3955 minuta.
2022 3905 2135 3956 Hoc
2172 3906 2355 3954 autem
2377 3916 2574 3953 aureae
2597 3901 2806 3952 medio-

1759 3979 1959 4031 critatis
1981 3982 2098 4030 erat
2119 3978 2262 4043 apud
2284 3979 2576 4040 Romanos,
2601 3975 2803 4027 habere

1757 4052 1983 4105 salinum
2026 4068 2093 4105 ex
2137 4055 2357 4118 argento
2390 4051 2553 4102 veluti
2585 4065 2682 4103 vas
2715 4065 2806 4103 sa-

1757 4140 1927 4178 crum.
1997 4130 2144 4179 Pers.
2182 4128 2240 4190 3,
2286 4127 2377 4178 25:
2428 4139 2554 4177 me
2586 4131 2807 4189 patemo

1755 4204 1847 4253 Est
1876 4202 1964 4252 tibi
1993 4203 2380 4272 far-modicum,
2408 4214 2602 4264 pin-tem
2632 4201 2805 4251 ataine
