3234 4975
1250 406 1453 457 Lim-za.
1525 408 1720 459 cama.
1758 409 1796 456 1.
2490 403 2616 469 645

860 561 1127 638 Amice,
1176 561 1692 649 propugnacula,

780 683 1052 748 Paratus
1101 702 1294 749 omne
1342 683 1641 750 Caesaris
1685 682 2044 770 periculum

863 803 1136 879 Subire‚
1187 805 1530 873 Maecenas
1557 857 1571 882 ‚
1619 814 1749 870 tuo.

782 922 953 1002 Quid
994 945 1147 1000 noS,
1202 923 1440 1011 quibus
1486 934 1548 991 te
1590 924 1722 989 vita
1765 923 1820 989 si
1866 923 2210 1011 superstite
2576 924 2618 986 5

866 1044 1187 1122 Iucunda,
1239 1046 1294 1110 si
1343 1054 1601 1118 contra,
1651 1044 1913 1131 gravis?
2451 1064 2458 1069 ·

783 1166 1091 1233 Utrumne
1141 1165 1300 1230 iussi
1338 1185 1820 1252 persequemur
1862 1164 2095 1239 otium,

864 1287 1004 1351 Non
1050 1284 1281 1362 dulce,
1330 1286 1394 1350 ni
1440 1294 1653 1352 tecum
1696 1285 1922 1361 simul,

779 1409 874 1472 An
919 1406 1092 1473 hunc
1134 1404 1427 1473 laborem
1468 1415 1685 1472 mente
1729 1404 1956 1481 laturi,
2004 1405 2196 1474 decet

574 1549 621 1598 3.
661 1551 867 1600 Caesari
888 1577 917 1587 -
940 1576 970 1587 -
992 1555 1075 1599 tuo
1096 1548 1264 1598 Bothe
1289 1549 1345 1597 et
1366 1548 1469 1597 ΗΡ.
1509 1573 1563 1584 -
1602 1547 1651 1598 4.
1688 1549 1762 1597 tui
1796 1546 2111 1598 Wakefield.
2188 1549 2439 1611 (Firmani.
2466 1554 2551 1599 tuo

508 1622 773 1688 BbSTcd.)
810 1651 868 1662 —
923 1625 971 1674 ὅ.
1005 1625 1115 1674 vita
1150 1623 1273 1685 (om.
1321 1623 1378 1684 si)
1414 1622 1555 1681 bSc,
1590 1622 1701 1671 vica
1732 1623 1796 1672 sit
1826 1620 2016 1684 Aldus,
2052 1623 2175 1672 LCt.
2213 1621 2341 1686 (vita
2371 1623 2416 1672 si
2448 1623 2548 1683 BT,

507 1694 698 1763 βγξω,
735 1713 815 1763 pr.
842 1697 911 1748 κλ
931 1734 945 1758 ,
983 1711 1177 1748 novem
1211 1697 1461 1748 Pottierii.
1530 1697 1589 1745 In
1626 1695 1660 1744 d
1684 1708 1715 1744 a
1738 1709 1820 1760 pr.
1846 1709 2009 1747 manu
2044 1697 2333 1758 incertum,
2372 1699 2552 1747 utrum

504 1773 613 1821 vita
644 1775 715 1836 si,
765 1786 833 1824 an
872 1774 983 1823 vita
1014 1773 1107 1831 εἰις
1157 1786 1188 1821 a
1232 1784 1342 1823 sec.
1379 1770 1610 1821 verbum
1631 1770 1784 1822 ,inter
1813 1772 1922 1821 vita
1957 1772 2013 1820 et
2042 1771 2305 1831 superstite
2336 1783 2552 1822 erasum

509 1846 627 1909 est.)
666 1874 721 1883 ——
759 1848 808 1897 6.
843 1848 1070 1897 locanda
1101 1846 1195 1897 Td.
1509 1870 1514 1875 ·

446 1954 648 2006 bebant
664 1958 800 2007 teste
813 1956 945 2010 Plut.
962 1958 1016 2008 in
1029 1960 1147 2008 Ant.
1165 1958 1246 2008 66.
1264 1957 1493 2007 etDione

431 2031 525 2090 ὅθ,
546 2030 630 2080 23.
668 2032 744 2081 De
764 2031 955 2082 iisdem
976 2033 1120 2095 Virg.
1140 2033 1271 2082 Aen.
1295 2032 1345 2091 8,
1366 2031 1453 2081 694
1476 2045 1487 2079 :

439 2104 621 2167 pelaqo
632 2106 808 2154 credas
823 2107 1004 2157 innare
1018 2106 1239 2156 revolsas
1250 2106 1495 2166 cycladas

441 2182 533 2225 aut
545 2184 735 2227 montes
756 2193 1053 2229 concurrere
1078 2180 1327 2229 montibus
1346 2179 1492 2238 altos·

452 2251 613 2300 Tanta
630 2253 761 2301 mole
790 2254 892 2301 viri
924 2255 1120 2303 turritis
1146 2252 1399 2314 puppibus
1418 2253 1497 2301 in-

440 2329 593 2372 stant.
631 2326 729 2374 Dio
763 2326 850 2387 50,
889 2326 969 2376 48.
1007 2328 1264 2376 Antonius
1299 2324 1369 2375 ad
1391 2325 1495 2374 mi-

443 2397 595 2448 lites:
642 2393 837 2469 Ὁρᾶτε
880 2396 991 2470 γάρ
1040 2415 1151 2451 που
1193 2401 1295 2450 καὶ
1326 2394 1495 2450 αὕτοὶ

442 2472 542 2522 καὶ
567 2468 635 2522 τὸ
661 2473 910 2539 μέγεθος
942 2475 1043 2526 καὶ
1068 2470 1136 2525 τὸ
1161 2470 1353 2537 πάχος
1378 2470 1494 2525 τῶν

442 2543 737 2617 ἡμετέρων
758 2545 1023 2609 σκαφῶν.
1062 2549 1196 2600 Flor.
1223 2549 1280 2610 4,
1309 2550 1363 2599 ⁴4
1389 2586 1401 2610 ‚
1429 2550 1489 2598 ὅτ

441 2623 677 2684 Augusto
690 2624 1086 2687 quadringentae
1096 2624 1312 2686 anvplius
1320 2636 1491 2684 nave-5,

440 2697 679 2745 ducentae
709 2710 811 2745 non
831 2698 997 2746 minus
1017 2698 1256 2757 Antonii;
1298 2698 1383 2747 sed
1400 2711 1494 2746 nu—

438 2782 635 2819 merum
648 2770 942 2833 maynitudo
958 2770 1226 2833 pensabat,
1254 2772 1437 2833 quippe
1458 2784 1494 2818 a

443 2844 574 2893 senis
614 2844 669 2893 in
711 2857 926 2894 novenos
955 2858 1211 2895 ranorum
1240 2845 1495 2894 ordinibus

444 2917 625 2978 (immo
680 2914 959 2988 δεκήρους
1011 2920 1314 2969 memorant
1355 2917 1488 2968 Plut.

439 2993 558 3041 Ant.
581 2991 662 3042 64.
689 2991 786 3041 Dio
805 2993 1030 3055 5023.»
1065 2995 1133 3042 ad
1153 2993 1245 3042 hoc
1271 2992 1494 3042 two-ibus

439 3071 590 3126 acque
604 3066 840 3115 tabulatis
851 3066 1098 3116 allevatus
1111 3066 1429 3116 casteller-mn
1445 3072 1493 3116 et

437 3140 639 3189 urbium
670 3140 827 3202 specie
858 3155 959 3190 non
992 3141 1098 3190 sino
1123 3140 1310 3204 gemitu
1330 3141 1493 3189 maris

438 3219 485 3262 et
523 3213 694 3265 laboro
721 3219 983 3264 ventorum
1022 3214 1339 3278 serebantur3
1391 3213 1488 3265 sed

440 3290 666 3351 utroque
692 3291 918 3353 sriptore
950 3292 1086 3341 teste
1122 3292 1236 3355 ipsa
1270 3290 1356 3340 illa
1389 3303 1489 3340 na-

437 3362 584 3411 vium
607 3361 775 3413 moles
799 3365 956 3413 exitio
983 3363 1179 3415 deinde
1212 3366 1308 3415 fuit
1328 3367 1491 3416 Anto-

440 3435 544 3494 nio,
571 3435 837 3485 Octaviani
863 3439 1047 3487 contra
1070 3452 1237 3489 naves
1262 3436 1490 3509 «μικρό-

438 3521 595 3578 τεραι
609 3509 711 3558 καὶ
726 3505 1084 3580 ταχύτεραι.»
1111 3513 1207 3562 Dio
1225 3514 1308 3574 50,
1328 3514 1409 3564 32.
1430 3542 1484 3550 —

438 3582 631 3644 subire]
652 3584 931 3645 «excipere
949 3596 1073 3638 cum
1092 3586 1182 3633 tuo
1199 3585 1488 3648 periculo.»

443 3681 497 3690 —
535 3655 636 3718 tuo]
671 3654 964 3705 Wakefield
988 3658 1263 3720 proposuit
1296 3660 1394 3719 tui,
1430 3660 1490 3708 ut

438 3730 678 3791 Propert.
716 3727 784 3777 ad
818 3729 1183 3780 Maecenatem
1217 3731 1248 3781 2
1266 3769 1277 3791 ,
1305 3732 1326 3781 4
1353 3770 1365 3792 ,
1391 3733 1483 3782 25:

441 3802 676 3863 Bellaque
706 3814 882 3863 resque
915 3804 989 3852 tui
1012 3816 1347 3855 mamm-arem
1369 3806 1490 3856 Cae-

436 3877 568 3924 saris
598 3877 701 3925 cet.
740 3874 844 3926 Sed
881 3874 1165 3927 lectionem
1194 3883 1280 3928 tuo
1312 3878 1489 3929 firmat

440 3950 598 4000 etiam
631 3951 760 4000 Mar.
782 3951 1083 4000 Victorinus
1106 3965 1159 4014 p.
1188 3953 1300 4002 ⁴88.
1328 3953 1484 4004 Gaisr.

502 4026 550 4073 5.
591 4025 638 4074 6.
695 4025 825 4086 Quid
868 4025 976 4089 nos]
1030 4027 1304 4088 capiemus
1356 4040 1489 4077 con-

438 4096 570 4148 silii‘t
621 4125 675 4133 -
723 4103 769 4147 ta
806 4100 911 4147 vita
953 4100 996 4147 si
1040 4099 1312 4163 superstite]
1357 4101 1487 4149 Pro-

438 4174 559 4237 pter
592 4185 827 4236 sequens
861 4175 904 4222 si
938 4170 1205 4237 duplicem
1242 4175 1487 4223 constru-

439 4246 672 4297 ctionem
694 4247 927 4297 miscuit:
964 4248 1037 4298 «si
1059 4250 1332 4313 superstes
1356 4247 1485 4297 mihi

1566 1956 1702 2006 eris»
1740 1958 1820 2006 et:
1860 1955 1943 2005 «te
1967 1955 2304 2018 superstite.»
2353 1956 2438 2007 Sic
2473 1956 2615 2007 enim

1566 2029 1749 2080 malim
1767 2029 2019 2094 expedire
2044 2042 2208 2092 quam
2226 2042 2350 2079 cum
2369 2029 2511 2081 aliis:
2541 2030 2616 2080 «si

1565 2106 1619 2154 te
1654 2104 1940 2167 superstite
1978 2103 2115 2167 (vita)
2161 2103 2229 2152 sit
2270 2116 2314 2154 s.
2354 2105 2613 2153 vivatur.»

1569 2176 1843 2240 (Audiatur
1865 2179 2046 2227 tamen
2069 2178 2230 2226 etiam
2257 2178 2486 2238 Herbst‚
2524 2179 2616 2241 qui

1564 2249 1851 2300 lectionem
1873 2251 1981 2298 vita
1995 2250 2059 2299 sit
2080 2248 2434 2313 amplectitur,
2462 2252 2612 2301 Lectt.

1570 2324 1745 2373 Vama-5.
1772 2325 1811 2372 1.
1837 2335 1892 2387 p.
1917 2323 2013 2372 20:
2057 2321 2262 2372 «Altera
2295 2322 2452 2374 lectio
2486 2324 2614 2387 (vita

1565 2396 1629 2459 si)
1654 2396 1796 2447 unde
1822 2399 1941 2447 nata
1968 2397 2069 2457 sit,
2107 2395 2330 2446 dubium
2355 2410 2476 2447 esse
2505 2410 2614 2447 non

1564 2472 1757 2536 potest.
1795 2471 1910 2522 Non
1933 2469 2188 2522 videbant
2218 2469 2417 2521 librarii
2448 2475 2495 2521 te
2525 2484 2614 2521 su-

1556 2547 1763 2609 perstite
1795 2545 1939 2596 idem
1971 2558 2093 2595 esse
2125 2557 2187 2595 ac
2220 2546 2266 2596 si
2308 2544 2606 2608 legeretur:

1564 2621 1607 2670 si
1639 2621 1707 2669 sis
1734 2625 2007 2681 superstes,
2045 2632 2321 2682 quumque
2353 2619 2525 2670 semel
2552 2621 2616 2671 sit

1566 2696 1619 2744 in
1641 2695 1708 2756 si,
1748 2693 1893 2758 quod
1924 2695 2202 2757 sequentia
2235 2708 2321 2744 vv.
2360 2694 2404 2743 si
2434 2700 2614 2744 contra

1563 2767 1835 2834 postulare
1891 2767 2222 2828 viderentur,
2284 2771 2607 2829 mutassent,

1564 2855 1672 2892 uon
1690 2855 1819 2891 sane
1839 2843 2036 2891 mirum
2055 2844 2141 2892 est
2155 2842 2349 2892 criticis
2367 2843 2474 2891 tam
2492 2855 2614 2905 per-

1563 2916 1778 2980 plexam
1801 2918 2098 2967 orationem
2119 2918 2358 2980 potuisse
2375 2916 2609 2981 probari,

1565 2991 1763 3055 quippe
1797 2992 1915 3054 qui,
1949 2992 2010 3040 ut
2032 3004 2279 3054 quaeque
2315 2991 2471 3042 lectio
2494 3004 2613 3042 ma-

1562 3066 1704 3115 xime
1728 3078 1758 3113 a
1783 3063 2115 3127 simplicitate
2140 3065 2361 3124 recedit,
2393 3067 2464 3116 ita
2489 3079 2610 3116 eam

1564 3140 1802 3203 arripere
1842 3138 2051 3188 soleant
2097 3139 2512 3203 cupidissime»)
2553 3169 2608 3177 -

1560 3214 1604 3263 si
1619 3213 1812 3277 contra]
1833 3211 2091 3263 Particula
2106 3214 2184 3261 sin
2202 3221 2465 3277 nusquam
2484 3226 2613 3264 usus

1563 3289 1649 3338 est
1671 3288 1933 3338 Horatius.
1981 3286 2063 3336 Ad
2087 3289 2404 3337 sententiam
2430 3288 2615 3337 confer

1563 3362 1661 3412 Od.
1690 3363 1750 3422 2,
1779 3362 1866 3422 47,
1893 3361 2004 3410 5-9.
2050 3360 2284 3410 Teneros
2309 3360 2612 3410 huiusmodi

1561 3437 1763 3486 amicos
1795 3434 2064 3485 vocabant
2102 3430 2615 3498 συναποθνήσκον-

1560 3524 1693 3571 τας,
1729 3510 2118 3559 commorientes.

1627 3584 1772 3633 7-43.
1831 3582 2083 3645 Utrumne]
2121 3582 2226 3632 Cir.
2265 3579 2418 3630 Hand
2451 3580 2603 3632 Turs.

1561 3658 1647 3706 lv,
1684 3669 1739 3720 p.
1777 3657 1858 3706 80.
1913 3684 1968 3691 -
2017 3653 2153 3718 iussi]
2208 3656 2423 3706 «Utrum
2473 3666 2604 3716 ego,

1562 3743 1727 3794 quem
1763 3731 1820 3780 tu
1854 3742 2135 3780 remanere
2169 3729 2222 3778 in
2255 3726 2400 3777 ltalia
2436 3727 2607 3789 iuheS,

1562 3803 1792 3855 cessabo
1827 3805 1878 3854 in
1915 3805 2021 3854 otio
2059 3802 2218 3867 (quod
2252 3800 2447 3864 alioqui
2478 3804 2613 3865 poe-

1560 3879 1648 3927 tae
1682 3879 2042 3940 gratissimum
2066 3877 2202 3939 est),
2241 3889 2309 3925 an
2344 3876 2487 3927 hunc
2508 3877 2614 3925 mi-

1560 3951 1701 4002 litiae
1757 3951 1998 4002 laborem
2056 3950 2225 4000 reram
2276 3963 2340 4000 ea
2391 3951 2572 4000 mente
2596 3988 2608 4011 ,

1564 4039 1669 4089 qua
1704 4027 1879 4075 virum
1913 4026 2104 4076 fortem
2146 4024 2369 4074 dcccvi»
2410 4051 2465 4060 —
2495 4037 2614 4086 por-

1563 4099 1842 4163 sequamur]
1879 4100 1963 4149 Sic
1997 4099 2106 4150 Cic.
2142 4099 2321 4158 01113,
2361 4101 2418 4148 ⁴:
2456 4099 2614 4148 otium

1556 4175 1925 4235 persequimur.
1976 4201 2029 4209 —-
2077 4174 2250 4238 laton]
2298 4173 2500 4224 Eadem
2534 4172 2612 4222 el-

1561 4246 1682 4312 lipsi
1715 4260 1766 4298 v.
1806 4247 2148 4310 substantivi,
2186 4261 2291 4311 qua
2325 4247 2525 4298 Ennius
2559 4246 2612 4296 in
