3234 4975
1193 398 1310 448 Lm.
1349 398 1432 447 111.
1506 398 1563 447 C.
1604 397 1688 446 lll.

2485 393 2597 458 35⁴

949 555 1284 639 Purpureo
1329 551 1493 617 bibit
1536 571 1653 618 ore
1697 561 1936 617 nectar.

773 712 907 777 Hac
951 722 1014 777 te
1058 720 1443 786 merentem,
1493 708 1746 776 Bacche
1794 719 2006 795 pater,
2055 720 2203 774 tuae

770 834 1015 898 Vexere
1061 831 1259 918 tigres
1305 829 1564 898 indocili
1609 830 1830 917 iugum

855 951 1032 1019 Collo
1082 953 1445 1033 trahentes;
1491 952 1613 1019 hac
1657 951 1968 1030 Quirinus

2522 953 2603 1017 ⁴5

561 1134 638 1181 42.
676 1132 802 1182 bibet
835 1130 1017 1191 bT‚FJ.
1058 1134 1137 1195 (Ut
1170 1145 1291 1193 nos,
1328 1134 1419 1191 Sc,
1458 1134 1577 1182 octo
1619 1131 1882 1190 Pottierii,
1922 1131 2049 1180 item
2083 1129 2387 1192 Bentleius.)

433 1281 763 1349 πορφυρέου
798 1274 930 1328 Ἀπὸ
982 1256 1278 1344 στ’όματος
1327 1280 1480 1330 ἱεῖσα
1514 1287 1523 1343 l
1554 1278 1723 1329 seram
1776 1278 2052 1329 hominum
2096 1278 2261 1328 vitam
2308 1278 2614 1329 excoluerat

430 1350 632 1414 φωνὰν
674 1354 977 1425 παρθένος.
1050 1353 1236 1404 Catull.
1265 1353 1355 1415 45,
1394 1355 1477 1405 ⁴2.

431 1432 595 1478 Acme
658 1428 747 1477 Illo
804 1441 1065 1490 pw-purco
1121 1441 1207 1478 ore
1260 1430 1478 1477 saviata.

431 1503 570 1565 virg.
627 1503 758 1551 Aen.
812 1503 873 1561 2,
926 1501 1040 1551 593.
1112 1501 1179 1552 de
1234 1503 1477 1552 Venere:

431 1589 667 1636 roseoque
715 1576 838 1625 haec
886 1577 1089 1637 insuper
1135 1577 1329 1626 addidit
1377 1589 1478 1626 ore.

434 1651 627 1699 Contra
663 1649 811 1699 Ovid.
850 1651 972 1701 Met.
1011 1651 1072 1710 7,
1109 1651 1240 1699 705:
1279 1651 1480 1699 Aurora

430 1737 572 1773 roseo
602 1723 879 1785 spectabilis
910 1737 1013 1773 ore.
1055 1750 1110 1760 —
1147 1724 1286 1789 bibit]
1341 1725 1482 1774 «Iam

434 1810 573 1847 nunc
607 1792 832 1849 deorum
866 1800 1029 1848 vitam
1061 1799 1226 1848 vivit»
1247 1837 1259 1857 ,
1296 1798 1349 1849 id
1373 1800 1479 1858 est,

435 1874 641 1921 remoto
691 1874 879 1936 tropo,
935 1873 1081 1935 «pari
1131 1875 1291 1936 atque
1327 1871 1396 1922 illi
1432 1874 1487 1921 et

435 1944 716 1995 immortali
764 1949 984 2009 propter
1031 1959 1126 1996 sua
1178 1948 1364 1997 merita
1417 1960 1481 1996 ac

434 2032 524 2069 res
558 2022 733 2082 gestas
767 2019 927 2082 gloria
964 2020 1201 2070 fruitur.»
1271 2022 1400 2085 Epp.
1429 2022 1479 2081 2,

437 2094 489 2151 4,
529 2094 627 2142 ⁴5:
687 2096 941 2143 Praesenti
986 2095 1073 2143 tibi
1111 2100 1341 2145 maturos
1373 2095 1483 2143 lar—

433 2167 603 2229 qimw
631 2168 840 2217 honores
867 2169 1210 2229 [iurandasque
1232 2175 1373 2218 tuum
1389 2182 1486 2230 per

435 2255 612 2290 nomen
638 2244 874 2304 ponimus
906 2257 1046 2292 aras.
1140 2244 1236 2293 Dio
1270 2245 1325 2292 54
1348 2281 1360 2303 ,
1397 2245 1480 2292 20.

434 2329 484 2364 a.
537 2328 590 2364 u.
646 2331 694 2366 c.
742 2317 855 2365 725.
927 2318 1150 2367 Senatus
1201 2318 1339 2365 inter
1386 2314 1484 2365 alia

437 2389 708 2439 decrevit:
768 2390 827 2451 ἐς
875 2386 1013 2451 τοὺς
1047 2382 1268 2455 ὕμνους
1300 2384 1483 2440 αὐτὸν

437 2460 501 2527 ἐξ
529 2460 669 2525 ,ἴσου
704 2470 830 2526 τοῖς
869 2464 1030 2527 θεοῖς
1064 2461 1481 2535 ἐσγράφεσθαι.

440 2541 634 2589 Contra
680 2541 727 2589 si
766 2538 912 2600 legas
945 2539 1102 2600 bibet,
1160 2537 1284 2589 mali
1316 2553 1485 2603 prope

438 2615 631 2664 ominis
665 2625 768 2662 vox
804 2613 930 2670 erit,
993 2615 1317 2675 «Augustum
1367 2617 1490 2677 post

438 2689 669 2736 mortem
689 2686 857 2748 (cuius
874 2685 1094 2748 quidem
1111 2687 1310 2736 mentio
1328 2688 1488 2737 etiam

436 2760 537 2811 sub
573 2761 674 2809 bac
709 2757 1117 2809 immortalitatis
1159 2758 1491 2822 pollicitatio-

437 2848 505 2884 ne
541 2834 758 2883 minime
794 2835 941 2895 grata
976 2833 1026 2882 ei
1061 2833 1233 2882 futura
1270 2836 1399 2896 erat)
1437 2835 1489 2884 in

438 2909 666 2959 deorum
699 2920 986 2957 numerum
1010 2907 1339 2970 adscriptum
1372 2910 1485 2959 irl.»

439 2984 504 3033 Et
553 2982 860 3032 cautissime
912 2982 1132 3045 quidem
1195 2982 1263 3031 de
1313 2982 1489 3033 futura

442 3058 658 3119 Augusti
691 3051 1023 3106 ἀποθεώσει
1057 3055 1200 3119 loqui
1223 3056 1487 3116 solebant,

439 3134 498 3180 ut
531 3132 627 3180 Od.
667 3133 719 3190 4,
756 3132 815 3191 2,
854 3130 946 3181 45:
1005 3132 1159 3181 Serus
1200 3133 1252 3181 in
1295 3133 1492 3182 cadum

440 3206 628 3254 redeas.
666 3204 815 3255 ovid.
853 3207 974 3256 Met.
1013 3208 1100 3266 45,
1135 3207 1249 3256 838.
1288 3209 1340 3256 et
1371 3207 1485 3257 868.

442 3279 596 3328 Trist.
633 3280 691 3339 2,
728 3279 825 3328 57:
885 3280 1068 3340 Optavi
1093 3285 1286 3342 peteres
1328 3282 1492 3330 caele-

440 3354 540 3401 stia
566 3354 734 3401 sidera
749 3354 908 3402 tardo.
949 3353 1080 3403 lbid.
1104 3355 1215 3403 465.
1243 3356 1293 3415 5,
1320 3356 1370 3416 ὅ,
1389 3355 1445 3403 64
1475 3370 1486 3403 1

449 3427 637 3476 caesar
668 3426 745 3474 dis
776 3439 1031 3475 accessura
1046 3466 1063 3488 ,
1098 3429 1181 3477 sed
1213 3429 1358 3489 olim,
1393 3429 1491 3479 Ao—

445 3500 656 3560 qum-int
686 3499 850 3559 Pylios
880 3512 994 3547 cum
1027 3502 1261 3562 tuasata
1293 3504 1487 3553 dios.—

442 3572 632 3636 nectar]
669 3571 1008 3622 beatitudinis
1030 3575 1192 3636 atque
1213 3576 1492 3626 immorta-

445 3647 601 3697 litatis
650 3647 840 3709 imago.
911 3646 996 3696 Sic
1045 3647 1095 3696 in
1146 3647 1491 3700 Etruscorum

445 3721 594 3771 urnis
638 3720 910 3771 cinerariis
966 3719 1251 3770 beatorum
1303 3724 1493 3773 animis

446 3811 476 3846 a
541 3794 847 3860 pocillatore
914 3795 1198 3859 porrigitur
1261 3799 1492 3848 nectaris

446 3871 689 3932 cyathus.
756 3868 885 3919 Arm.
939 3869 1048 3918 Μ’
1100 3870 1218 3918 [nst.
1275 3870 1489 3919 archool.

514 4017 592 4066 43.
644 4018 754 4066 Hae
793 4022 840 4066 to
875 4014 1166 4078 nmmum]
1222 4015 1494 4067 «Bacchus

447 4102 679 4154 quoque,
706 4089 963 4150 Semeles,
989 4087 1228 4140 mortalis
1244 4087 1490 4148 feminae,

448 4163 601 4225 filius,
627 4164 762 4214 deus
778 4163 947 4214 factus
965 4166 1066 4224 est,
1091 4162 1212 4212 ideo
1229 4163 1372 4213 bunc
1394 4162 1495 4213 ho—

449 4250 634 4288 norem
669 4237 915 4297 meritus,
954 4236 1101 4301 quod
1129 4238 1398 4299 agrestem
1431 4247 1495 4285 ac

1555 1352 1899 1415 victoriisque
1935 1353 2046 1402 suis
2079 1353 2371 1403 incruentis
2405 1352 2472 1403 ad
2508 1354 2614 1402 hu—

1557 1427 1870 1476 manitatem
1904 1425 2266 1476 traduxerat.»
2324 1427 2418 1476 Ov.
2453 1428 2606 1477 Trist.

1557 1502 1620 1561 5,
1673 1499 1733 1561 3,
1788 1500 1883 1550 ⁴9:
1960 1500 2067 1562 Ipso
2115 1513 2310 1562 quoque
2366 1502 2614 1551 αοεήονίσε

1555 1573 1749 1623 meritis
1778 1574 2000 1622 invectus
2040 1587 2091 1622 es
2135 1588 2310 1633 areca,
2365 1576 2479 1636 Qua
2510 1589 2612 1625 non

1557 1648 1743 1710 αυᾱρυο
1796 1647 1937 1709 sacta
1993 1647 2163 1708 laboro
2216 1649 2306 1698 via
2371 1654 2470 1711 est,
2542 1650 2610 1700 de

1558 1722 1786 1771 Baccho.
1830 1747 1884 1757 —
1913 1720 2089 1785 pater]
2124 1720 2338 1773 solitum
2373 1724 2613 1774 omnium

1558 1796 1784 1846 deorum
1808 1794 2104 1856 ἐπίθετον,
2142 1794 2401 1847 sollemne
2427 1801 2611 1849 autem

1557 1871 1865 1921 Latinorum
1900 1870 2063 1920 Liberi
2088 1872 2273 1933 patris.

1625 1944 1704 1994 ⁴4.
1758 1944 1971 2008 Vexore]
2009 1944 2078 1994 ad
2118 1944 2345 1996 deorum
2384 1946 2613 1997 domici-

1557 2016 1687 2069 lium
1709 2056 1721 2077 ,
1760 2017 2060 2082 Olympum.
2104 2047 2159 2055 —
2207 2020 2387 2086 times]
2437 2022 2612 2085 imago

1561 2092 1782 2142 feritatis
1827 2091 1895 2141 ab
1931 2105 1998 2142 eo
2034 2093 2384 2156 perdomitae.
2446 2095 2613 2157 Tigris

1559 2168 1741 2216 autem
1784 2165 1870 2216 vel
1918 2167 2094 2230 potius
2129 2169 2386 2231 panthera
2421 2169 2613 2219 Libero

1558 2240 1695 2304 patri
1746 2252 1901 2288 sacra
1953 2244 2069 2290 erat
2118 2240 2254 2301 Iera,
2310 2243 2425 2292 eius
2459 2243 2612 2305 quasi

1560 2311 1785 2371 ramulam
1846 2326 2013 2376 quare
2078 2313 2270 2364 crebro
2336 2319 2613 2379 comparet

1559 2389 1611 2438 in
1663 2387 1976 2451 anaglyphis
2012 2389 2314 2447 Baccblcis,
2367 2387 2512 2438 velut
2560 2390 2613 2438 in

1559 2463 1730 2524 Zoega
1763 2461 1907 2511 Basso·
1946 2462 2110 2512 vitiavi
2151 2464 2188 2513 I.
2229 2476 2283 2527 p.
2322 2463 2403 2513 35.
2476 2465 2614 2514 Ger—

1560 2536 1695 2585 bard
1730 2541 1835 2585 ant.
1862 2536 2039 2585 Bildw.
2068 2538 2123 2586 T.
2153 2538 2278 2587 CIX.
2317 2539 2608 2599 Imaginem

1562 2610 1797 2672 expingit
1829 2609 2074 2659 Sidonius
2108 2608 2275 2674 Apoll.
2315 2611 2373 2660 C.
2406 2613 2487 2670 22,
2515 2612 2571 2659 2⁴
2599 2625 2609 2657 ε

1560 2684 1712 2732 Euan
1749 2684 2025 2745 populatus
2055 2684 2307 2743 Erythras
2346 2685 2469 2733 Vite
2508 2698 2615 2732 ca-

1554 2757 1862 2818 pistratas
1904 2757 2111 2820 cogebat
2153 2758 2208 2805 in
2241 2758 2408 2807 esseda
2441 2759 2610 2821 times.

1564 2831 1816 2891 Quamvis
1837 2833 2018 2880 autem
2050 2832 2131 2881 vis
2166 2832 2458 2881 sententiae
2494 2833 2618 2882 insit

1564 2905 1615 2953 in
1668 2916 1753 2952 vv.
1790 2904 1898 2954 Hac
1939 2910 1986 2954 te
2031 2910 2333 2967 merentem,
2391 2904 2617 2956 libenter

1564 2981 1745 3029 tamen
1794 2980 2110 3029 immoratur
2154 2981 2208 3029 in
2260 2981 2468 3045 poetica
2512 2981 2614 3030 hac

1564 3052 1816 3115 tigridum
1841 3053 2069 3116 imagine
2103 3059 2222 3103 tuae
2241 3081 2270 3091 -
2291 3082 2322 3091 -
2344 3055 2608 3114 treberim,

1565 3138 1671 3189 qua
1714 3126 1783 3176 de
1827 3140 1886 3176 re
1931 3128 2197 3178 immerito
2231 3141 2261 3176 a
2296 3129 2615 3179 scholastico

1565 3199 1804 3263 quodam
1837 3202 2199 3264 reprehensus
2223 3206 2321 3252 est.
2353 3230 2408 3239 -
2436 3204 2614 3265 Longe

1562 3287 1695 3324 vero
1755 3276 1925 3326 rarius
1987 3277 2039 3325 ln
2098 3277 2241 3327 vasis
2291 3278 2445 3341 pictis
2490 3288 2615 3326 cum

1564 3349 1757 3399 Libero
1802 3349 2037 3400 sociatur
2078 3349 2198 3410 leo;
2252 3352 2305 3400 in
2342 3348 2453 3400 aliis
2488 3350 2616 3398 artis

1564 3423 1818 3487 operibus
1841 3425 2091 3474 Centauri
2115 3425 2229 3475 eius
2253 3425 2430 3474 currui
2453 3423 2616 3472 iuncti

1565 3498 1691 3548 sunt
1730 3498 2014 3560 (Boettiger
2050 3500 2334 3561 Vasenqom.
2371 3497 2455 3546 111.
2490 3509 2611 3559 pag.

1568 3572 1681 3621 439.
1720 3569 1877 3621 Millin
1901 3573 2016 3622 Gal.
2042 3572 2196 3633 myth.
2224 3572 2280 3620 T.
2302 3570 2427 3620 LIII.
2448 3569 2613 3630 235.);

1565 3644 1690 3694 alibi
1725 3645 1886 3695 etiam
1930 3645 2083 3696 birci.
2135 3643 2390 3708 (Gerhard
2435 3645 2619 3692 Vasen-

1564 3732 1692 3782 9em.
1747 3721 1804 3769 T.
1862 3719 2004 3781 LIV.)
2079 3717 2431 3768 Dromedario
2481 3717 2619 3767 inter

1567 3793 1704 3842 duos
1747 3793 1890 3843 dorsi
1924 3791 2174 3855 gibberes
2211 3789 2501 3841 collocatus
2534 3792 2619 3841 in-

1567 3864 1709 3915 sidet
1740 3866 1982 3916 Bacchus
2015 3865 2369 3929 triumphator
2399 3865 2451 3915 in
2484 3865 2613 3915 Arm.

1566 3940 1677 3988 dell‘
1700 3940 1819 3989 Ιωι.
1849 3940 1988 3988 arch.
2009 3940 2071 3987 V.
2100 3950 2153 4001 p.
2181 3939 2262 3988 99.
2304 3966 2360 3975 —
2395 3939 2612 4003 indocili]

1567 4026 1693 4062 cum
1725 4013 1958 4076 primum
1991 4013 2363 4063 reniterentur.

1637 4088 1715 4136 ⁴5.
1756 4086 1835 4135 46.
1873 4086 1967 4135 hac
2002 4086 2269 4151 Quirinus]
2306 4088 2504 4151 quippe
2526 4089 2617 4150 qui

1567 4157 1698 4210 Iulio
1730 4157 1954 4210 Proculo
1996 4160 2131 4211 haec
2164 4160 2410 4211 mandata
2446 4159 2617 4211 dede-

1567 4235 1665 4283 rit:
1709 4232 1894 4304 Χαῖρε
1924 4234 2023 4286 καὶ
2065 4231 2244 4307 φράζε
2285 4230 2612 4300 Ῥωμαίοις,
