3234 4975
1308 388 1425 437 LIB.
1462 388 1547 438 111.

1620 390 1678 437 c.
1717 388 1822 438 vu.
2534 385 2658 447 393

920 541 1154 606 Noctes
1200 562 1327 607 non
1372 541 1512 607 sine
1556 540 1771 606 multis

1004 662 1321 729 Insomnis
1363 660 1648 730 lacrimis
1692 662 1838 749 agit.

831 818 1021 906 Atqui
1066 818 1376 887 sollicitae
1421 820 1681 886 nuntius
1724 819 2049 907 hospitae,

833 939 1175 1027 Suspirare
1220 940 1464 1007 Chloen
1508 950 1575 1007 et
1617 941 1921 1008 miseram
1965 941 2092 1007 tuis

2589 939 2661 1004 lo

915 1061 1152 1127 Dicens
1198 1060 1454 1148 ignibus
1500 1046 1630 1139 uri,

1005 1183 1229 1247 Tentat
1270 1181 1442 1248 mille
1486 1182 1666 1248 vafer
1707 1182 1936 1249 modis.

836 1321 914 1388 Ut
956 1323 1258 1387 Proetum
1301 1320 1535 1388 mulier
1576 1321 1827 1408 perfida
1870 1321 2207 1389 credulum

843 1441 1049 1508 Falsis
1094 1441 1419 1530 impulerit
1460 1441 1872 1519 criminibus,
1921 1443 2110 1508 nimis

924 1563 1115 1631 Casto
1160 1563 1639 1651 Bellerophonti

2585 1565 2665 1630 ⁴5

1012 1685 1333 1751 Maturare
1356 1705 1607 1769 ⁶necem
1626 1736 1640 1762 ,
1689 1684 1900 1752 refert.

838 1827 1067 1890 Narrat
1108 1845 1317 1913 paene
1362 1826 1583 1893 datum
1628 1825 1822 1893 Pelea
1868 1827 2167 1902 Tartaro,

631 1969 676 2016 7.
716 1967 841 2017 Post
860 1966 1002 2016 hunc
1024 1980 1075 2015 v.
1104 1966 1284 2017 deficit
1304 1968 1483 2019 Codex
1509 1967 1545 2017 d
1566 1981 1738 2032 usque
1762 1967 1831 2017 ad
1855 1968 2032 2018 Carm.
2060 1967 2117 2029 9,
2145 1969 2224 2017 47.
2258 1996 2312 2006 -
2340 1970 2389 2020 9.
2414 1969 2598 2032 Atquin

566 2044 621 2092 L.
649 2069 703 2078 -
730 2042 809 2091 42.
840 2042 1059 2104 Temptat
1079 2041 1160 2090 ille
1185 2043 1243 2092 Τ.
1284 2069 1330 2079 —-
1369 2041 1450 2093 44.
1476 2043 1768 2105 conpulerit
1789 2042 1846 2092 T.
1887 2042 2011 2105 (non
2036 2041 2221 2105 BbSc.)
2253 2070 2307 2080 —
2346 2044 2429 2094 45.
2466 2044 2608 2094 bella-

567 2117 811 2179 rapnom
842 2119 882 2168 r
914 2117 1002 2167 hic
1037 2119 1092 2167 et
1126 2116 1220 2166 oa.
1260 2116 1317 2177 3,
1357 2118 1447 2177 η,
1484 2117 1533 2167 a.

504 2238 561 2297 4,
612 2237 738 2286 208:
798 2236 952 2286 Libra
991 2238 1071 2287 dia
1109 2239 1364 2299 semique
1393 2251 1549 2300 paros

503 2310 588 2359 ubi
635 2311 805 2374 facerit
856 2312 1025 2361 horas.
1100 2313 1245 2374 (Aen.
1300 2312 1359 2372 4,
1419 2312 1542 2361 636:

504 2385 721 2433 Munera
768 2385 1109 2446 laetumque
1157 2386 1244 2435 dii.
1314 2387 1376 2435 V.
1418 2386 1550 2436 Wa-

505 2470 652 2521 gner.
692 2458 797 2509 Cir.
826 2458 952 2510 Gell.
986 2461 1034 2522 9,
1074 2458 1154 2511 44.
1182 2463 1237 2511 et
1257 2459 1549 2511 Alschefski

505 2532 574 2582 ad
608 2533 718 2582 Liv.
755 2534 812 2594 5,
852 2533 942 2583 ⁴3:
991 2534 1261 2584 insanabili
1285 2534 1551 2598 pernicie.)

570 2608 617 2656 δ.
658 2607 706 2656 6.
744 2607 964 2671 Oricum]
986 2611 1201 2672 portum
1226 2612 1279 2658 et
1295 2609 1552 2673 oppidum

506 2681 645 2745 Epiri
678 2682 733 2730 in
784 2682 999 2731 introitu
1048 2682 1197 2732 sinus
1248 2682 1551 2744 Hadriatici,

506 2753 664 2804 hodie
714 2754 917 2805 Erikho.
972 2782 1026 2791 -
1076 2756 1278 2820 ὄπωπα]
1330 2755 1553 2806 «multos

506 2827 708 2879 imbres
736 2841 799 2878 ac
821 2827 1083 2893 procellas
1109 2831 1478 2880 concitantia.»
1495 2857 1550 2867 -

505 2905 667 2954 Post·
690 2903 889 2965 Caprae
926 2904 1123 2969 sidera]
1165 2904 1219 2954 id
1253 2906 1363 2966 est,
1403 2906 1556 2969 «post

509 2977 711 3041 Caprae
729 2979 957 3028 ortum.»
994 2979 1167 3041 Capra
1180 2981 1362 3030 autem
1381 2979 1556 3042 (Arato

506 3052 632 3101 677:
666 3046 892 3117 Ὠλενίη
906 3048 1027 3117 Αἴξ,
1052 3053 1391 3117 Amalthea.),
1418 3066 1556 3117 quae

510 3126 688 3176 Iovem
724 3126 979 3177 infantem
1013 3126 1150 3177 lacte
1176 3129 1465 3189 nutrierat,
1503 3129 1557 3179 in

510 3199 685 3249 sidera
730 3199 895 3250 relata
944 3214 1049 3251 una
1094 3214 1218 3253 cum
1253 3202 1560 3265 pluvialibus

511 3273 695 3323 Haedis
737 3275 893 3336 (Virg.
934 3277 1062 3325 Aen.
1101 3277 1157 3336 9,
1204 3276 1339 3340 668.)
1392 3278 1560 3326 oritur

512 3347 597 3396 lV.
635 3345 744 3395 Kal.
784 3346 997 3397 Octobr.
1020 3386 1032 3407 ,
1069 3350 1265 3400 occidit
1297 3349 1405 3399 Kal.
1445 3351 1555 3401 Ian.

580 3421 628 3469 8.
655 3420 702 3469 9.
730 3421 969 3483 lacrimis]
995 3427 1245 3486 «propter
1266 3426 1318 3474 te
1344 3424 1555 3485 effusis;

511 3494 611 3544 etsi
646 3507 771 3543 eum
800 3507 900 3556 per
922 3492 1171 3544 callidum
1193 3499 1424 3548 nuntium
1446 3500 1557 3549 sive

513 3569 862 3631 interpretem
915 3569 1081 3616 tentat
1128 3569 1363 3632 hospita,
1416 3572 1560 3636 apud

513 3643 665 3691 cuius
698 3641 952 3691 maritum
987 3640 1332 3692 devertitur.»

580 3716 660 3765 40.
686 3716 767 3764 44.
789 3715 888 3765 tuis
902 3742 932 3752 -
946 3715 1159 3780 iynibus]
1179 3719 1373 3779 «Gyge,
1396 3731 1558 3781 quem

514 3793 572 3839 tu
611 3788 865 3839 ardenter
897 3801 1101 3840 amas.»
1139 3790 1391 3850 «Quando
1414 3791 1558 3843 Delia

514 3863 657 3928 apud
708 3863 859 3914 Ovid.
896 3865 1015 3914 Am.
1054 3863 1112 3923 3,
1162 3864 1218 3924 9,
1266 3864 1347 3913 56.
1403 3865 1556 3915 dicit:

511 3937 708 3997 via-isti,
757 3939 876 3987 dum
919 3942 1035 3987 tuus
1066 3938 1198 4002 tynis
1230 3950 1396 3999 σναηι,
1450 3943 1564 3988 tuus

513 4013 645 4075 tynis
688 4025 793 4061 non
846 4015 928 4062 est
977 4010 1239 4071 Tibullus,
1299 4011 1398 4062 sed
1448 4013 1560 4076 ipsa

514 4085 678 4136 Delia.
751 4087 836 4136 Sic
869 4088 1031 4137 etiam
1066 4087 1120 4136 h.
1148 4086 1182 4137 l.
1211 4088 1325 4136 Non
1360 4087 1443 4136 est
1463 4086 1563 4148 igi-

514 4162 625 4221 tur,
675 4161 819 4225 quod
866 4173 990 4212 cum
1038 4163 1139 4213 ΗΡ.
1178 4160 1562 4211 substituamus

514 4236 872 4300 tui-imm.»
968 4261 1022 4273 -—
1074 4238 1320 4287 Bossciu.
1376 4235 1560 4298 Τοηίαι]

1624 2238 1725 2288 «ad
1759 2250 2000 2288 amorem
2035 2235 2282 2301 pellicit.»
2330 2237 2436 2289 Cfr.
2464 2238 2668 2289 Ruhnk.

1624 2311 1693 2361 ad
1726 2313 1857 2362 Tim.
1896 2324 1950 2375 p.
1986 2312 2106 2363 2⁴6.

1691 2386 1867 2436 43-46.
1904 2385 2155 2450 Proetum]
2191 2399 2376 2449 regem
2398 2389 2666 2449 Argivum.

1630 2486 1683 2497 —
1733 2460 1916 2511 mulier
1949 2460 2165 2526 perfida]
2205 2462 2371 2511 Antea
2419 2462 2669 2523 Homero,

1626 2534 1739 2585 aliis
1790 2534 2145 2587 Sthenoboea.
2215 2536 2499 2585 Historiam
2555 2535 2671 2598 lege

1626 2608 1770 2660 Iliad.
1792 2611 1838 2671 ζ,
1865 2610 1961 2659 ⁴55
1977 2622 2059 2673 sq.
2083 2610 2423 2658 Tractaverat
2439 2608 2672 2659 fabulam

1628 2682 1921 2746 Sophocles
1943 2685 1998 2733 in
2022 2682 2230 2740 lobata,
2265 2683 2355 2746 qui
2384 2686 2538 2746 pater
2560 2685 2676 2732 erat

1628 2754 2026 2816 Sthenoboeae,
2065 2754 2343 2819 Euripides
2366 2755 2419 2807 in
2441 2755 2676 2806 Bellero—

1629 2832 1829 2894 phonte
1854 2831 1980 2880 etin
2003 2829 2360 2880 Sthenoboea.
2401 2830 2505 2880 Cir.
2533 2830 2678 2881 Wel-

1630 2905 1759 2956 cker
1805 2918 1885 2968 ar.
1928 2905 2232 2968 Traqoedien
2279 2905 2319 2955 1.
2356 2917 2409 2968 p.
2448 2903 2561 2954 447.
2617 2931 2671 2939 —-

1629 2977 1917 3042 maturare]
1956 2997 1981 3023 «
1995 2976 2358 3029 accelerare.»
2426 2978 2679 3041 Impellero

1632 3054 1687 3103 et
1723 3053 1998 3116 perpetem
2042 3066 2168 3103 cum
2213 3052 2468 3103 infinitivo
2516 3052 2676 3103 etiam

1631 3129 1793 3178 Tacit.
1831 3130 1966 3177 Ann.
2006 3127 2094 3188 43,
2131 3126 2212 3177 54.
2251 3129 2306 3178 et
2339 3125 2430 3185 44,
2469 3127 2549 3176 60.

1701 3202 1779 3251 47.
1838 3201 2004 3265 Pelea]
2043 3200 2326 3265 Hippolyte
2365 3199 2493 3264 (aliis
2527 3203 2681 3263 Asty-

1633 3275 1865 3339 damia),
1904 3277 2106 3337 Acasti,
2143 3277 2284 3339 regis
2318 3275 2470 3336 Iolci,
2517 3287 2676 3333 uxor,

1633 3350 1773 3401 Pelei
1810 3363 1994 3401 amore
2032 3352 2212 3413 capta,
2261 3362 2386 3399 cum
2435 3349 2577 3397 hunc
2611 3346 2679 3395 ad

1632 3426 1879 3489 stuprum
1912 3424 2249 3476 sollicitasset
2281 3435 2457 3484 neque
2482 3421 2529 3470 ei
2552 3432 2681 3483 per-

1634 3498 1862 3549 suadere
1898 3499 2183 3562 potuisset,
2229 3495 2414 3547 dolore
2448 3493 2679 3555 odioque

1632 3573 1850 3622 incensa
1885 3584 2007 3621 eum
2045 3569 2189 3634 apud
2222 3569 2472 3619 maritum
2507 3567 2684 3616 crimi-

1633 3648 1756 3696 nata
1791 3648 1900 3706 est,
1938 3647 1997 3695 ut
2029 3645 2138 3694 vim
2172 3641 2273 3693 sibi
2296 3641 2491 3691 inferre
2517 3652 2680 3690 cona-

1635 3724 1765 3770 tum.
1836 3718 1926 3768 llle
1973 3722 2155 3768 autem
2195 3716 2279 3765 his
2322 3713 2513 3763 auditis
2555 3726 2682 3764 eum

1635 3794 1687 3843 in
1738 3791 1864 3842 Pelii
1920 3792 2116 3841 montis
2170 3787 2482 3839 solitudines
2531 3789 2683 3851 quasi

1635 3867 1775 3917 aliud
1823 3878 1987 3929 agens
2033 3863 2276 3921 deduxit;
2330 3875 2437 3926 quo
2481 3862 2683 3914 dormi-

1637 3943 1762 3991 ente
1813 3941 1951 3990 inter
2002 3939 2299 3989 Centauros
2350 3935 2532 3986 relicto
2584 3937 2684 3987 do-

1637 4026 1789 4064 mum
1823 4025 2074 4063 reversus
2109 4013 2207 4062 est.
2247 4013 2310 4063 Di
2333 4015 2512 4063 autem
2540 4011 2681 4063 Pelei

1639 4089 1840 4138 miserti
1893 4085 2186 4137 Volcanum
2232 4087 2300 4137 ad
2347 4097 2472 4138 eum
2518 4087 2683 4136 mise-

1637 4163 1777 4210 runt.
1841 4160 1935 4211 Hic
1969 4161 2017 4210 ei
2041 4159 2271 4224 gladium
2296 4161 2536 4220 donavit,
2576 4173 2683 4223 quo

1641 4235 1935 4285 Centauros
1979 4236 2031 4285 in
2066 4248 2126 4287 se
2169 4237 2431 4289 irruentes
2465 4233 2684 4285 interse-
