3234 4975
659 441 781 505 708
1422 443 1680 493 HORATII
1718 443 2056 496 CARMINUM

827 597 957 665 Sed
1002 596 1165 663 alius
1211 597 1405 663 ardor
1449 608 1559 662 aut
1600 597 1857 686 puellae
1902 597 2219 664 candidae

907 721 1032 784 Aut
1073 719 1292 785 teretis
1336 720 1520 806 pueri
1563 718 1824 806 longam
1869 717 2243 785 renodantis
2289 738 2558 785 comam.

786 944 867 993 27.
905 943 1061 993 arbor
1090 945 1146 993 T.
1188 968 1245 980 —
1282 944 1362 994 28.
1398 944 1690 994 redamantis
1718 946 1775 994 T.

645 1159 776 1210 puer
806 1152 855 1196 et
887 1159 1042 1208 quam
1074 1146 1388 1209 perlucidum
1419 1146 1506 1195 tibi
1536 1159 1701 1208 pocu-
1778 1158 1941 1208 quem
1985 1157 2413 1196 commemorare
2459 1143 2582 1197 nihil
2633 1147 2827 1196 attine-

652 1221 757 1269 lum
787 1221 1049 1283 porrigat,
1101 1233 1203 1268 non
1241 1220 1363 1268 sitis,
1425 1220 1699 1269 Contraria
1777 1218 1896 1281 bat,
1951 1232 2077 1269 cum
2114 1217 2543 1282 qualemcunque
2579 1221 2825 1270 ornatum

650 1293 1030 1357 significatione
1080 1292 1320 1343 Valerius
1370 1290 1589 1344 Flaccus
1629 1295 1661 1343 ὅ
1683 1331 1695 1354 ,
1774 1293 2072 1356 significare
2105 1292 2259 1356 longe
2292 1295 2606 1358 praestaret.
2661 1296 2825 1343 Prae—

652 1366 767 1416 380.
804 1367 1028 1416 Dianam
1048 1367 1345 1416 modulam
1358 1366 1616 1428 pharetris
1638 1380 1700 1416 ac
1773 1370 1922 1417 terea
1956 1368 2219 1430 repugnat
2251 1365 2485 1429 analogia
2520 1381 2571 1417 v.
2605 1367 2827 1430 religare

645 1453 773 1502 paco
802 1441 1049 1503 merrtem
1079 1441 1259 1500 vocat,
1298 1453 1434 1502 quae
1469 1438 1625 1490 solvit
1646 1441 1699 1489 et
1772 1442 1951 1490 crines.
2008 1439 2121 1502 (Od.
2160 1441 2216 1501 4,
2253 1441 2315 1500 5,
2367 1439 2416 1490 4.
2476 1441 2533 1500 2,
2590 1441 2643 1490 Η
2669 1479 2681 1501 ,
2734 1440 2819 1491 24.

653 1513 902 1578 deposuit
934 1515 1160 1565 humero
1193 1515 1518 1579 pharetram.
1588 1516 1699 1564 Nec
1773 1514 1834 1574 4,
1873 1514 1928 1563 Η
1954 1552 1965 1573 ,
2002 1513 2073 1575 5.)
2113 1511 2225 1563 Alia
2260 1527 2348 1563 res
2383 1516 2467 1564 est
2498 1513 2593 1563 Od.
2631 1512 2689 1573 4,
2729 1514 2819 1574 ⁴0,

652 1591 832 1639 tamen
865 1592 1151 1653 propterea
1187 1601 1311 1639 cum
1345 1587 1458 1638 aliis
1493 1589 1579 1638 hic
1603 1602 1699 1638 ex·
1773 1587 1844 1648 3.,
1882 1587 1976 1636 ubi
2010 1587 2078 1637 de
2115 1588 2313 1649 comis,
2351 1601 2481 1648 quae
2511 1601 2643 1636 nunc
2676 1588 2823 1637 invo-

649 1660 879 1726 plicem:
941 1660 1233 1713 «solventis
1285 1674 1562 1720 comam3»
1609 1665 1699 1710 ut·
1772 1662 1919 1710 litant
1967 1660 2206 1721 humeris,
2265 1660 2524 1724 praedicit
2572 1660 2709 1722 fore,
2766 1665 2825 1710 ut

650 1737 776 1799 pote
812 1736 902 1798 qui
937 1735 1187 1786 naturalis
1222 1748 1410 1786 comae
1439 1735 1571 1786 situs
1605 1736 1693 1795 eit,
1773 1732 2058 1798 aliquando
2093 1736 2423 1786 resecentur.
