3234 4975
677 359 799 421 736

1567 623 1578 640 ⁸
1668 633 1700 663 ο

1481 363 1604 411 HOR
1613 362 1735 411 ΑΤΙΙ
1774 363 2030 413 EPODON

1368 814 1840 877 cm
1899 817 2171 880 xm

929 985 1062 1050 lam
1107 985 1232 1049 iam
1276 982 1518 1049 efficaci
1564 983 1651 1048 do
1696 1005 1924 1049 manus
1969 984 2309 1060 scientiae,

928 1104 1212 1192 Supplex
1257 1114 1320 1169 et
1364 1124 1480 1170 oro
1528 1125 1727 1189 regna
1772 1126 1888 1190 per
1932 1106 2390 1192 Proserpinae,

924 1230 1049 1293 Per
1092 1237 1158 1292 et
1198 1225 1443 1291 Dianae
1488 1244 1616 1289 non
1662 1223 1979 1289 movenda
2023 1226 2321 1300 numina,

928 1349 1053 1413 Per
1096 1358 1290 1434 atque
1336 1345 1536 1410 libros
1580 1344 1936 1410 carminum
1982 1344 2331 1411 valentium

802 1538 952 1586 XVII.
1006 1537 1170 1585 Inscr.
1208 1531 1344 1595 volg.
1399 1533 1474 1581 Aci
1507 1533 1787 1582 Canidiam.
1849 1556 1902 1566 —
1963 1533 2131 1596 Fingit
2178 1546 2231 1582 se
2264 1533 2506 1583 Canidiae
2538 1536 2780 1598 veneficiis

739 1616 1048 1673 super-alm.
1087 1608 1379 1671 alleyoricos
1412 1608 1711 1669 deprecatur
1747 1610 1802 1655 u!
1834 1605 1926 1653 sibi
1950 1611 2139 1667 parcat
2171 1607 2261 1655 Bc.
2304 1634 2357 1643 —
2397 1609 2512 1656 Om.
2547 1609 2603 1657 T.
2669 1610 2779 1670 (vv.

741 1686 878 1735 4-52
913 1687 966 1734 in
999 1685 1039 1734 B
1073 1682 1303 1743 desunt.)

738 1851 890 1901 XVII.
949 1852 1149 1901 Rursus
1199 1847 1487 1899 salsissime
1535 1848 1721 1897 irridet

670 1924 946 1974 Canidiam
983 1923 1300 1985 (Gratidiam)
1337 1935 1523 1984 sagam
1557 1925 1717 1984 atque

669 2001 845 2048 semet
888 1999 1064 2060 ipsum
1109 1995 1312 2046 artibus
1348 1996 1463 2045 eius
1499 1996 1719 2057 magicis

670 2072 895 2136 petitum
929 2073 984 2120 et
1016 2070 1188 2120 saevis
1213 2068 1536 2119 cruciatibus
1560 2069 1629 2118 ab
1655 2083 1717 2119 ea

671 2145 923 2195 affectum
973 2144 1206 2206 fingenS,
1260 2147 1321 2193 ut
1352 2142 1452 2193 sibi
1489 2144 1594 2192 iam
1631 2155 1721 2192 sa-

669 2219 737 2268 tis
770 2217 1070 2282 perdomito
1101 2217 1321 2270 tandem
1345 2219 1558 2281 pareat,
1595 2228 1721 2279 sup·

670 2290 790 2356 plex
849 2292 1114 2342 inimicam
1171 2294 1286 2340 orat
1344 2294 1398 2339 et
1447 2290 1714 2340 obsecrat.

671 2366 888 2429 Reliqua
914 2366 1163 2416 carminis
1186 2378 1348 2415 scena
1373 2378 1471 2429 per
1493 2378 1552 2413 se
1576 2363 1717 2413 clara

672 2442 771 2491 est.
841 2442 1002 2492 Recte
1032 2443 1214 2491 autem
1239 2439 1549 2501 Doeriugius
1573 2437 1719 2488 refu—

670 2519 801 2567 tavit
833 2513 1331 2574 Mitscherlichium,
1387 2514 1476 2577 qui
1520 2514 1718 2562 Varum

673 2589 857 2653 (Epod.
899 2590 968 2649 5.)
1016 2588 1102 2637 hic
1151 2587 1294 2650 loqui
1346 2589 1590 2651 opinatus
1637 2587 1720 2635 est

671 2676 842 2727 usque
888 2662 956 2712 ad
995 2655 1053 2711 'v.
1089 2663 1171 2711 52.
1234 2663 1479 2720 «Nam»,
1518 2660 1715 2723 inquit,

672 2739 761 2786 «ut
810 2735 935 2785 nihil
987 2735 1054 2786 de
1095 2750 1146 2785 ν.
1190 2735 1285 2785 39;
1343 2736 1445 2784 sivo
1490 2733 1720 2782 movidaci

669 2811 787 2871 lyra
825 2811 960 2859 Voles
990 2810 1164 2859 sonari
1197 2808 1398 2867 dicam,
1447 2806 1718 2871 quomodo

671 2882 923 2934 ridiculus
947 2883 1031 2933 ille
1057 2897 1222 2933 senex
1243 2883 1414 2932 Varus
1430 2896 1516 2931 vv.
1539 2880 1714 2931 42-44.

670 2970 728 3007 se
764 2969 889 3007 cum
923 2958 1225 3007 Stesichoro
1268 2969 1580 3019 comparare
1620 2969 1719 3018 po-

671 3032 838 3080 tuit‘h
865 3033 967 3080 cet.
997 3031 1272 3080 «Omnium
1299 3030 1597 3093 epodorum
1621 3033 1721 3078 no-

668 3104 918 3154 vissimus
952 3103 1080 3151 mihi
1125 3102 1337 3152 videtur
1381 3116 1526 3163 esse,
1583 3104 1720 3153 scri—

669 3180 790 3241 ptus
814 3189 862 3225 a.
900 3176 1111 3225 circiter
1144 3175 1292 3225 724.»
1329 3177 1544 3225 Fanni-3.
1583 3178 1717 3226 Item

669 3249 1021 3300 Walckenaer
1076 3251 1113 3299 1.
1174 3263 1226 3314 p.
1282 3250 1409 3300 468:
1470 3249 1715 3300 der-niem.

670 3326 806 3374 Sane
861 3324 1007 3387 prius
1050 3324 1377 3386 compositus
1417 3326 1499 3374 est
1547 3325 1715 3389 Epod.

669 3400 718 3448 5.
757 3400 812 3447 et
850 3399 955 3447 Sat.
985 3399 1044 3457 4,
1081 3398 1129 3447 8.
1171 3397 1472 3459 (Grotesend
1496 3399 1549 3448 et
1571 3397 1720 3447 Wal-

671 3474 904 3522 ckenaer
937 3486 987 3521 a.
1015 3473 1152 3533 7⁴5„
1191 3472 1448 3522 Kirchner
1488 3486 1535 3522 a.
1575 3474 1713 3533 722,

669 3547 944 3597 weichert
989 3559 1037 3595 a.
1075 3546 1188 3595 729.
1258 3547 1491 3609 Tempus
1541 3547 1718 3609 ipsum

668 3624 853 3684 utique
889 3621 1151 3670 incertum
1186 3620 1304 3681 est.)

735 3697 845 3745 4-5.
882 3696 945 3744 do
977 3694 1173 3757 manus]
1210 3696 1347 3744 Dant
1379 3707 1572 3744 manus
1595 3707 1720 3758 pro-

667 3770 809 3833 prie,
846 3770 936 3832 qui
971 3780 1161 3818 manus
1183 3781 1307 3818 suas
1338 3769 1524 3818 victori
1557 3782 1719 3831 prae-

666 3842 802 3892 bent
830 3842 1171 3901 vinciendas;
1210 3842 1333 3893 hinc
1368 3844 1451 3892 est
1488 3842 1716 3892 «cedere

670 3919 724 3965 et
757 3916 908 3966 fateri
944 3930 1003 3966 se
1040 3918 1341 3967 inferiorem
1371 3929 1543 3967 esse.»
1607 3916 1713 3967 Cfr.

668 3992 881 4040 Lucret.
907 3991 964 4052 2,
1004 3990 1124 4041 ⁴044
1150 4005 1160 4039 :
1211 3992 1348 4041 Dedo
1377 4003 1593 4049 manu-u
1629 3996 1719 4040 aut

667 4066 710 4114 si
728 4065 916 4128 falsum
930 4069 1019 4125 est,
1043 4066 1305 4129 accingere
1321 4070 1516 4116 contra.
1545 4067 1716 4115 Etiam

669 4143 720 4189 in
764 4138 998 4204 pedestri
1041 4142 1298 4191 oratione.
1360 4141 1469 4191 Cic.
1509 4140 1576 4190 ad
1611 4141 1712 4189 Att.

668 4217 727 4275 2,
765 4215 854 4264 22:
893 4214 1058 4265 aiebat
1104 4214 1246 4264 illum
1274 4215 1443 4277 primo
1473 4228 1593 4265 sano
1632 4215 1719 4264 diu

1791 1848 1953 1897 multa
1984 1853 2190 1909 contra,
2241 1850 2311 1897 ad
2354 1854 2637 1900 &uranum
2677 1854 2846 1899 autom

1791 1934 1974 1971 manus
2029 1923 2229 1971 dedisse.
2296 1951 2349 1958 —
2407 1937 2507 1972 non
2560 1925 2842 1985 movenda]

1794 2008 1942 2044 «non
1990 1993 2253 2045 laedenda
2304 2009 2479 2059 neque
2537 1997 2840 2058 irritanda»,

1792 2064 2071 2133 ἀκίνητα,
2124 2067 2462 2119 translatione
2515 2070 2585 2120 ab
2635 2073 2697 2121 iis
2743 2072 2843 2121 de-

1793 2145 2033 2205 sumpta,
2086 2144 2176 2204 qui
2210 2143 2431 2206 profano
2475 2143 2637 2194 modo
2673 2145 2841 2194 simu—

1792 2214 1935 2265 lacra
1969 2214 2192 2265 deorum
2229 2216 2347 2267 loco
2383 2231 2482 2267 suo
2519 2221 2733 2268 movent
2756 2218 2839 2268 vel

1793 2290 1953 2339 etiam
1973 2288 2241 2340 deiiciunt.
2272 2290 2464 2352 (Schol.
2478 2290 2607 2341 Plat.
2622 2292 2839 2342 Theaet.

1791 2377 1911 2429 pag.
1955 2364 2052 2413 900
2092 2362 2158 2423 b,
2204 2363 2295 2414 ⁴4:
2349 2357 2439 2414 ὅτι
2483 2361 2569 2429 μὴ
2610 2363 2702 2415 δεῖ
2737 2359 2841 2431 ἕδη

1789 2435 1938 2503 μηδὲ
1968 2432 2209 2502 βωμοὺς
2240 2441 2418 2487 κινεῖν
2451 2432 2491 2504 ἢ
2531 2435 2756 2503 τάφους
2801 2434 2845 2505 ἢ

1792 2504 2008 2583 ὅρους.)
2036 2537 2091 2547 -
2119 2513 2433 2576 Proserpina
2457 2516 2512 2563 et
2531 2514 2697 2563 Diana
2722 2516 2845 2577 (He-

1791 2586 1926 2649 cate)
1951 2587 2289 2649 potissimum
2311 2590 2691 2648 memorantur,
2718 2589 2841 2651 quia

1790 2662 1916 2710 sunt
1956 2660 2173 2710 numina
2214 2659 2511 2710 Inierorum
2558 2674 2623 2710 ac
2658 2675 2843 2729 maga-

1791 2746 1941 2794 rum,
1980 2733 2124 2783 unde
2161 2738 2447 2797 praeerant
2478 2736 2644 2786 sacris
2678 2738 2844 2799 magi-

1793 2807 1886 2856 cis.
1958 2808 2064 2857 Cir.
2102 2808 2262 2857 etiam
2297 2810 2357 2857 A.
2386 2811 2441 2858 Ρ.
2468 2807 2582 2859 454.
2620 2835 2675 2845 -
2704 2811 2843 2869 Quo-

1794 2880 1955 2930 modo
1986 2881 2205 2931 Bothius
2242 2883 2293 2931 in
2328 2883 2422 2931 Per
2443 2888 2594 2945 atque
2614 2885 2839 2933 haerere

1793 2958 1848 3005 et
1894 2957 1988 3004 Per
2036 2960 2179 3015 teque
2225 2968 2527 3019 proponere
2580 2959 2836 3021 potuerit,

1792 3030 1879 3078 vix
1914 3027 2230 3092 intelligitur.
2262 3056 2318 3065 --
2344 3030 2650 3092 carminum]
2684 3030 2832 3080 Ovid.

1792 3104 1909 3152 Am.
1937 3104 1997 3163 2,
2037 3104 2093 3162 4,
2131 3102 2220 3152 23:
2261 3103 2504 3153 cannino
2533 3105 2839 3168 sanquineae

1793 3177 2039 3226 deducunt
2069 3189 2264 3225 cornua
2302 3178 2475 3227 Lunae
2504 3178 2569 3227 Et
2598 3185 2835 3228 revocant

1790 3252 1958 3299 niveos
1988 3251 2118 3299 Solis
2148 3251 2308 3299 emitis
2339 3264 2505 3312 equos.
2548 3279 2603 3287 —-
2639 3252 2832 3316 Reli-va]

1792 3326 1923 3374 Sunt
1980 3324 2133 3386 quasi
2178 3323 2314 3373 fixae
2358 3325 2410 3375 in
2467 3322 2617 3375 caelo
2653 3325 2837 3376 stellae

1793 3397 1937 3460 (Plin.
1964 3398 2026 3447 H.
2052 3398 2113 3446 N.
2142 3399 2198 3453 2.
2236 3398 2293 3447 8:
2349 3399 2555 3461 Sidera,
2594 3412 2722 3461 qim
2754 3401 2838 3464 as-

1785 3474 1899 3535 tiaea
1939 3472 2159 3520 ‹ti-vimus
2194 3474 2395 3521 mundo.
2408 3473 2466 3537 );
2526 3473 2836 3525 devocando

1789 3546 1946 3608 igitur
1965 3547 2272 3609 religantur,
2310 3546 2546 3597 efficiunt
2567 3561 2752 3612 sagae,
2778 3553 2836 3599 ut

1790 3619 2041 3670 decidant
2084 3619 2153 3669 de
2201 3619 2365 3670 caelo.
2425 3623 2566 3684 V-irg.
2604 3625 2734 3674 Aen.
2771 3625 2831 3684 5,

1790 3696 1914 3745 527:
1966 3695 2104 3744 caelo
2146 3709 2236 3745 ceu
2267 3708 2413 3758 saepe
2444 3699 2609 3761 refixa
2652 3698 2837 3747 Trans-

1787 3775 2000 3819 currunt
2048 3770 2330 3832 crinemque
2388 3771 2615 3819 volantia
2669 3772 2837 3821 sidera

1791 3845 1993 3893 ducunt.
2049 3845 2381 3894 Deteriorem
2425 3842 2708 3894 lectionem
2750 3846 2839 3895 de-

1787 3920 1899 3981 fixa
1930 3917 2021 3979 qui
2054 3916 2387 3980 praeferunt,
2425 3919 2840 3981 interpretantur

1790 3990 1874 4041 vel
1912 3991 2097 4040 «affixa
2141 3989 2351 4051 caelo,»
2386 3990 2468 4042 vel
2506 3989 2836 4055 «δεδεμένα,

1792 4065 2199 4117 incantamentis
2232 4065 2439 4130 ligata.»

1858 4140 1905 4190 6.
1934 4141 1981 4189 7.
2019 4141 2220 4190 vocibus
2240 4141 2457 4205 -sacn'sJ
2486 4138 2836 4191 «carminibus

1791 4214 2027 4279 magicis.
2039 4233 2062 4259 υ
2081 4244 2133 4251 -
2159 4216 2416 4278 Citwnque
2426 4220 2561 4265 retro
2570 4212 2715 4277 solve]
2734 4214 2835 4262 nita
