3234 4975
651 385 773 450 ’104

1416 387 1671 437 HORATII
1708 385 2044 436 CARMINUM
2093 434 2095 437 ,

1149 542 1255 610 Sic
1300 543 1623 630 geminant
1667 540 2069 629 Corybantes
2114 561 2297 617 aera,

955 696 1218 769 'Tristes
1262 711 1330 766 ut
1371 701 1537 776 irae,
1584 720 1749 788 quas
1792 719 2006 788 neque
2048 699 2318 765 Noricus

982 825 1278 889 Deterret
1319 822 1494 889 ensis
1536 840 1657 888 nec
1699 841 1876 887 mare
1918 821 2296 909 naufragum

1064 947 1196 1011 Nec
1237 963 1472 1009 saevus
1517 943 1681 1029 ignis
1724 962 1847 1009 nec
1886 942 2221 1009 tremendo

783 1175 828 1223 8.
868 1173 923 1223 Si
955 1170 1121 1221 Bentl.
1161 1172 1297 1220 coni.
1338 1172 1392 1220 et
1426 1169 1557 1220 ms.
1601 1197 1655 1204 —-
1693 1169 1742 1217 9.
1778 1169 1893 1219 Irae
1925 1171 2109 1233 Unger.

652 1350 800 1400 Galli.
851 1347 1183 1412 Corybantes
1208 1362 1238 1398 e
1271 1348 1445 1411 poetis
1484 1346 1693 1396 dumta-

650 1426 740 1474 xat
771 1426 991 1474 noverat
1024 1425 1077 1473 et
1111 1436 1176 1474 ex
1205 1421 1433 1473 Platonis
1463 1422 1587 1470 Ione
1633 1433 1685 1483 p.

650 1498 764 1549 533.
803 1500 871 1548 E:
917 1512 1129 1583 &most-sp
1170 1498 1232 1547 οἱ
1245 1491 1691 1583 κορυβαντιῶν-

649 1586 741 1634 τες
775 1565 885 1623 οὐκ
917 1565 1207 1641 ἔμφρονες
1239 1565 1402 1633 ὄντες
1441 1563 1692 1640 ὀρχοῦν-

651 1640 966 1721 1.,οὕτω
999 1649 1101 1697 καὶ
1133 1648 1196 1697 οἱ
1222 1645 1542 1712 μελοποιοί.
1612 1646 1691 1695 De

653 1722 1046 1785 Corybantibus
1094 1736 1145 1771 v,
1192 1722 1402 1773 Lobeck
1436 1719 1689 1785 Aglaoph.

650 1809 703 1860 p.
733 1796 829 1848 544
858 1800 912 1846 et
941 1797 1054 1847 546.
1114 1797 1364 1847 Ceterum
1397 1796 1527 1846 Attis
1550 1793 1693 1860 apud

654 1870 839 1922 Catuli.
861 1872 922 1922 63
941 1871 1056 1935 (64),
1081 1872 1156 1922 ⁴9:
1176 1872 1322 1921 simul
1334 1872 1418 1931 ite,
1436 1870 1696 1933 sequimini

651 1946 923 2009 Phrygiam
954 1948 1023 1997 ad
1052 1947 1252 1996 domum
1283 1946 1506 2007 Cybebes,
1539 1946 1697 2006 Phry-

650 2021 741 2084 ρία
772 2023 841 2069 ad
870 2034 1077 2070 nemora
1107 2022 1258 2082 deae,
1298 2022 1386 2070 Ubi
1415 2021 1695 2082 cymbalum

651 2099 811 2159 sonat
824 2110 954 2157 vooe,
988 2096 1072 2145 ubi
1097 2100 1337 2157 tympana
1357 2096 1565 2145 reboant
1587 2096 1689 2144 cet.

651 2170 870 2220 Nonnus
892 2171 941 2230 8,
978 2169 1096 2220 387:
1125 2167 1445 2235 Κυβηλίδος
1479 2163 1695 2239 ὄργανα

646 2235 828 2308 Ρείης
926 2241 1211 2309 Κύμβαλα
1307 2241 1690 2304 χαλκεόνωτα.

656 2317 924 2370 Markland
975 2320 1045 2370 ad
1078 2322 1204 2371 Stat.
1242 2319 1363 2371 Silv.
1401 2322 1451 2380 5,
1488 2322 1539 2381 2,
1579 2319 1691 2369 434.

655 2394 832 2445 minus
871 2397 993 2459 apte
1040 2408 1166 2445 aera
1203 2394 1270 2444 de
1318 2393 1497 2458 clipeis
1530 2407 1696 2457 expo-

656 2470 788 2530 suit,
839 2472 901 2520 ut
926 2472 1008 2521 est
1038 2470 1180 2534 apud
1210 2471 1455 2521 Nonnum
1484 2470 1533 2530 9,
1572 2470 1691 2520 462ε

654 2543 934 2614 τροχαλοὶ
979 2543 1345 2633 Κορύβαντες
1386 2573 1416 2583 -
1449 2574 1481 2585 -
1525 2541 1698 2609 ξίφεα

656 2621 1027 2680 κτυπέεσκον,
1053 2619 1398 2691 αμοιβαιῃσι
1420 2614 1534 2670 δὲ
1504 2625 1697 2690 ριπαῖς

657 2690 915 2758 Ἀσπίδας
937 2694 1291 2766 ἐκρούσαντο
1313 2693 1697 2766 κυβιστητῆρι

654 2766 888 2839 σιδήρῳ.
937 2771 1084 2821 Ovid.
1112 2773 1248 2821 Fast.
1274 2770 1323 2832 4,
1349 2771 1472 2821 209:
1515 2770 1697 2836 (prope

656 2846 840 2896 lovem
872 2846 1140 2909 infantem)
1180 2848 1307 2896 Pars
1338 2847 1518 2908 clipeos
1557 2839 1699 2895 ‘sudi-

657 2918 773 2981 bus,
803 2921 976 2982 yaleas
996 2935 1123 2982 pars
1152 2922 1315 2970 tundit
1344 2923 1546 2971 inanes:
1595 2923 1700 2971 Hoc

657 2993 857 3043 Curetes
886 2995 1081 3054 habent,
1113 2996 1204 3044 hoc
1228 2996 1528 3056 Corybantes
1547 3009 1698 3058 opus,·

656 3080 849 3117 verum
880 3069 1057 3119 statim
1084 3082 1135 3118 v.
1167 3070 1256 3119 244
1280 3083 1292 3117 t
1317 3071 1568 3132 priscique
1588 3071 1703 3119 imi-

656 3143 852 3191 tamina
869 3142 993 3205 facti
1021 3143 1060 3193 A
1075 3157 1185 3193 era
1215 3146 1336 3193 deae
1361 3147 1559 3194 comites
1578 3159 1703 3194 rau-

657 3228 816 3277 caque
857 3221 1000 3280 ter-qa
1044 3224 1266 3268 movent.-
1328 3219 1565 3280 Cymbala
1600 3233 1701 3281 pro

658 3290 847 3354 auleis,
893 3306 990 3353 pro
1031 3294 1183 3342 scutis
1211 3299 1452 3356 tympana
1479 3296 1698 3357 pulsant.

660 3365 765 3414 Cl'r.
804 3365 1043 3417 Philostr.
1076 3367 1169 3431 Ep.
1199 3370 1276 3418 45.
1301 3383 1353 3432 p.
1382 3371 1429 3419 6.
1457 3371 1696 3419 Boisson.

655 3440 783 3490 Voc.
817 3444 996 3491 autem
1030 3456 1156 3492 aera
1176 3443 1485 3507 simpliciter
1502 3443 1700 3508 clipeos

658 3516 954 3578 significare
995 3517 1082 3566 vix
1120 3519 1311 3580 potest.
1383 3518 1701 3583 Hyperboli-

659 3603 779 3641 cam
823 3594 1002 3641 autem
1049 3592 1338 3662 εἰρωνείαν
1370 3594 1459 3656 qui
1504 3594 1556 3643 in
1595 3594 1700 3643 boc

658 3665 776 3715 loco
808 3679 1100 3729 agnoscere
1132 3681 1238 3717 non
1258 3670 1563 3731 potuerunt,
1590 3668 1699 3718 suis

657 3742 1178 3804 interpretationibus
1217 3743 1412 3792 misere
1447 3756 1566 3794 eam
1600 3756 1700 3792 ve-

655 3819 863 3865 xarunt.
939 3844 993 3853 —-
1061 3816 1332 3882 pemittant]
1418 3818 1703 3880 Comparat

658 3889 826 3939 Bentl.
866 3891 1016 3939 Lucr.
1042 3893 1091 3952 Ξ,
1119 3892 1240 3941 635;
1280 3892 1402 3941 Cum
1426 3892 1575 3953 pueri
1603 3892 1702 3939 cir-

657 3978 774 4014 cum
795 3977 1012 4026 puerum
1049 3967 1254 4026 pernice
1289 3967 1469 4015 chorea
1503 3967 1703 4016 Ama-ti

659 4041 712 4089 in
744 4051 1008 4088 numerum
1031 4039 1291 4100 pulsarent
1322 4041 1521 4091 aer-ibus
1554 4054 1696 4092 aera.

661 4112 900 4177 Cybelen
945 4125 1069 4162 cum
1126 4113 1427 4177 Corybante
1471 4115 1595 4166 vide
1649 4117 1698 4166 in

662 4187 896 4239 Gerhard
926 4192 1030 4238 aaa.
1061 4188 1237 4238 Bildw.
1274 4190 1332 4238 T.
1365 4190 1512 4240 XXII.

725 4266 773 4314 9.
816 4264 892 4313 40.
934 4265 1112 4314 Tristes
1136 4267 1193 4313 ue
1219 4264 1346 4329 irae]
1384 4266 1701 4317 «vehemen-

1766 1346 1835 1395 tia
1879 1359 1943 1396 ac
1994 1346 2169 1397 furore
2214 1361 2313 1398 suo
2350 1349 2643 1412 perniciem
2676 1349 2808 1400 affe-

1766 1422 1994 1481 rentes»,
2031 1422 2090 1469 ut
2120 1421 2263 1485 Virg.
2294 1423 2425 1474 Aen.
2459 1425 2508 1484 2,
2541 1423 2661 1474 337:
2711 1426 2809 1473 tri-

1764 1495 1852 1543 stis
1895 1495 2097 1558 Erinys.
2149 1496 2211 1546 V.
2253 1497 2366 1547 irae
2401 1500 2622 1562 propter
2651 1511 2803 1562 seqq.

1768 1568 2021 1631 imagines
2069 1570 2316 1622 sensibus
2360 1571 2630 1623 subiectas
2677 1587 2808 1625 sane

1766 1643 1972 1693 accedit
2020 1645 2088 1695 ad
2141 1649 2615 1715 προσωποποιὶαν
2634 1685 2648 1707 ,
2710 1647 2808 1699 sed

1768 1729 1892 1768 eum
1912 1720 2025 1769 irae
2055 1721 2201 1783 ipsae
2234 1720 2320 1770 hic
2355 1734 2548 1786 eorpus
2577 1737 2684 1774 non
2724 1724 2808 1772 in-

1767 1792 1959 1854 duant,
2011 1796 2070 1843 ut
2110 1794 2253 1858 apud
2285 1796 2506 1846 Statium
2540 1797 2704 1848 Theb.
2754 1799 2806 1859 2,

1766 1869 1890 1920 287:
1945 1871 2128 1919 Luctus
2171 1875 2219 1919 et
2262 1872 2406 1931 Irae‚·
2451 1872 2501 1932 4,
2549 1873 2673 1923 66⁴:
2720 1875 2810 1923 Ira

1765 1943 2055 2005 Furorque,
2112 1944 2253 1995 nolui
2292 1945 2531 1997 scribere
2577 1949 2709 1997 Irae.
2751 1976 2806 1985 -

1765 2019 2006 2067 Noricum
2018 2018 2233 2081 ferrum,
2256 2021 2401 2083 quod
2419 2024 2814 2085 eratpraestan-

1768 2093 2029 2143 tissimum
2047 2132 2058 2151 ‚
2094 2106 2308 2155 rursuS,
2344 2098 2403 2145 ut
2429 2110 2574 2146 mare
2585 2097 2812 2146 Hadria-

1767 2182 1916 2228 num,
1958 2170 2163 2232 poetice
2197 2182 2295 2232 pro
2330 2172 2518 2233 quovis
2553 2171 2711 2222 ferro.
2752 2198 2807 2209 —-

1767 2244 2010 2307 Deterret]
2043 2258 2074 2293 a
2101 2243 2343 2294 violentis
2378 2245 2715 2297 facinoribus.
2747 2272 2801 2281 —

1768 2318 2093 2382 naufragum]
2128 2321 2398 2372 transitive
2431 2319 2574 2384 apud
2600 2321 2804 2385 poetas.

1770 2393 1854 2441 Sic
1886 2393 2025 2456 Virg.
2059 2396 2187 2444 Aen.
2221 2395 2281 2456 3,
2312 2395 2436 2446 553:
2484 2395 2812 2458 uam'frapum

1769 2468 2074 2529 Scylaceum.
2143 2469 2326 2521 Tibull.
2359 2472 2409 2532 2,
2446 2469 2495 2532 4,
2530 2471 2619 2520 4οῑ
2672 2470 2814 2520 Nau-

1766 2543 1923 2607 fraqa
1942 2569 1966 2580 -
1984 2570 2010 2581 -
2028 2546 2168 2595 unda
2195 2547 2370 2596 maris.

1837 2637 1915 2686 44.
1958 2635 2105 2701 tynis]
2149 2651 2255 2687 non
2301 2636 2368 2688 de
2418 2637 2634 2688 fulmine
2669 2639 2811 2688 acci-

1770 2710 2057 2774 piendum,
2110 2712 2207 2762 sed
2241 2712 2440 2763 dictum
2475 2715 2557 2763 est
2589 2715 2649 2762 ut
2675 2713 2806 2777 Epp.

1773 2788 1819 2845 4
1851 2788 1896 2844 4
1926 2786 2015 2838 46
2061 2801 2366 2850 permare,
2406 2787 2814 2850 pauperiemm-

1770 2861 1924 2924 piens,
1953 2876 2051 2925 per
2075 2877 2226 2924 saxa
2255 2876 2351 2925 per
2388 2864 2540 2926 ignes.
2603 2863 2708 2912 Sat
2758 2862 2805 2923 4,

1774 2936 1821 2996 4,
1850 2937 1939 2986 39:
1974 2938 2121 3000 ignis,
2160 2951 2320 2998 mare,
2354 2939 2565 3001 ferrum.
2615 2938 2720 2985 Sat.
2757 2936 2807 2994 2,

1773 3009 1820 3069 3,
1858 3010 1951 3061 54:
1998 3016 2054 3060 ut
2080 3013 2234 3075 tynae,
2275 3013 2334 3061 Ut
2362 3025 2513 3074 rupes
2541 3012 2815 3077 fluviosque

1772 3085 1825 3134 ὗη
1855 3098 2032 3148 campo
2067 3085 2260 3136 obstare
2289 3092 2546 3149 queratur.

1839 3189 1918 3238 42.
1977 3184 2144 3252 «Ζεὺς
2185 3186 2538 3256 καταιβάτης
2574 3182 2812 3255 (μαιμά-

1773 3263 1935 3328 κτης)
1978 3276 2076 3326 per
2120 3267 2409 3315 tonitruum
2458 3265 2717 3327 fragorem
2757 3263 2810 3312 in

1773 3339 1941 3388 terras
1978 3339 2210 3401 irruens,
2254 3341 2548 3404 impetuose
2582 3339 2813 3389 descen-

1774 3411 1965 3462 denS.»
2037 3414 2140 3463 Cir.
2188 3414 2351 3479 Epod.
2396 3415 2485 3474 43,
2527 3416 2586 3463 2:
2634 3412 2813 3461 imbros

1772 3489 2015 3549 Nivesque
2043 3489 2287 3539 deducunt
2317 3490 2493 3539 Iovevn.

1841 3590 2014 3641 43-46.
2035 3585 2305 3655 Ὀβελίζει
2325 3592 2426 3642 hos
2448 3604 2532 3640 vv,
2556 3590 2615 3639 H.
2638 3588 2813 3639 Peerl-

1772 3666 1950 3729 kamp,
1983 3680 2145 3730 quem
2175 3681 2280 3717 non
2312 3668 2487 3715 tamen
2523 3666 2636 3715 sine
2676 3677 2811 3728 qua-

1773 3739 1897 3790 dam
1912 3744 2152 3793 cautione
2170 3742 2406 3804 sequitur
2424 3740 2648 3801 Liibker,
2673 3739 2812 3788 miro

1773 3817 2017 3867 acumine
2069 3815 2368 3879 significans
2425 3814 2566 3864 hunc
2619 3810 2812 3877 μῦθον

1775 3892 2129 3943 Christianum
2190 3890 2417 3955 prodere
2481 3888 2811 3939 versificato-

1773 3979 1907 4016 rem.
1980 3965 2303 4016 construunt
2352 3961 2614 4013 nonnulli:
2666 3964 2814 4012 «Pro-

1771 4042 1985 4091 metheus
2015 4046 2216 4091 coactus
2261 4038 2607 4102 (necessitate)
2652 4038 2814 4100 fertur

1771 4119 1955 4167 addere
1993 4119 2093 4166 cet.
2130 4121 2177 4165 et
2215 4114 2404 4178 (atque)
2456 4113 2807 4175 apposuisse».-

1772 4194 1831 4241 ut
1863 4193 1947 4241 est
1973 4189 2067 4239 od.
2106 4190 2155 4250 3,
2181 4190 2263 4250 20,
2291 4190 2376 4238 44;
2408 4189 2629 4250 posuisse
2651 4187 2816 4249 fertur

1772 4271 1817 4316 et
1850 4278 2093 4315 recreare.
2132 4266 2366 4328 Propert.
2406 4262 2454 4324 3,
2488 4261 2568 4323 44,
2606 4261 2696 4312 49ι
2733 4261 2819 4311 Iu-

2725 806 2899 887 ω’
