3234 4975
1148 543 1357 610 Findit
1397 542 1679 631 Aprilem
1703 595 1717 620 ,

1391 388 1652 439 HORATu
1688 387 2024 438 CARMINUM

976 706 1121 771 lure
1165 702 1493 770 sollemnis
1535 701 1691 767 mihi
1735 701 2147 788 sanctiorque

973 828 1189 891 Paene
1242 823 1428 890 natali
1475 823 1778 911 proprio,
1826 821 2006 910 quod
2048 843 2131 888 ex
2176 821 2298 889 hac

975 947 1148 1012 Luce
1193 946 1532 1011 Maecenas
1575 965 1761 1012 meus
1807 941 2169 1010 adfluentes

1142 1064 1416 1131 Ordinat
1458 1086 1681 1132 annoS.

2722 1067 2806 1130 20

974 1222 1353 1309 Telephum,
1401 1243 1595 1309 quem
1640 1234 1708 1288 tu
1752 1222 1952 1309 petis,
2002 1223 2341 1309 occupavit

973 1346 1114 1409 Non
1156 1352 1306 1409 tuae
1351 1343 1542 1408 sortis
1587 1343 1888 1409 iuvenem
1931 1342 2146 1430 puella

975 1464 1172 1531 Dives
1217 1474 1280 1531 et
1321 1463 1561 1531 lasciva
1603 1474 1910 1552 tenetque
1954 1474 2135 1552 grata

1158 1585 1488 1673 Compede
1531 1586 1832 1652 vinctum.

977 1746 1198 1809 Terret
1241 1742 1575 1810 ambustus
1619 1743 1948 1810 Phaethon
1992 1763 2222 1809 avaras

772 1961 852 2010 ⁴9.
889 1959 1142 2024 affluentes
1170 1958 1270 2008 BT.

642 2147 780 2197 sisse
826 2143 1114 2195 serebatur.
1175 2143 1281 2193 Cir.
1327 2143 1494 2193 Varro
1533 2144 1590 2192 L.
1628 2144 1686 2193 L.

643 2220 675 2270 6
692 2257 704 2278 ,
734 2219 814 2269 33.
854 2216 1098 2269 ed.Miill.
1120 2217 1355 2268 Macrob.
1377 2219 1482 2267 Sat.
1507 2218 1528 2266 4
1553 2256 1566 2277 ,
1589 2218 1651 2267 42
1673 2232 1685 2265 :

639 2294 783 2344 Hanc
830 2294 1026 2344 Romuli
1072 2294 1224 2356 fuisse
1256 2298 1487 2343 assor-tant
1525 2293 1692 2342 ratio-

639 2381 786 2429 nem,
837 2373 893 2417 ut
923 2368 1147 2430 pm'mum
1180 2367 1375 2428 quidem
1407 2379 1623 2416 mensem
1655 2380 1692 2415 a

633 2448 786 2506 patro
805 2455 894 2493 suo
909 2444 1102 2504 Marte,
1130 2442 1396 2491 secundum
1413 2440 1477 2490 ab
1499 2440 1692 2490 Aeneae

638 2522 804 2567 matre
842 2519 1021 2567 Venere
1057 2517 1233 2580 (quasi
1268 2516 1336 2565 ab
1371 2509 1562 2585 ἀφρῷ)
1594 2529 1692 2564 no-

642 2592 879 2641 minaret.
948 2589 1117 2639 Varro
1151 2588 1184 2639 l.
1230 2587 1302 2639 l.:
1360 2590 1524 2652 magis
1564 2593 1692 2651 puto

645 2667 864 2726 dictum,
936 2665 1070 2726 quod
1118 2678 1207 2713 ver
1255 2664 1426 2713 omnia
1490 2664 1687 2725 aperit,

642 2739 881 2801 Aprilem.
954 2741 1206 2789 Ceterum
1248 2738 1315 2786 de
1355 2736 1546 2801 Apellis
1580 2738 1691 2786 Ve-

639 2827 771 2864 nere
822 2814 1025 2862 marina
1071 2826 1123 2862 v,
1161 2812 1376 2875 elegans
1426 2813 1689 2862 Leonidae

640 2890 758 2938 Tar.
786 2889 959 2951 Epigr.
984 2887 1141 2937 Anth.
1170 2886 1275 2937 Pal.
1316 2889 1376 2936 11.
1405 2901 1456 2951 p.
1485 2888 1599 2937 680.
1629 2914 1684 2922 —

640 2962 823 3022 Findit]
865 2961 1139 3018 “dividitvu
1185 2964 1243 3010 ut
1276 2962 1451 3024 ipsum
1485 2975 1537 3010 v.
1576 2962 1694 3010 Idus

644 3035 988 3085 deducebant
1020 3035 1089 3084 ab
1113 3036 1330 3097 antiquo
1354 3035 1522 3084 verbo
1546 3037 1695 3084 idua»

642 3122 727 3169 re,
765 3109 820 3158 id
856 3111 973 3169 est,
1034 3109 1267 3159 dividere.
1307 3110 1541 3160 Macrob.
1580 3110 1686 3159 Sat.

644 3184 703 3246 4,
745 3184 824 3233 45.

710 3258 925 3307 47-20.
979 3257 1327 3318 sanctiorque]
1378 3256 1564 3307 Tibull.
1623 3257 1687 3318 4,

643 3334 803 3394 5,⁴:
868 3332 1232 3394 Quimihito,
1287 3331 1540 3393 Cerintho,
1592 3334 1696 3382 dies

643 3407 776 3456 dedit
797 3445 809 3468 ‚
862 3406 941 3455 hic
986 3407 1110 3456 milii
1142 3411 1343 3456 sanctus
1373 3407 1531 3468 Atque
1562 3408 1693 3456 inter

640 3482 790 3545 festos
809 3495 1000 3543 semper
1020 3481 1272 3531 habendus
1293 3482 1402 3531 erit.
1435 3509 1490 3519 —-
1512 3482 1689 3546 Paene]

644 3560 778 3609 «Pro
845 3558 1147 3608 adulatione
1196 3558 1411 3608 vitanda
1460 3559 1688 3621 posuit.»

644 3633 832 3683 Aenon.
889 3635 1013 3683 Sine
1047 3646 1206 3684 causa
1231 3630 1538 3684 scholastici
1562 3646 1694 3682 non-

647 3705 771 3757 nulli
820 3708 923 3757 hoc
974 3710 1248 3770 tamquam
1299 3705 1466 3769 lyrico
1509 3708 1690 3770 generi

645 3781 822 3832 minus
856 3782 1181 3831 conveniens
1215 3781 1599 3843 vituperarunt.
1631 3809 1686 3817 —-

646 3855 886 3919 Ordinat]
941 3859 1014 3906 «A
1056 3856 1230 3919 primo
1276 3854 1363 3904 die
1398 3867 1497 3904 suo
1531 3855 1692 3905 natali

647 3937 869 3980 exorsus
909 3931 1191 3980 Maecenas
1233 3942 1400 3978 annos
1446 3942 1574 3979 suos
1608 3930 1694 3991 af-

643 4005 877 4066 fluente-s,
936 4006 1139 4056 sensim
1185 4003 1287 4055 sibi
1337 4005 1692 4057 succedentes

648 4079 704 4126 et
737 4090 965 4140 quorum
1014 4093 1241 4129 numero
1285 4092 1447 4143 quam
1480 4079 1692 4144 plurimi

649 4153 777 4215 opto
800 4152 1082 4214 accedant,
1121 4154 1307 4204 ordine
1332 4156 1632 4205 numerat.»

714 4227 772 4279 24
802 4253 830 4264 -
851 4226 932 4279 24.
975 4227 1255 4292 Telephum]
1310 4229 1461 4279 ldem
1496 4241 1693 4281 nomen

2725 1746 2810 1809 25

1762 2145 2005 2209 poeticae
2038 2157 2305 2208 personae
2339 2145 2435 2196 Od.
2471 2148 2492 2196 4
2519 2184 2530 2206 ,
2560 2145 2639 2196 43.
2678 2148 2734 2196 et
2755 2147 2806 2207 3,

1765 2219 1874 2280 ⁴9„
1928 2219 2071 2268 unde
2113 2232 2305 2283 magna
2351 2221 2407 2270 et
2449 2218 2643 2271 inutilis
2677 2235 2813 2272 con·-

1763 2295 2022 2344 troversia
2057 2294 2195 2344 inter
2237 2292 2591 2345 scholasticos
2626 2296 2808 2344 exorta

1764 2370 1879 2427 est,
1933 2370 2116 2417 utrum
2154 2381 2293 2418 unus
2335 2369 2588 2432 idemque
2624 2369 2806 2429 fuerit,

1763 2454 1830 2492 an
1865 2442 2005 2504 duo,
2053 2455 2120 2493 an
2157 2449 2266 2493 tres
2302 2442 2533 2502 diversi3
2588 2442 2808 2506 quidam

1764 2530 1829 2565 eo
1865 2518 2025 2566 etiam
2059 2517 2314 2567 audaciae
2349 2531 2667 2581 progressus
2703 2520 2805 2578 est,

1763 2594 1823 2639 ut
1843 2589 2134 2654 Telephum
2167 2604 2265 2654 pro
2300 2591 2422 2641 ficta
2457 2603 2688 2654 persona
2711 2592 2813 2640 ha-

1762 2664 1934 2714 beret.
1995 2665 2248 2714 Ceterum
2281 2663 2649 2715 acerbioribus
2682 2678 2813 2715 sen-

1764 2736 1991 2788 tentiolis
2036 2751 2274 2801 pungere
2309 2737 2603 2800 Phyllidem
2647 2752 2814 2789 cona-

1766 2815 1878 2872 tur,
1926 2825 2033 2875 quo
2077 2810 2294 2875 Telephi
2337 2812 2555 2863 tandem
2591 2812 2812 2863 oblitam

1763 2886 1833 2936 ad
1867 2899 1926 2937 se
1961 2884 2135 2936 solum
2170 2886 2460 2937 amandum
2494 2887 2725 2938 inducat.
2751 2916 2808 2926 —-

1764 2960 2051 3022 occupavit]
2137 2963 2220 3010 «te
2284 2964 2636 3024 praeveniens
2708 2963 2811 3013 sibi

1765 3033 2112 3085 conciliavit.»
2152 3061 2207 3070 —
2250 3036 2364 3085 Non
2396 3041 2513 3086 tuae
2544 3038 2693 3086 sortis
2723 3038 2809 3086 iw-

1762 3110 1949 3170 venem]
1995 3109 2351 3160 «condicionis
2393 3108 2549 3173 longe
2584 3109 2812 3161 nobilio-

1766 3184 1867 3243 ris,
1922 3197 1986 3232 ac
2029 3185 2080 3231 te
2117 3183 2401 3244 ditiorem3
2462 3186 2612 3235 cuius
2655 3186 2812 3248 igitur

1765 3270 2009 3308 amorem
2041 3256 2134 3306 tibi
2156 3256 2394 3320 polliceri
2418 3271 2692 3322 nunquam
2714 3259 2814 3309 de-

1764 3331 1988 3381 bebas»
2025 3331 2109 3381 Sic
2143 3332 2288 3382 enim
2323 3333 2507 3395 iungo,
2545 3346 2650 3382 non
2685 3346 2809 3383 cum

1765 3405 2050 3457 Lambino:
2106 3419 2208 3455 non
2255 3411 2373 3456 tuae
2418 3409 2567 3457 sortis
2602 3407 2810 3469 puella,

1767 3481 1889 3531 «tibi
1926 3479 2080 3530 valde
2115 3480 2384 3531 dissimilis
2416 3479 2537 3532 loco
2561 3519 2572 3540 ,
2610 3495 2689 3543 re,
2726 3495 2816 3544 ge-

1765 3569 1927 3616 nere,
1966 3556 2164 3619 quippe
2199 3556 2383 3605 dives.»

1830 3627 2049 3680 25-27.
2124 3629 2319 3693 Terret]
2393 3630 2605 3692 «Atque
2658 3630 2812 3693 copia

1763 3704 1919 3754 adest
1951 3700 2318 3766 exemplorum
2339 3741 2350 3763 ,
2411 3715 2550 3766 quae
2585 3703 2817 3766 graviter

1766 3793 1864 3831 nos
1898 3779 2188 3838 moneant,
2240 3777 2299 3826 ut
2344 3790 2407 3827 ea
2443 3777 2813 3827 tantummodo

1764 3856 2054 3913 sectemur,
2080 3851 2276 3916 quibus
2298 3852 2440 3900 vires
2463 3849 2814 3914 fortunaeque

1766 3929 1980 3979 nostrae
2003 3939 2163 3991 pares
2191 3926 2319 3983 sint;
2355 3923 2519 3975 veluti
2543 3927 2814 3975 Phaethon

1767 4004 1853 4055 ille
1868 4044 1879 4066 ,
1918 4003 2134 4067 (τυπεὶς
2158 3997 2302 4072 πρὸς
2324 4001 2536 4072 στέρνα
2555 3999 2813 4071 κεραυνῷ

1758 4074 2038 4144 Ἣμιδαὴς
2079 4077 2318 4128 Φαέθων
2364 4075 2532 4140 Apoll.
2559 4077 2727 4127 Rhod.
2755 4076 2804 4137 4,

1769 4153 1904 4215 597.)
1943 4154 2034 4217 qui
2067 4152 2324 4202 ambustus
2356 4149 2632 4210 incendio,
2670 4149 2816 4214 quod

1769 4243 1868 4293 per
1900 4227 2108 4279 caelum
2144 4227 2414 4287 excitavit,
2460 4227 2515 4276 et
2549 4225 2684 4275 lovis
2715 4222 2819 4274 ful-
