3234 4975
703 420 784 483 34

1474 421 1730 472 ΗΟΒΑΤΙῙ
1763 423 2100 475 CARMINUM

1431 900 2102 965 cmm·

818 1072 1096 1139 Solvitur
1137 1071 1306 1139 acris
1350 1071 1555 1140 hiems
1597 1082 1778 1160 grata
1820 1072 1963 1138 vice
2006 1073 2178 1139 veris
2221 1083 2288 1140 et
2331 1075 2597 1152 Favoni,

818 1272 902 1321 IV.
971 1272 1135 1322 inser.
1176 1268 1310 1334 volg.
1380 1269 1457 1321 Aa
1504 1270 1560 1320 1..
1614 1270 1828 1321 Sestium
1877 1272 2204 1322 consularem

754 1359 908 1398 omo
942 1351 1162 1409 tompore
1197 1347 1248 1396 S.
1286 1345 1400 1396 Om.
1437 1345 1494 1395 T.

749 1524 834 1573 IV.
902 1524 1161 1588 Tempus,
1215 1534 1322 1586 quo
1364 1523 1468 1573 hoc
1509 1535 1727 1573 carmen

684 1598 1040 1661 compositum
1073 1598 1169 1656 sit,
1207 1610 1304 1647 nos
1336 1593 1488 1656 latet3
1524 1597 1728 1648 Weber

683 1672 847 1723 refert
874 1672 942 1722 ad
985 1685 1034 1722 a.
1071 1672 1217 1731 745..
1254 1671 1379 1734 quia
1421 1671 1725 1737 Epodorum

683 1746 866 1798 formis
940 1745 1321 1810 posterioribus
1394 1746 1726 1811 temporibus

684 1822 792 1872 iam
824 1835 954 1872 usus
986 1835 1092 1871 non
1127 1821 1218 1879 sit,
1256 1819 1340 1870 alii
1385 1821 1451 1871 ad
1495 1835 1543 1870 a.
1586 1822 1721 1882 748.,

683 1894 966 1946 Grotefend
1000 1895 1068 1945 ad
1102 1908 1150 1945 a.
1187 1895 1310 1955 725,
1354 1894 1621 1960 plerique,
1668 1897 1727 1945 ut

682 1968 1059 2029 Walckenaer,
1108 1968 1178 2019 ad
1221 1982 1270 2019 a.
1318 1969 1463 2030 732.,
1507 1973 1727 2035 propter

684 2044 838 2094 Sestii
871 2043 1218 2094 consulatum.
1290 2045 1603 2108 inscriptum
1644 2046 1726 2094 est

680 2118 737 2168 L.
788 2117 984 2177 Sesti0,
1033 2130 1199 2181 quem
1230 2119 1495 2181 Augustus
1529 2132 1723 2169 consu-

684 2190 792 2242 lem
827 2190 928 2242 sibi
962 2191 1169 2242 suffecit
1202 2206 1251 2242 a.
1289 2192 1403 2242 734.
1470 2189 1726 2243 Λούκιον

678 2259 811 2316 ἄνθ’
853 2262 1064 2317 ἑαυτοῦ
1106 2262 1357 2332 Σήστιον
1403 2261 1720 2330 α’νθειλετο,

679 2334 775 2392 ἀεί
793 2355 857 2391 τε
874 2339 954 2408 τῷ
976 2338 1210 2412 Βρούτῳ
1232 2339 1724 2393 συσπουδάσαντα

679 2416 780 2466 καὶ
801 2414 863 2466 ἐν
885 2413 1029 2466 πᾶσι
1049 2421 1171 2479 τοῖς
1189 2414 1462 2482 πολέμοις
1478 2432 1724 2489 συστρα-

676 2488 962 2543 τεύσαντα
1009 2492 1109 2543 καὶ
1155 2484 1240 2542 ἔτι
1292 2493 1393 2543 καὶ
1439 2488 1572 2543 τότε
1622 2494 1723 2544 καὶ

678 2563 1123 2632 μνημονεύοντα
1145 2560 1326 2617 αὐτοῦ
1359 2567 1460 2617 καὶ
1490 2564 1722 2632 εἰκόνας

678 2633 892 2702 ἔχοντα
923 2642 1024 2692 καὶ
1055 2641 1326 2704 ἐπαίνους
1347 2638 1716 2708 ποιούμενον.

679 2716 778 2768 Dio
813 2717 959 2768 Cass.
998 2716 1079 2778 53,
1118 2716 1198 2767 32.
1240 2717 1418 2781 (quam
1440 2719 1600 2769 animi
1622 2732 1723 2769 no-

675 2789 933 2841 bilitatem
953 2792 1004 2849 iu
1021 2793 1255 2854 Augusto
1272 2792 1545 2855 praedicat
1560 2793 1721 2844 etiam

676 2864 890 2915 Ovidius
911 2865 1062 2915 Tfist.
1102 2867 1148 2925 4,
1186 2864 1235 2926 4,
1271 2866 1352 2916 39.
1391 2868 1446 2916 et
1476 2868 1526 2929 2,
1553 2868 1600 2928 4,
1627 2867 1717 2918 43ε

679 2939 751 2990 Tu
789 2940 988 2988 veniam
1017 2939 1159 3000 parti
1176 2945 1445 3001 supa-atae
1474 2954 1622 3003 saepe
1642 2943 1725 2992 do-

678 3015 819 3075 dim,
854 3014 970 3062 Non
1001 3026 1319 3064 concessurus
1349 3028 1502 3076 quam
1533 3015 1621 3065 tibi
1640 3016 1721 3065 vi-

676 3093 787 3138 ctor
835 3086 987 3151 orat.)
1069 3087 1250 3137 Exstat
1299 3088 1414 3138 eius
1468 3101 1719 3140 nummus

675 3160 781 3212 una
831 3161 986 3210 amici
1036 3161 1353 3211 memoriam
1398 3176 1720 3214 conservans

588 3252 595 3258 ·
677 3235 820 3302 apud
861 3236 1035 3286 Riccio
1075 3236 1147 3285 M.
1191 3236 1248 3285 F.
1292 3237 1350 3286 R.
1385 3250 1439 3301 p.
1476 3238 1599 3288 2⁴2:
1659 3237 1715 3287 1..

674 3311 951 3364 SESTIVS.
1001 3310 1140 3361 PRO.
1196 3312 1253 3372 Q.
1301 3313 1320 3365 ΙΙ
1369 3313 1427 3374 Q.
1474 3312 1714 3363 CAEPIO.

676 3386 937 3438 BRVTVS.
971 3385 1110 3437 PRO.
1148 3385 1281 3436 COS.
1341 3386 1475 3436 Cum
1496 3388 1610 3437 viro
1633 3386 1719 3438 illo

675 3473 936 3526 generoso
959 3460 1243 3511 amicitiam
1262 3461 1595 3511 contraxerat
1617 3462 1722 3511 Ho—

674 3536 858 3595 ratius,
893 3548 1017 3585 cum
1051 3533 1293 3585 tribunus
1314 3533 1537 3585 militum
1558 3538 1720 3586 Bruto

677 3612 814 3662 duce
848 3612 979 3661 erat.
1033 3606 1166 3661 Male
1202 3608 1367 3658 Codd.
1404 3609 1636 3660 nonnulli
1666 3612 1718 3660 in

678 3685 1020 3750 Inscriptione
1056 3685 1112 3732 et
1145 3682 1436 3746 porphyrio
1470 3683 1520 3733 ei
1560 3683 1722 3735 Publii

674 3772 1000 3825 praenomen
1008 3760 1290 3824 paternum
1302 3755 1553 3820 tribuunt,
1575 3759 1720 3822 quod

676 3836 740 3885 iis
789 3847 856 3883 ex
896 3831 1043 3884 Tullii
1087 3833 1323 3884 Sestiana
1367 3833 1540 3883 notius
1582 3837 1714 3885 erat.

678 3908 877 3972 (Utrum
919 3910 1099 3958 autem
1148 3908 1380 3958 unitatus
1429 3908 1497 3958 sit
1539 3907 1718 3959 Alcaei

676 3980 804 4032 illud
839 3981 1024 4044 (Bergk
1055 3995 1109 4046 p.
1145 3983 1307 4071 582.;)
1336 3973 1512 4053 Ἥρος
1543 3977 1717 4033 ἀνθε-

675 4052 921 4124 μόεντος
944 4052 1148 4106 ἐπάὶον
1170 4055 1532 4127 ἐρχομένοιο,
1567 4071 1719 4123 pron-

675 4145 769 4183 sus
802 4132 1064 4181 incertum
1098 4133 1316 4196 manet.)

741 4206 789 4256 4.
841 4204 1079 4269 Solvt'mr]
1116 4205 1265 4255 Hunc
1301 4218 1519 4258 versum
1551 4219 1716 4271 asyn-

2257 1273 2784 1326 —AdSoett‘wndo

1800 1520 2139 1586 ithyphallioo
2172 1526 2503 1575 constantem
2526 1526 2724 1577 invenit
2742 1527 2845 1576 Ar-

1801 1597 2090 1649 chilochus.
2128 1600 2335 1663 Fragm.
2372 1601 2455 1651 85.
2493 1601 2838 1652 Schneidews

1800 1666 2004 1724 0132529’
2074 1667 2234 1739 ὁμῶς
2306 1671 2538 1738 θάλλεις
2616 1670 2843 1727 ἁπαλὸν

1801 1744 1969 1818 χρόα·
2005 1744 2286 1818 κάρφεται
2319 1744 2429 1820 γὰρ
2451 1744 2581 1816 ἤδη.
2606 1776 2663 1787 -
2682 1753 2844 1802 Pseu-

1800 1821 2037 1873 dotibnll.
2075 1823 2124 1884 3,
2162 1825 2211 1883 5,
2247 1822 2305 1873 4.
2352 1824 2477 1874 Cum
2507 1839 2559 1875 so
2582 1838 2842 1889 purpureo

1795 1911 1911 1947 vere
1941 1897 2146 1948 remittit
2164 1898 2332 1947 hiems.
2387 1898 2581 1950 Contra
2601 1914 2733 1951 rura
2751 1915 2842 1964 qe-

1796 1972 1850 2021 lu
1870 1972 2058 2022 claudit
2088 1971 2240 2021 hiems
2271 1971 2410 2036 Virg.
2439 1975 2625 2038 Georg.
2646 1975 2695 2033 2,
2721 1973 2836 2024 347.

1798 2045 1893 2095 Od.
1931 2044 1980 2106 4,
2019 2046 2099 2106 42,
2138 2045 2196 2094 4;
2248 2045 2386 2095 Veris
2416 2049 2839 2098 conates-mm·-

1793 2133 1909 2169 maa
1945 2120 2198 2169 straciae.
2242 2146 2297 2155 —-
2343 2120 2450 2170 Ver
2483 2125 2661 2172 autem
2696 2121 2839 2186 apud

1796 2195 2059 2244 Romanos
2110 2193 2394 2258 incipiebat
2435 2196 2519 2246 1v.
2566 2196 2640 2246 Id.
2679 2197 2833 2248 Febr.

1798 2268 1874 2331 (D.
1911 2267 1992 2330 X.)
2029 2267 2175 2318 ovid.
2213 2261 2350 2319 Fast.
2377 2271 2427 2330 2,
2460 2270 2572 2321 449.
2598 2271 2700 2322 vel.
2726 2272 2833 2322 vn.

1796 2341 1870 2392 Id.
1908 2341 2061 2391 Febr.
2098 2342 2214 2391 Vid.
2253 2342 2322 2391 ad
2353 2356 2405 2393 v.
2445 2344 2524 2394 47.
2887 2391 2898 2398 ,

1859 2417 1908 2466 2.
1934 2416 2178 2467 lambum
2202 2431 2266 2467 ex
2291 2418 2459 2480 prima
2482 2418 2612 2469 sede
2638 2419 2713 2483 (ut
2733 2419 2830 2470 Od.

1793 2492 1843 2551 2,
1884 2491 1962 2552 48,
1999 2491 2068 2554 8.)
2115 2489 2383 2556 expulsuri
2428 2492 2620 2546 frustra
2653 2508 2837 2546 corre-

1792 2567 1984 2615 xerunt
2003 2566 2300 2629 damnaque,
2337 2569 2469 2618 item
2489 2573 2833 2632 torquemque,

1792 2639 2397 2705 mamque(0udend.).
2420 2641 2696 2694 Librorum
2707 2645 2837 2694 scri-

1793 2716 2003 2778 pturam
2038 2713 2214 2764 firmat
2245 2717 2439 2768 Marius
2460 2717 2755 2769 Victorinus
2775 2731 2829 2782 p.

1795 2789 1907 2838 464.
1945 2788 2102 2839 Gaisf.
2140 2792 2197 2840 et
2227 2792 2426 2842 trahere
2457 2794 2602 2842 recte
2637 2792 2705 2842 de
2739 2805 2835 2841 na·

1791 2862 1946 2914 vibus
1980 2863 2084 2913 dici
2118 2864 2311 2914 evincit
2351 2866 2511 2916 etiam
2544 2867 2741 2917 Nonius
2773 2880 2828 2931 p.

1791 2938 1906 2989 234.
1933 2939 2124 2989 Mera:
2162 2939 2331 2989 classis
2350 2940 2548 2990 trahere
2568 2941 2623 2990 in
2641 2941 2831 3001 saltum·

1795 3013 1878 3061 «in
1902 3025 2082 3063 mare»
2108 3015 2287 3063 autem
2310 3012 2527 3074 addere,
2554 3014 2698 3078 quod
2720 3014 2773 3064 h.
2793 3013 2828 3065 l.

1792 3100 2058 3138 nonnemo
2092 3088 2436 3150 desideravit,
2482 3087 2607 3138 nihil
2641 3090 2833 3139 attine-

1791 3161 1908 3222 bat;
1962 3175 2069 3225 quo
2121 3164 2266 3213 enim
2316 3161 2416 3213 alio
2461 3163 2833 3214 traherentur?

1791 3235 1982 3288 Scribit
2013 3236 2261 3300 Vegetius
2296 3237 2363 3287 de
2386 3251 2445 3289 re
2468 3235 2577 3288 mil.
2603 3239 2651 3299 5,
2689 3238 2737 3287 9.
2765 3250 2832 3289 ex

1791 3312 1877 3362 die
1899 3313 1985 3362 ΠΙ.
2012 3311 2088 3361 ld.
2114 3311 2401 3363 Novembr.
2426 3325 2597 3376 usque
2615 3313 2669 3363 in
2686 3312 2832 3362 diem

1791 3388 1875 3436 vl.
1913 3385 1988 3435 Id.
2026 3387 2177 3438 Mart.
2215 3388 2381 3438 maria
2405 3385 2595 3437 claudi.
2635 3388 2832 3437 «Nata-

1789 3462 1850 3512 lis
1877 3474 2015 3521 vero,
2051 3461 2246 3525 inquit,
2289 3466 2347 3512 ut
2391 3462 2468 3511 ita
2498 3462 2688 3523 diem,
2730 3474 2832 3510 na-

1787 3536 2055 3600 motionis
2099 3536 2322 3585 sollemni
2359 3536 2629 3585 cer-tantine
2659 3534 2830 3596 publi-

1789 3624 1943 3673 coque
1980 3611 2257 3672 spectaculo
2295 3610 2571 3659 multarum
2608 3610 2831 3673 acontium

1788 3686 2115 3736 celebratur.»
2183 3684 2487 3734 Gratissima
2521 3685 2675 3748 igitur
2694 3684 2829 3733 haec

1791 3761 1989 3822 imago,
2036 3758 2105 3808 ab
2140 3760 2202 3810 Η.
2239 3757 2599 3823 Peerlcampio
2638 3759 2832 3807 acriter

1789 3834 2113 3898 reprehensa
2132 3870 2144 3894 ,
2203 3832 2437 3883 debebat
2491 3845 2610 3883 esse
2668 3833 2830 3882 etiam

1790 3908 2003 3959 Horatio
2017 3946 2030 3970 ,
2075 3910 2135 3958 ut
2165 3906 2508 3972 postmodum
2553 3904 2712 3957 Paulo
2745 3906 2830 3956 Si-

1789 3982 2042 4043 lentiario,
2069 3981 2182 4032 eius
2203 3983 2259 4031 et
2278 3980 2533 4045 Propertii
2561 3979 2829 4031 interdum

1790 4057 2062 4117 imitatori,
2116 4055 2269 4105 Antb.
2323 4053 2430 4105 Pal.
2478 4056 2541 4105 11.
2585 4068 2639 4119 p.
2676 4053 2822 4104 284.:

1772 4124 1925 4203 Ἀρτι
1956 4128 2018 4181 δὲ
2049 4128 2445 4202 δουρατέοισιν
2465 4126 2828 4193 ἐπωλίσθησε

1787 4202 2104 4277 κυλινδροις
2129 4199 2341 4268 Ὅλκὰς
2380 4197 2478 4254 ἀπ’
2523 4198 2735 4269 ἢῖόνων
2766 4200 2828 4264 ἐς

676 4281 907 4330 artetum
939 4293 1005 4330 ex
1038 4280 1346 4330 tetrametro
1370 4279 1630 4345 dactylico
1661 4285 1717 4332 et
1786 4275 1975 4341 βυθὸν
2006 4279 2305 4346 ἑλκομένη.
2341 4277 2754 4339 Tuncmachiflis,
2771 4275 2826 4325 id
