3234 4975
650 377 774 444 364

904 536 1144 602 Vestris
1190 537 1467 604 amicum
1509 537 1790 605 sontibus
1835 548 1900 605 et
1943 539 2159 606 choris

1410 383 1668 433 HoRA‘rn
1703 384 2039 437 CARMiNUM

902 658 1040 722 Non
1084 679 1189 724 me
1232 657 1542 746 Philippis
1585 680 1778 725 versa
1822 660 2000 727 acies
2046 670 2250 733 retro,

983 779 1231 845 Devota
1275 800 1404 845 non
1450 780 1749 846 exstinxit
1792 779 2019 857 arboS,

1065 901 1198 966 Nec
1243 899 1459 967 Sicula
1501 899 1842 968 Palinurus
1886 902 2080 969 unda.

900 1058 1235 1147 Utcunque
1279 1079 1536 1126 mecum
1578 1079 1697 1125 vos
1743 1061 1949 1137 eritis,
1998 1060 2205 1128 libens

897 1180 1327 1247 Insanientem
1370 1182 1584 1247 navita
1627 1183 1990 1269 Bosporum

2736 1186 2818 1249 30

979 1300 1262 1367 Tentabo
1305 1312 1372 1368 et
1412 1313 1677 1370 urentes
1720 1324 1954 1369 arenas

1070 1422 1300 1488 Litoris
1346 1423 1593 1512 Assyrii
1637 1424 1883 1503 viator3

772 1609 853 1660 27.
890 1608 1046 1659 arbor
1077 1607 1287 1669 BbScd,
1341 1610 1474 1659 Pott.
1514 1622 1731 1671 omnes,
1783 1612 1822 1661 L
1871 1613 1927 1661 et
1958 1611 2126 1662 Bentl.
2167 1625 2289 1664 cum
2326 1614 2436 1664 suis
2471 1615 2740 1666 omnibus.

708 1684 787 1745 (Ut
819 1695 945 1743 nos,
972 1683 1049 1745 T.)
1092 1707 1146 1718 —
1186 1683 1268 1733 34.
1306 1688 1502 1733 arentes
1534 1682 1734 1745 cd,LCt
1767 1685 1822 1734 et
1842 1684 2011 1735 Bentl.
2051 1687 2129 1748 (Ut
2152 1700 2251 1737 nos
2275 1687 2448 1749 BbST,
2486 1703 2558 1753 γκ
2593 1702 2746 1739 «cum

705 1755 818 1808 aliis
850 1757 1113 1808 inferioris
1148 1759 1305 1807 notae
1333 1773 1380 1815 ;»

638 1936 759 1997 pter
798 1946 965 1997 aquas
1001 1932 1199 1986 calidas
1234 1936 1289 1984 et
1321 1936 1524 1997 gratam
1565 1934 1687 1998 puri

638 2009 779 2058 aeris
812 2008 1133 2071 temperiem
1167 2021 1266 2072 per
1297 2010 1561 2059 aestatem
1583 2008 1687 2059 fre-

639 2085 975 2146 quentatum.
1017 2083 1092 2132 Cf.
1121 2082 1216 2132 Od.
1243 2085 1301 2145 2,
1328 2085 1413 2144 48,
1439 2085 1520 2134 20.
1547 2084 1680 2149 Epp.

640 2158 699 2217 4,
738 2158 795 2218 4,
833 2157 925 2207 83;
962 2158 1143 2208 Nullus
1174 2159 1227 2208 in
1249 2158 1367 2209 orbe
1386 2158 1525 2208 sinus
1544 2158 1688 2208 Baiis

630 2231 895 2293 praelucet
925 2232 1163 2282 amoenis,

701 2305 783 2354 25.
827 2306 1006 2355 Vestris
1024 2332 1054 2342 -
1072 2306 1305 2372 fontibus]
1334 2319 1565 2370 quorum
1589 2321 1686 2358 ce-

634 2377 977 2430 lebratissimi
1011 2383 1162 2431 erant
1185 2382 1547 2445 Hippocrene,
1587 2382 1687 2430 Ca—

636 2452 806 2515 stalia,
826 2456 1117 2520 Aganippe,
1136 2457 1325 2507 Pirene
1341 2471 1352 2517 ;
1378 2455 1476 2507 sed
1494 2468 1684 2507 omnes

634 2528 835 2590 fontes,
886 2529 1029 2593 apud
1063 2542 1201 2593 quos
1236 2531 1473 2581 carmina
1508 2530 1684 2580 medi-

635 2603 812 2652 tantur
859 2607 1077 2667 poetae,
1131 2605 1185 2654 in
1236 2606 1506 2657 Musarum
1557 2605 1684 2655 sunt

633 2675 815 2727 tutela.

699 2752 781 2801 26.
817 2752 1069 2817 Philippis]
1095 2752 1190 2803 Od.
1218 2754 1275 2812 2,
1315 2753 1371 2813 7,
1407 2754 1456 2802 9.
1495 2755 1677 2816 Iunge:

632 2828 764 2877 acies
782 2832 919 2876 retro
938 2841 1089 2878 versa
1103 2828 1361 2889 Philippis,
1389 2841 1523 2878 non:
1551 2829 1683 2878 acies

628 2901 864 2964 Philippis
886 2915 1009 2965 pro:
1050 2902 1225 2965 «apud
1248 2901 1512 2966 Philippos
1536 2916 1685 2953 com-

631 2976 860 3032 missa»;
898 2975 1044 3038 quod
1078 2977 1169 3038 qui
1204 2977 1453 3040 praetulit
1485 2977 1681 3028 frustra

631 3047 789 3099 simul
824 3049 1078 3099 coniecit:
1124 3050 1363 3111 Philippi,
1396 3063 1545 3100 versa
1572 3051 1682 3100 acie

627 3128 784 3173 retra.

694 3198 776 3246 27.
801 3197 885 3247 28.
920 3198 1131 3262 Devota]
1159 3197 1272 3249 «dis
1295 3198 1477 3249 inferis
1499 3212 1674 3260 sacra,

628 3271 813 3335 utpote
864 3283 1002 3334 quae
1053 3272 1183 3321 mihi
1240 3284 1407 3336 prope
1459 3274 1678 3324 exitium

626 3344 913 3396 attulerit.»
953 3372 1007 3380 —
1043 3345 1328 3410 Palinums]
1363 3351 1677 3411 promonto-

626 3421 766 3471 rium
801 3419 871 3469 ad
905 3422 1208 3471 extremum
1252 3422 1429 3471 sinum
1461 3421 1677 3472 Velien-

624 3507 743 3545 sem
796 3494 849 3543 in
898 3495 1160 3545 Lucaniae
1210 3508 1332 3556 ora,
1392 3496 1675 3559 naufragiis

624 3569 848 3629 infame,
877 3580 909 3617 a
933 3568 1201 3630 Palinuro,
1238 3571 1452 3620 Aeneae
1482 3569 1678 3633 guber-

616 3645 812 3694 natore
857 3642 930 3692 ibi
977 3645 1027 3693 in
1078 3656 1230 3694 mare
1281 3644 1563 3703 demerso,
1619 3647 1677 3693 ut

622 3717 814 3779 fertur,
852 3717 931 3768 sic
966 3717 1313 3768 nominatum.
1355 3719 1512 3781 (virg.
1539 3719 1671 3767 Aen.

622 3792 681 3852 6,
719 3791 816 3842 373
850 3792 1025 3855 seqq.)
1061 3793 1336 3855 Nusquam
1370 3790 1494 3842 alibi
1515 3791 1673 3842 huius

620 3864 843 3928 periculi
890 3868 1134 3918 meminit
1172 3869 1347 3930 poeta.
1420 3867 1674 3916 Ceterum

619 3937 915 4010 ἐναργείας
937 3942 1180 4005 poeticae
1204 3941 1371 4004 gratia
1407 3939 1672 3992 eiusmodi

621 4014 898 4065 dumtaxat
942 4014 1205 4066 beneficia
1237 4028 1269 4065 a
1302 4014 1465 4066 Musis
1512 4014 1564 4064 in
1610 4028 1671 4066 se

620 4086 808 4139 collata
844 4091 1189 4150 memoravit,
1226 4102 1368 4153 quae
1393 4090 1672 4141 externam

619 4162 851 4227 aliquam
889 4163 1152 4216 haberent
1185 4165 1452 4229 speciem,
1503 4162 1671 4215 oculis

619 4239 775 4304 quasi
808 4240 1163 4305 propositam,
1218 4240 1468 4291 omittens
1514 4238 1670 4302 longe

1418 1758 1544 1808 item
1579 1759 1701 1807 octo
1735 1757 1889 1819 Pott.)
1932 1786 1988 1796 —
2025 1759 2245 1810 harenas
2278 1762 2374 1811 BT.

1758 1935 1959 1986 maiora
2006 1934 2120 1997 illa,
2176 1936 2371 2000 quibus
2415 1941 2654 2003 mentem
2695 1940 2812 1988 ani-

1760 2021 2015 2072 mumque
2065 2012 2198 2073 grati
2248 2013 2438 2075 poetae
2486 2011 2806 2072 affecerant;

1758 2082 2024 2146 simulque
2046 2081 2130 2133 illa
2147 2085 2283 2134 ratio
2300 2083 2468 2135 multo
2492 2086 2803 2137 modestior.

1821 2157 1902 2206 29.
1929 2157 2011 2208 30.
2053 2159 2306 2221 Utcunque
2328 2158 2453 2223 cet.]
2480 2159 2807 2211 «dummodo

1754 2244 1852 2282 vos
1887 2244 1975 2281 me
2022 2233 2412 2283 comitemini.»
2453 2259 2509 2269 —
2543 2235 2805 2285 Insanien-

1754 2305 1879 2370 tem]
1904 2306 2043 2368 virg.
2072 2305 2182 2357 Ecl.
2208 2306 2267 2366 9,
2304 2305 2397 2357 43:
2433 2307 2807 2370 insanifeviant

1754 2382 1859 2430 sine
1890 2380 2044 2429 litora
2067 2382 2263 2444 fluctus.
2295 2405 2350 2415 —
2377 2381 2670 2446 Bosporum]
2703 2382 2800 2432 Od.

1755 2455 1811 2517 2,
1850 2454 1943 2516 43,
1984 2453 2063 2505 44.

1820 2529 1902 2579 34.
1975 2530 2191 2594 urentes]
2260 2531 2517 2581 Dixerunt
2583 2532 2805 2594 quidem

1754 2609 1951 2653 mentes
1967 2617 2154 2653 arenas
2169 2603 2324 2655 Silius
2345 2605 2422 2666 (6,
2452 2604 2606 2668 440.),
2645 2605 2806 2655 Clau-

1754 2676 1970 2737 dianuS,
2008 2679 2273 2741 Corippus
2300 2679 2364 2741 (v.
2393 2677 2601 2741 Bentl.),
2627 2692 2802 2742 neque

1754 2751 2135 2802 offendendum
2170 2755 2317 2803 esset
2349 2753 2400 2801 in
2437 2766 2597 2813 sone,
2644 2765 2803 2818 prae-

1754 2828 1942 2875 sertim
1975 2826 2265 2889 quantitate
2301 2825 2512 2876 diversa
2539 2827 2648 2889 (Ον.
2675 2828 2797 2878 Met.

1754 2900 1843 2960 ⁴5,
1880 2899 2007 2949 268:
2050 2900 2193 2949 siccis
2222 2900 2401 2949 humus
2431 2905 2544 2949 aret
2569 2900 2797 2964 arenis),

1753 2973 1851 3025 sed
1887 2976 2067 3024 tamen
2104 2974 2240 3024 foret
2259 2972 2526 3024 ἐπίθετον
2548 2975 2797 3036 otiosum,

1752 3062 1940 3099 omnes
1991 3061 2186 3099 arenae
2237 3062 2362 3099 cum
2420 3052 2633 3110 areant,
2692 3063 2800 3100 non

1752 3135 1943 3174 omnes
1998 3124 2156 3172 urant
2211 3125 2271 3172 ut
2323 3125 2605 3186 Assyrium
2655 3122 2796 3174 litus.

1751 3197 1857 3247 Sed
1891 3195 2039 3248 litem
2073 3196 2273 3247 dirimit
2304 3198 2593 3247 auctoritas
2628 3197 2796 3248 Codd.

1748 3270 1905 3322 BbST
1951 3274 2006 3321 et
2049 3273 2172 3322 octo
2208 3272 2457 3321 Pottierii.
2527 3273 2799 3321 Incertum

1750 3347 1857 3406 est,
1920 3347 2101 3394 utrum
2152 3344 2406 3408 intelligat
2450 3346 2634 3408 Syriae
2682 3343 2802 3396 Pal-

1749 3432 2004 3482 myrenas
2072 3418 2382 3470 solitudines
2404 3457 2416 3479 ‚
2490 3432 2627 3482 quae
2701 3431 2800 3468 au-

1749 3497 1899 3544 ctore
1940 3491 2104 3544 Plinio
2152 3495 2213 3545 H.
2262 3495 2323 3544 N.
2375 3496 2435 3553 5,
2484 3492 2566 3544 24.
2624 3506 2797 3556 usque

1748 3567 1817 3617 ad
1866 3569 2111 3629 Petram,
2172 3567 2366 3619 urbem
2419 3569 2473 3619 et
2522 3568 2798 3631 regionem

1745 3641 1972 3692 Arabiae
2029 3641 2219 3704 felicis,
2291 3641 2656 3706 pertinebant,
2727 3654 2796 3690 an

1746 3719 1922 3781 ipsum
1940 3717 2125 3779 Syriae
2149 3716 2288 3766 litus.
2314 3718 2534 3779 Assyria
2552 3717 2801 3779 frequen-

1747 3791 1846 3840 ter·
1855 3804 1954 3854 pro
1978 3791 2130 3854 Syria
2154 3803 2183 3839 a
2208 3790 2377 3853 poetis
2401 3791 2691 3854 usurpatur
2707 3827 2719 3849 ,
2745 3791 2800 3838 et

1746 3866 1955 3927 Suriam
1979 3869 2244 3927 perustam
2278 3863 2408 3914 dixit
2439 3864 2600 3914 etiam
2631 3863 2798 3913 Mani-

1744 3938 1846 3990 lius
1878 3938 1935 4000 4,
1982 3939 2096 3989 625.
2165 3938 2260 4000 (De
2309 3938 2528 4000 Assyria
2579 3937 2797 4000 propria

1746 4014 1798 4064 h.
1848 4013 1882 4063 1.
1921 4027 1989 4064 ne
2039 4014 2365 4077 cogitemus,
2418 4009 2694 4063 dissuadet
2741 4022 2794 4058 v.

1812 4162 1893 4213 33.
1920 4162 2208 4226 Britannos]
2234 4161 2397 4211 Tacit.
2423 4163 2556 4210 Ann.
2585 4158 2670 4219 ⁴4,
2703 4158 2793 4207 30:

1745 4236 1980 4288 Britanni
2012 4249 2191 4287 cruore
2222 4236 2422 4299 captivo
2456 4233 2656 4285 adolere
2676 4244 2801 4281 aras
