3234 4975
673 406 797 470 498

1431 405 1686 454 ΗοιιΑΤιι
1742 404 2077 472 mammon

1012 560 1180 641 Quid
1226 561 1385 625 mori
1433 558 1705 626 cessas?
1749 560 1941 625 Potes
1985 556 2106 624 hac
2151 557 2233 624 ab
2279 578 2440 622 orno

1014 679 1373 747 Pendulum
1414 700 1579 746 zona
1621 679 1790 746 bene
1837 689 1898 745 te
1944 688 2167 745 secuta

1262 800 1553 868 Laedere
1598 800 1854 867 collum.

1010 962 1159 1028 Sive
1202 972 1267 1027 te
1311 979 1509 1046 rupes
1554 969 1621 1025 et
1662 968 1851 1026 acuta
1895 958 2021 1025 leto

1010 1084 1176 1148 Saxa
1221 1079 1572 1157 delectant,
1622 1100 1743 1166 age
1789 1090 1850 1146 te
1899 1078 2225 1167 procellae

1009 1202 1218 1269 Crede
1262 1200 1502 1278 veloci,
1551 1200 1673 1267 nisi
1717 1199 1921 1267 herile
1965 1201 2169 1267 mavis

1262 1323 1545 1411 Carpere
1589 1342 1895 1410 pensum,

1008 1483 1246 1570 Regius
1289 1481 1583 1569 sanguis,
1629 1478 2066 1568 dominaeque
2111 1480 2276 1546 tradi

2762 1482 2843 1545 65

1007 1602 1331 1671 Barbarae
1373 1601 1603 1690 pellex.
1693 1598 1931 1668 Aderat
1972 1600 2267 1688 querenti

801 1793 884 1843 59.
910 1793 991 1842 60.
1039 1795 1208 1841 secuta
1239 1804 1267 1840 e
1298 1790 1319 1842 ll
1352 1789 1507 1838 lidere
1536 1800 1663 1839 cum
1688 1787 2073 1851 «quibusdam»
2099 1787 2266 1838 Codd.
2304 1788 2548 1840 Lambini
2571 1792 2627 1840 et
2659 1791 2776 1841 Mu·-

738 1870 854 1918 reto
877 1864 1045 1917 Bentl.
1076 1890 1129 1902 -
1153 1864 1234 1915 62.
1261 1864 1494 1915 delectent
1514 1864 1573 1913 B.
1598 1863 1723 1926 (non
1745 1860 1890 1924 bSc.)
1914 1886 1968 1897 —
1992 1861 2074 1912 63.
2099 1863 2220 1913 em'le
2240 1864 2297 1913 B.
2324 1888 2380 1900 —
2402 1863 2483 1914 66.
2502 1863 2692 1927 paeta-
2713 1865 2772 1914 B.

678 2035 865 2084 «Pater
913 2035 1028 2096 ipse
1051 2071 1063 2094 ,
1121 2043 1452 2095 quamquam
1500 2028 1716 2090 absenS,
1793 2027 2268 2093 deductavolgaris
2287 2031 2429 2081 notio
2445 2031 2671 2093 noeendi,
2692 2033 2847 2095 offm-

672 2108 803 2159 mihi
850 2107 1049 2157 instare
1089 2105 1301 2156 videtur
1341 2108 1500 2169 atque
1544 2104 1720 2168 impe-

674 2193 823 2242 rare,
897 2182 959 2230 ut
1007 2182 1238 2230 mortem
1302 2191 1531 2244 propere
1589 2177 1718 2227 mihi

674 2256 1056 2306 consciscam.»
1124 2253 1293 2305 Patris
1337 2265 1561 2304 saevum
1607 2251 1720 2302 ius-

674 2342 795 2381 sum
816 2367 828 2390 ,
886 2327 1033 2393 quod
1066 2327 1170 2379 sibi
1202 2327 1382 2391 fingit,
1435 2340 1535 2392 per
1567 2318 1719 2375 ἀπο-

669 2397 937 2475 στροφὴν
985 2401 1056 2452 ad
1105 2404 1282 2454 semet
1327 2401 1499 2465 ipsam
1544 2399 1714 2450 effert.

669 2477 957 2542 Sequentia
975 2477 1154 2529 statim
1178 2490 1340 2527 verae
1363 2472 1718 2541 μονολογίας

668 2549 897 2602 formam
946 2551 1200 2611 induunt,
1281 2564 1383 2601 nec
1431 2562 1560 2599 vero
1611 2546 1718 2598 ullo

666 2625 831 2676 modo
862 2625 1091 2689 Agenori
1124 2623 1286 2674 tribui
1320 2626 1560 2688 possunt.
1630 2622 1718 2672 Sic

668 2701 832 2752 etiam
864 2697 1103 2751 Neobule
1145 2699 1243 2749 Od.
1281 2698 1337 2759 3,
1388 2699 1469 2748 42.
1528 2711 1716 2750 secum

666 2775 782 2839 ipsa
831 2772 1065 2838 loquitur
1104 2786 1205 2838 per
1244 2771 1538 2823 secundam
1588 2785 1718 2836 per—

666 2859 873 2899 sonam.
947 2849 1202 2899 Ceterum
1236 2846 1331 2897 cfr.
1369 2845 1492 2897 Iliae
1528 2845 1715 2897 similis

667 2919 855 2984 culpae
905 2933 1033 2971 reae
1083 2920 1315 2971 lamenta
1366 2919 1507 2984 apud
1559 2917 1711 2970 Ovid.

666 2996 785 3045 Am.
823 2994 882 3054 3,
920 2995 978 3055 6,
1016 2994 1108 3045 73:
1145 2994 1187 3043 0
1216 2995 1413 3044 utinam
1443 3007 1558 3044 mea
1590 2994 1719 3045 lecta

664 3068 831 3132 forent
875 3069 1148 3131 patrioque
1198 3068 1425 3130 sepulcro
1479 3069 1713 3131 Condita,

668 3143 788 3192 dum
811 3147 1052 3205 poterant
1080 3142 1292 3205 viminis
1325 3156 1436 3193 ossa
1468 3144 1600 3207 legi!
1634 3171 1664 3182 -
1684 3173 1717 3186 .-

669 3216 800 3279 Quid
819 3215 1030 3266 moror?
1049 3228 1112 3265 en
1133 3216 1301 3280 digitis
1321 3217 1553 3281 dedqnor
1573 3219 1719 3269 adul-

666 3296 779 3343 tera
808 3291 959 3355 volgi.

732 3366 909 3418 58-60.
947 3364 1013 3415 ab
1035 3365 1175 3431 orno]
1205 3366 1493 3417 Construe:
1522 3368 1719 3429 pendu-

664 3443 771 3491 lum
802 3439 868 3490 ab
901 3454 1053 3501 orne,
1090 3454 1221 3503 non,
1258 3444 1320 3491 ut
1351 3439 1463 3503 alii,
1502 3454 1532 3491 a
1561 3455 1711 3492 zona.

666 3515 752 3565 Sic
801 3513 1107 3580 Apollonius
1154 3515 1388 3566 Rhodius
1436 3515 1488 3565 in
1532 3516 1716 3567 Cauno

666 3588 811 3655 apud
832 3590 1009 3641 Parth.
1029 3591 1108 3640 Η.
1136 3588 1204 3639 de
1227 3588 1479 3653 Byblida:
1506 3589 1620 3641 Καὶ
1641 3584 1718 3660 ῥα

667 3658 814 3714 κατὰ
850 3662 1166 3726 στυφελοῑο
1200 3661 1518 3735 σαρωνίδος
1554 3658 1716 3716 αὖτί-

666 3753 744 3787 κα
771 3738 981 3809 μίτρην
1007 3731 1304 3803 Ἀψαμένη
1320 3774 1334 3799 ,
1370 3724 1563 3808 δειρὴν
1595 3738 1717 3789 ἐνε-

667 3807 912 3877 θήκατο.
930 3874 937 3881 .
956 3840 1010 3848 —
1042 3812 1161 3863 bene
1181 3817 1229 3862 te
1248 3811 1432 3876 secuta]
1463 3825 1600 3876 «qua
1624 3826 1718 3878 op-

666 3886 891 3950 portune
908 3923 920 3947 ,
964 3884 1111 3936 haud
1145 3884 1364 3947 frustra,
1404 3886 1576 3937 cincta
1608 3887 1716 3937 huc

667 3958 984 4010 devenisti.»
1025 3986 1078 3996 --
1115 3959 1349 4025 Laedero]
1386 3960 1439 4010 h.
1476 3959 1512 4010 1.
1540 3962 1715 4026 prima

667 4033 1068 4097 significatione,
1082 4033 1420 4098 zerschlaqen,
1436 4035 1713 4098 quet-when,

663 4106 900 4169 kntckon,
953 4109 1013 4157 ut
1053 4108 1196 4171 apud
1237 4109 1448 4159 Lucret.
1486 4109 1546 4171 δ,
1584 4109 1712 4160 999:

665 4181 869 4233 turbida
892 4182 1038 4244 ponti
1068 4181 1303 4243 Aequora
1334 4183 1593 4234 laedebant
1623 4197 1718 4233 na·-

664 4270 747 4308 ves
779 4257 848 4307 ad
880 4269 1015 4306 saxa
1044 4255 1290 4318 virosque.
1330 4256 1462 4308 Hinc
1490 4256 1713 4308 demum

1791 2103 1956 2152 ciendi.
2011 2103 2110 2162 Qui
2142 2104 2452 2168 primariam
2487 2103 2655 2166 illam,
2703 2118 2844 2169 quae

1792 2175 1967 2226 elucet
2000 2176 2054 2225 in
2087 2177 2395 2240 compositis
2427 2178 2657 2238 allidere,
2699 2178 2846 2227 colti—

1790 2251 1931 2312 dore,
1966 2250 2172 2312 elidere,
2207 2250 2424 2313 illidere,
2460 2252 2693 2313 oblidoeo,
2728 2251 2845 2302 sub-

1787 2324 1965 2385 lidere,
2003 2337 2108 2374 non
2131 2321 2520 2391 intelligebant,
2554 2324 2846 2377 substitue-

1789 2399 1913 2447 runt
1928 2397 2124 2459 elidem,
2144 2397 2290 2461 quod
2310 2398 2656 2462 praeferebat
2678 2401 2844 2450 etiam

1791 2471 2035 2523 Heinsius
2076 2470 2360 2524 Adversar.
2403 2487 2457 2539 p.
2502 2474 2623 2535 ⁴⁴8,
2677 2473 2842 2538 idque

1789 2558 1918 2596 sane
1954 2545 2056 2596 hac
2089 2547 2469 2610 significatione
2505 2547 2841 2611 frequentius

1789 2621 1873 2670 est
1918 2633 2083 2684 quam
2125 2620 2377 2684 simplex,
2429 2625 2652 2687 propter
2699 2623 2842 2673 hanc

1788 2693 1961 2756 ipsam
2015 2694 2279 2745 rationem
2334 2695 2387 2745 h.
2440 2694 2473 2745 1.
2523 2696 2840 2760 praeferen-

1789 2767 1936 2817 dum.
1968 2796 2023 2805 —
2052 2769 2304 2819 Ceterum
2335 2769 2439 2820 hoc
2460 2783 2628 2833 genus
2651 2770 2840 2821 mortis

1788 2854 2075 2892 commune
2109 2845 2164 2893 in
2197 2843 2457 2906 heroinis,
2494 2842 2639 2895 velut
2671 2845 2723 2894 in
2751 2846 2842 2895 Io-

1788 2919 1961 2979 casta,
1998 2918 2285 2981 Antigona,
2322 2918 2591 2980 Phaedra,
2626 2921 2836 2981 Amata,

1787 3004 2062 3055 saepeque
2097 2994 2240 3056 apud
2279 2994 2639 3045 Parthenium.

1854 3066 1910 3117 6⁴
1920 3066 2034 3116 -66,
2063 3067 2179 3117 Sive
2200 3071 2248 3118 te
2270 3068 2392 3132 σοι]
2422 3068 2570 3117 «Sive
2593 3067 2763 3130 magis
2783 3069 2840 3118 te

1787 3137 2021 3190 alliciunt
2052 3154 2216 3205 rupes
2252 3144 2306 3191 et
2337 3153 2463 3191 saxa
2498 3142 2580 3204 (ex
2615 3141 2839 3205 rupibus

1789 3213 2101 3277 exstantia),
2154 3217 2215 3265 ut
2254 3227 2393 3278 quae
2437 3217 2592 3264 acuta
2626 3215 2731 3265 sint
2765 3214 2837 3265 ad

1787 3287 1954 3340 letum
2004 3288 2244 3340 dandum
2299 3292 2453 3352 (quae
2503 3289 2839 3341 acuminibus

1787 3364 1898 3414 suis
1916 3362 2164 3414 celeriter
2181 3367 2408 3414 mortem
2431 3363 2690 3425 afferant),
2715 3377 2839 3429 pro-

1789 3436 1953 3487 cellae
1997 3438 2201 3501 impetu
2244 3436 2422 3488 adiuta
2474 3438 2527 3486 in
2572 3450 2837 3501 praeceps

1787 3516 1841 3562 te
1893 3511 2090 3571 deiice;
2151 3511 2248 3562 nisi
2310 3514 2391 3572 tu,
2453 3512 2600 3574 regia
2660 3512 2833 3574 virgo,

1789 3601 1945 3640 serva
1990 3587 2105 3638 fieri
2149 3586 2416 3652 praefers,
2470 3587 2555 3636 cui
2600 3586 2836 3651 quotidie

1789 3660 1858 3711 ab
1904 3662 2036 3713 bera
2081 3662 2380 3724 assignetur
2420 3673 2652 3724 pensum
2699 3661 2838 3722 (cer-

1787 3739 1903 3787 tum
1934 3735 2145 3801 pondus
2178 3735 2331 3786 lanae
2370 3736 2679 3798 carpendae,
2724 3736 2837 3784 tra-

1789 3810 2028 3871 hendae,
2077 3809 2315 3870 nendae,
2365 3809 2434 3859 de
2469 3822 2576 3873 quo
2610 3806 2835 3859 molesto

1789 3885 1964 3937 officio
1984 3887 2222 3949 Propert.
2249 3885 2298 3946 3,
2326 3884 2384 3945 6,
2423 3885 2510 3935 ⁴5:
2549 3884 2712 3934 tristes
2740 3896 2837 3932 sua

1782 3974 1940 4023 perusa
1981 3960 2240 4009 mistum
2290 3958 2611 4022 Carpebant.)
2629 3997 2641 4020 ,
2694 3970 2834 4021 quae

1789 4034 1999 4086 domina
2024 4033 2254 4084 barbara
2280 4036 2332 4084 te
2355 4033 2513 4086 simul
2536 4035 2594 4083 ut
2615 4042 2836 4083 exosam

1787 4109 1960 4160 mariti
2002 4105 2249 4171 pellicem
2293 4109 2556 4172 perpetuo
2596 4104 2836 4157 cruciatu

1788 4182 1997 4233 afficiet.
2037 4210 2092 4218 —
2129 4194 2282 4244 nopes
2306 4207 2335 4217 -
2360 4207 2389 4219 -
2416 4181 2586 4245 Saxa]
2631 4181 2834 4230 Seneca

1788 4258 2033 4307 Controv.
2075 4257 2130 4316 4,
2180 4255 2228 4304 3.
2274 4267 2328 4318 p.
2367 4254 2448 4305 94.
2487 4255 2630 4319 Bip.:
2681 4253 2836 4305 Moles
