3234 4975
647 400 774 467 496

984 569 1311 656 virginum
1355 569 1605 657 culpae.

1412 405 1672 457 nolum
1710 407 2048 470 CARmNUM

1696 570 2061 658 vigilansne
2106 570 2289 658 ploro

986 690 1196 776 Turpe
1240 690 1658 756 commissum
1679 741 1693 766 ,
1741 711 1822 755 an
1866 690 2035 756 vitiis
2081 699 2406 757 carentem

1239 809 1429 877 Ludit
1472 810 1684 897 imago

2742 811 2824 875 40

985 970 1186 1045 Vana,
1234 988 1403 1054 quae
1446 978 1634 1055 porta
1678 966 1932 1054 fugiens
1978 967 2229 1034 eburna

986 1088 1319 1154 Somnium
1363 1087 1590 1154 ducit?
1639 1085 1951 1154 Meliusne
1996 1085 2231 1154 fluctus

987 1210 1087 1275 Ire
1130 1229 1249 1296 per
1290 1208 1517 1295 longos
1560 1207 1707 1284 fuit,
1756 1227 1838 1273 an
1883 1218 2178 1275 recentes

1241 1330 1523 1415 Carpere
1567 1326 1812 1394 flores?

987 1487 1053 1553 Si
1101 1487 1249 1574 quis
1294 1486 1591 1552 infamem
1635 1485 1787 1550 mihi
1831 1506 2002 1553 nunc
2046 1487 2388 1555 iuvencum

2745 1488 2826 1552 45

986 1607 1195 1674 Dedat
1237 1607 1471 1683 iratae,
1518 1605 1810 1673 lacerare
1853 1606 2024 1673 ferro
2071 1619 2135 1674 et

986 1729 1308 1812 Frangere
1353 1727 1560 1793 enitar
1602 1726 1798 1792 modo
1845 1727 2114 1794 multum
2157 1729 2346 1795 amati

782 1925 863 1975 38.
905 1923 1122 1987 Vtrqinis
1164 1920 1453 1972 Markland.
1496 1949 1550 1957 —-
1589 1921 1671 1972 39.
1705 1923 1828 1972 vitio
1870 1922 2038 1974 Bentl.
2083 1927 2218 1975 coni.
2263 1953 2316 1961 —-
2355 1920 2437 1977 Η.
2476 1940 2630 1988 quam
2662 1929 2760 1978 Sa-

723 1998 918 2048 nadon.
960 2025 1014 2033 -
1052 1995 1132 2048 43.
1162 1997 1372 2046 recentis
1401 1995 1458 2044 T.
1501 2022 1555 2031 -
1583 1995 1667 2046 46.
1704 1996 1870 2046 Dedat
1900 1997 2094 2048 iratae!
2128 2000 2379 2050 Lacerat-0
2410 1999 2680 2063 distinguit
2708 2001 2755 2051 J.

725 2071 1078 2121 -etomC.

659 2245 768 2296 ae?
824 2245 992 2297 Codd.
1042 2244 1257 2296 Hertzb.
1308 2258 1435 2295 cum
1475 2245 1693 2296 Lachm.
1770 2246 1929 2310 aiom)
1965 2249 2073 2297 exit
2104 2262 2170 2298 ex
2192 2248 2356 2300 altera
2381 2253 2497 2300 utra
2527 2251 2704 2314 porta,
2739 2263 2828 2300 se-

651 2320 830 2386 urna.)

719 2395 800 2445 38.
865 2394 1151 2457 Virqimom]
1227 2392 1413 2444 «laeso
1473 2392 1694 2457 pudori,

654 2481 817 2533 quam
839 2480 1109 2519 summam
1126 2469 1460 2519 committere
1477 2468 1703 2530 possunt

655 2540 865 2607 culpam
914 2543 1194 2605 virgines.»
1261 2541 1421 2592 Multo
1466 2541 1702 2603 exquisi-

656 2617 756 2666 tior
805 2615 857 2664 in
906 2615 1011 2665 hoc
1058 2629 1109 2664 V.
1161 2618 1215 2665 et
1256 2617 1310 2664 iu
1352 2628 1403 2664 v.
1446 2615 1582 2663 vitiis
1615 2615 1701 2664 est

656 2702 800 2739 num.
826 2686 964 2751 plur.
991 2702 1155 2752 quam
1177 2687 1466 2739 Marklandi
1487 2688 1703 2752 virginis

656 2765 710 2812 et
758 2760 978 2811 Bentleii
1027 2763 1166 2811 vitio.
1238 2760 1369 2811 Illud
1415 2762 1559 2810 enim
1601 2773 1703 2823 per

655 2836 1194 2886 communicationem
1261 2847 1387 2885 cum
1453 2832 1701 2883 omnibus

653 2908 943 2972 virginibus
986 2909 1167 2959 nescio
1215 2907 1486 2972 quomodo
1532 2908 1702 2970 magis

653 2982 1018 3032 verecundam
1042 2981 1205 3032 habet
1226 2982 1463 3045 speciem
1486 2981 1539 3030 iu
1555 2979 1704 3044 puel-

655 3053 737 3104 lae
791 3067 919 3114 ore;
977 3055 1082 3104 hoc
1116 3057 1297 3104 autem
1338 3051 1526 3117 plural.
1568 3054 1705 3103 vitiis

654 3129 850 3177 vitatur
890 3129 1046 3179 nimis
1089 3130 1271 3192 aperta
1318 3128 1485 3191 stupri
1539 3128 1705 3190 signi-

658 3202 858 3263 ficatiO,
919 3214 1082 3265 quam
1117 3203 1389 3252 notionem
1422 3201 1702 3264 singularis

656 3276 823 3325 habet
867 3274 1146 3338 aliquoties
1190 3275 1333 3338 apud
1374 3276 1699 3325 Terentium.

659 3349 896 3414 (Adelph.
936 3350 994 3411 3,
1033 3351 1092 3411 ⁴,
1128 3350 1176 3399 9.
1216 3349 1273 3409 3,
1311 3349 1373 3409 2,
1413 3348 1514 3411 ⁴0.)

723 3424 804 3476 4⁴.
843 3423 923 3475 42.
971 3424 1358 3488 porta-eburna]
1404 3423 1594 3487 Odyss.
1641 3438 1699 3485 τ,

656 3500 778 3550 562:
805 3498 974 3549 Δοιαὶ
996 3495 1106 3569 γάρ
1128 3513 1189 3549 τε
1206 3495 1380 3549 πύλαι
1401 3491 1705 3563 ἀμενηνῶν

657 3573 804 3623 εἰσὶν
854 3565 1090 3643 ὀνείρων
1107 3588 1119 3600 ·
1189 3571 1264 3623 Αἱ
1303 3571 1412 3637 μὲν
1455 3567 1564 3641 γὰρ
1608 3586 1705 3621 κε-

656 3643 862 3718 ράεσσι
919 3642 1254 3706 τετεύχαται
1271 3683 1286 3709 ,
1370 3646 1436 3695 αἱ
1489 3644 1534 3694 δ’
1582 3643 1704 3696 ἐλέ-

657 3738 858 3786 φαντι·
896 3720 1021 3786 Τῶν
1055 3724 1117 3774 οἳ
1143 3724 1252 3788 μέν
1284 3721 1332 3772 κ’
1354 3716 1571 3773 ἔλθωσι
1608 3716 1704 3771 διὰ

659 3795 900 3870 πριστοῦ
951 3795 1264 3860 ἐλέφαντος
1282 3833 1297 3856 ,
1367 3794 1441 3846 Οἴ
1482 3789 1531 3865 ῥ’
1583 3794 1705 3846 ἐλε-

658 3873 995 3942 φαίρονται,
1030 3866 1147 3921 ἔπε’
1170 3864 1472 3941 ἀκράαντα
1492 3870 1705 3940 φέρον-

659 3960 753 4008 τες
773 3960 787 3974 ·
840 3944 912 3995 Οἳ
956 3944 1018 3996 δὲ
1068 3942 1164 3996 διὰ
1212 3941 1430 4009 ξεστῶν
1478 3940 1704 4015 κεράων

658 4013 873 4070 ἔλθωσι
892 4015 1102 4090 θύραζε
1121 4056 1135 4081 ,
1173 4018 1248 4069 Οἴ
1261 4012 1310 4090 ῥ’
1332 4009 1518 4082 ιἔτυμα
1540 4019 1706 4088 κραί-

660 4108 851 4153 νουσι,
886 4090 1112 4164 βροτῶν
1146 4085 1244 4143 ὅτε
1264 4093 1363 4144 κέν
1384 4107 1470 4155 τις
1492 4089 1699 4157 ἴδηται.

660 4168 800 4229 virg.
835 4167 963 4217 Aen.
1002 4168 1060 4229 6,
1106 4165 1219 4217 894.
1261 4194 1315 4203 -
1356 4162 1705 4232 «Φάντασμα

661 4242 870 4303 autem,
926 4240 1124 4305 ima90,
1183 4252 1322 4303 quae
1368 4240 1550 4305 rapide
1596 4240 1706 4304 (fu-

1773 2332 1897 2370 cum
1922 2322 2058 2372 ducit
2081 2320 2205 2371 illud
2226 2325 2498 2384 somnium,
2532 2323 2677 2387 quod
2698 2336 2823 2374 cum

1773 2395 2004 2444 maxime
2038 2396 2221 2445 videre
2255 2397 2410 2456 nobis
2442 2397 2739 2447 videmur.»

1839 2466 1919 2519 42.
1957 2466 2038 2519 43.
2075 2469 2340 2533 Melita-sno]
2376 2470 2685 2531 «Quomodo
2706 2473 2827 2522 tat»

1776 2542 1902 2592 dem
1938 2542 2134 2593 factum
2172 2547 2279 2605 est,
2317 2548 2377 2594 ut
2406 2546 2582 2596 molius
2617 2544 2825 2608 (iucun—

1775 2616 1909 2679 dius)
1946 2615 2182 2667 dementi
2224 2619 2354 2669 mihi
2385 2619 2657 2669 videretur
2691 2632 2821 2669 nare

1774 2702 1873 2752 per
1905 2689 2097 2741 fluctus
2143 2703 2305 2754 quam
2348 2707 2414 2743 ex
2457 2692 2638 2742 vernis
2671 2692 2823 2742 flori-

1775 2762 1879 2813 bus
1913 2762 2137 2814 corollas
2173 2768 2416 2827 nectere,
2455 2767 2507 2816 in
2542 2777 2649 2829 quo
2672 2769 2823 2828 grato

1776 2849 1940 2900 opere
1976 2841 2230 2901 occupata
2272 2852 2422 2889 eram
2438 2841 2495 2887 ‘in
2541 2865 2596 2875 —-
2634 2838 2822 2902 longos]

1777 2924 1842 2960 ex
1865 2911 2129 2961 Phoenice
2154 2912 2206 2960 in
2230 2913 2464 2962 Cretam.
2519 2913 2719 2963 Mosch.
2757 2915 2789 2964 2
2807 2951 2820 2973 ,

1778 2984 1905 3037 ⁴53:
1939 2981 2127 3050 τόσην
2159 2976 2275 3035 ἅλα
2304 2982 2729 3055 μετρήσασθαι.

1841 3057 1922 3109 45.
1960 3059 2017 3108 Si
2050 3059 2176 3124 quis]
2213 3060 2330 3109 Nou
2372 3061 2455 3109 est
2486 3058 2818 3121 exclamatio,

1777 3134 1836 3180 ut
1883 3132 1938 3182 in
2006 3131 2182 3182 multis
2245 3132 2380 3183 Edd.
2449 3132 2818 3196 distinguitur:

1777 3206 1880 3255 St·
1903 3232 1932 3243 -
1955 3232 1982 3242 -
2005 3208 2243 3267 iratael,
2296 3207 2395 3257 sed
2446 3202 2726 3276 πρότασις
2766 3220 2818 3255 v.

1777 3280 1955 3329 enitar.
2015 3307 2071 3315 —-
2108 3280 2371 3342 infamem]
2414 3280 2823 3331 «detestandum

1776 3355 1995 3416 propter
2016 3353 2119 3402 hoc
2152 3353 2354 3417 ipsum,
2391 3353 2535 3417 quod
2557 3355 2823 3418 pudorem

1778 3426 1906 3476 mihi
1941 3430 2222 3491 erepturus
2258 3429 2391 3478 est.»

1842 3500 1924 3551 47.
1963 3500 2044 3551 48.
2082 3502 2274 3563 enitar]
2311 3501 2589 3552 «omnibus
2622 3501 2824 3552 viribus

1780 3574 2066 3625 conabor.»
2097 3602 2151 3610 —
2174 3576 2388 3625 muntem
2411 3576 2591 3637 amati]
2628 3575 2822 3625 «Cuius

1778 3649 1858 3699 ori
1891 3648 2051 3699 flores
2084 3649 2232 3711 virgo
2267 3648 2610 3710 admoverat,
2671 3649 2822 3699 cuius

1778 3734 1976 3772 cornua
2000 3722 2154 3773 sertis
2178 3723 2438 3782 cinxerat,
2466 3723 2616 3772 cuius
2636 3725 2824 3786 pecto-

1776 3810 1835 3846 ra
1888 3795 2134 3847 manibus
2182 3795 2484 3860 plauserat;
2549 3797 2627 3846 sic
2678 3796 2824 3845 enim

1778 3870 2044 3921 Ovidius.»
2096 3870 2421 3920 Tonusnrms.
2482 3894 2537 3906 -
2587 3870 2824 3930 monstri]

1777 3943 1953 3995 Altera
1987 3942 2143 3994 lectio
2178 3944 2319 3993 tauri
2354 3946 2438 3993 est
2470 3955 2536 3992 ex
2571 3941 2730 4005 gloss,
2769 3945 2824 3992 et

1778 4032 1843 4068 ex
1875 4031 1926 4067 v.
1966 4018 2046 4067 72.

1842 4093 2033 4142 50-52.
2070 4091 2353 4153 [mpudens]
2374 4086 2644 4154 Κλίμακα
2664 4089 2822 4139 huius

1774 4165 2128 4230 repetitionis,
2167 4176 2308 4226 quae
2343 4162 2544 4213 facilius
2576 4162 2818 4223 sentitur,

1775 4252 1937 4303 quam
1971 4238 2152 4290 verbis
2188 4239 2496 4302 exponitur,
2546 4237 2617 4287 ita
2652 4234 2823 4299 expli-
