3234 4975
652 385 772 448 240

1157 546 1334 609 Luna
1378 543 1567 619 mari,
1620 542 1967 609 Cnidiusve
2015 542 2266 630 GygeS,

1414 387 1670 438 ΗΟΗΑΊΊΙ
1708 388 2044 440 CARMINUM

2739 542 2823 605 20

987 704 1196 780 Quem
1249 702 1302 766 si
1348 701 1707 789 puellarum
1753 700 2079 767 insereres
2124 700 2354 773 choro,

998 823 1155 888 Mire
1201 841 1468 908 sagaces
1515 821 1764 887 falleret
1806 819 2095 907 hospites

1076 943 1433 1009 Discrimen
1479 939 1832 1008 obscurum
1875 940 2103 1007 solutis

1162 1061 1458 1129 Crinibus
1508 1061 1943 1149 ambiguoque
1986 1061 2180 1127 voltu.

780 1265 859 1314 20.
897 1264 1190 1326 auidiusque
1224 1262 1288 1321 T,
1328 1261 1627 1319 Cnidiusque
1661 1261 1725 1317 F,
1765 1260 2033 1309 Gnidiusve
2065 1261 2109 1307 J.

719 1366 772 1375 —-
810 1336 890 1387 24.
927 1335 1099 1386 Habet
1130 1335 1267 1385 voltu
1301 1348 1346 1383 c.

651 1516 814 1564 etiam
883 1513 1091 1562 Tacitus
1151 1510 1315 1561 habet
1391 1509 1698 1574 aliquoties)

652 1588 814 1637 etiam
864 1588 1149 1650 propterea
1197 1584 1340 1648 quod
1387 1598 1437 1634 ν.
1488 1586 1704 1634 renitere

654 1662 707 1710 in
744 1674 844 1711 usu
879 1673 983 1710 non
1021 1662 1181 1710 esset.

717 1734 799 1784 20.
840 1734 1014 1797 Gygae
1046 1734 1375 1783 mentionem
1401 1732 1514 1782 fleri
1539 1734 1702 1782 etiam

654 1806 723 1856 ab
760 1807 943 1856 Ovidio
989 1806 1114 1856 dicit
1157 1804 1358 1866 Schol.,
1407 1808 1552 1856 certe
1597 1819 1702 1856 non

653 1883 706 1930 in
730 1881 812 1942 iis,
839 1894 977 1944 quae
1004 1881 1233 1939 exstant,
1258 1881 1537 1944 poematis
1593 1881 1703 1929 Ve-

654 1967 774 2004 rum
810 1957 964 2003 acute
998 1951 1130 2003 vidit
1153 1956 1419 2004 Gesnerus
1444 1952 1588 2003 locos
1613 1952 1706 2003 ali-

651 2029 783 2091 quot
817 2027 1016 2078 similes
1052 2027 1219 2077 Ovidii
1253 2028 1388 2090 (Met.
1423 2027 1471 2089 3,
1510 2027 1623 2076 323.
1651 2027 1699 2087 9,

649 2102 786 2163 742.)
835 2102 903 2151 de
950 2102 1132 2165 pueris
1179 2115 1209 2151 a
1255 2099 1442 2164 puellis
1488 2102 1573 2150 vix
1620 2100 1703 2150 di—

652 2175 986 2239 stinguendis
1029 2175 1342 2225 obversatus
1378 2189 1498 2226 esse
1535 2177 1706 2226 Scho-

652 2239 836 2299 liastis.
897 2277 950 2287 -
1007 2250 1192 2300 Cnidus
1239 2261 1284 2299 ε.
1324 2249 1543 2311 Gnidus,
1599 2251 1705 2299 Ca-

652 2324 761 2373 riae
796 2323 944 2374 urbs.

719 2399 801 2447 24.
844 2398 1013 2462 Quem]
1052 2398 1270 2460 Egregia
1309 2398 1543 2461 quadam
1567 2400 1703 2448 ima-

650 2473 769 2537 gine
829 2474 881 2522 et
937 2473 1054 2522 ioco
1107 2471 1174 2521 ad
1224 2472 1431 2536 priores
1480 2486 1703 2536 prorsus

652 2547 920 2610 apposito,
949 2547 1098 2596 cuius
1122 2549 1460 2597 venustatem
1484 2549 1701 2598 minime

654 2620 908 2672 intellexit
942 2622 1003 2671 H.
1042 2623 1122 2681 P.,
1160 2625 1335 2684 poeta,
1372 2623 1433 2671 ut
1473 2622 1704 2673 decebat

651 2697 811 2758 atque
859 2694 1173 2759 oportebat,
1229 2708 1446 2745 carmen
1496 2694 1699 2747 clausit.

654 2769 816 2837 Fingit
850 2771 991 2820 enim
1020 2770 1314 2832 hospitibus,
1353 2770 1587 2821 convivis
1611 2770 1706 2819 ad-

650 2844 825 2904 veniS,
864 2845 955 2908 qui
989 2858 1219 2908 puerum
1255 2857 1360 2894 non
1395 2844 1543 2908 prius
1575 2857 1704 2894 nos-

651 2922 799 2978 sent,
839 2917 1113 2968 advocatis
1148 2919 1201 2967 in
1236 2917 1488 2968 conclave
1526 2919 1704 2969 induci

650 2990 947 3055 puellarum
985 2992 1209 3041 chorum
1245 2994 1405 3056 atque
1440 2992 1579 3041 inter
1609 3007 1703 3044 eas

651 3063 901 3115 muliebri
932 3066 1085 3115 veste
1109 3067 1329 3128 Gygem,
1370 3067 1459 3129 qui
1482 3070 1705 3130 propter

653 3141 828 3190 crines
850 3152 1041 3203 passos
1066 3141 1120 3189 et
1154 3152 1319 3202 genas
1355 3139 1595 3192 nondum
1630 3140 1705 3191 la-

653 3213 847 3276 nugine
866 3212 1125 3264 flaventes
1141 3214 1228 3263 vix
1245 3213 1313 3263 ab
1340 3213 1437 3264 illis
1456 3213 1703 3278 distingui

652 3289 855 3353 posset.
927 3288 1091 3337 «Tum
1126 3288 1468 3350 quantumvis
1489 3291 1703 3354 perspi-

653 3374 836 3422 caces,
882 3362 928 3411 si
970 3361 1033 3410 iis
1067 3361 1417 3425 significasset
1449 3365 1705 3414 conviva-

653 3441 738 3488 tor
785 3448 1015 3501 puerum
1068 3434 1232 3486 latere
1284 3436 1422 3486 inter
1474 3437 1699 3502 puellas,

653 3512 849 3562 mirum
874 3512 926 3560 in
950 3510 1171 3561 modum
1195 3511 1575 3577 deciperentur
1593 3514 1705 3562 vix-

652 3601 759 3652 que
810 3599 935 3636 eum
987 3589 1407 3649 agnoscerent.»
1464 3615 1517 3624 -
1570 3589 1703 3640 Mire

654 3661 811 3724 iunge
846 3675 970 3712 cum
1005 3676 1055 3711 v.
1092 3661 1307 3724 falleret,
1346 3674 1450 3712 non
1489 3675 1612 3712 cum
1646 3676 1697 3712 v.

2159 1262 2233 1322 (ve
2277 1259 2490 1310 firmant
2537 1260 2718 1310 BbScd
2729 1262 2759 1321 .)

1774 1523 1994 1574 myaces.
2067 1510 2288 1574 Saqaces
2308 1512 2491 1560 autem
2514 1514 2821 1576 propterea,

1777 1583 1922 1646 quod
1957 1583 2166 1633 curiose
2203 1584 2426 1648 hospitis
2463 1585 2638 1634 iocum
2673 1584 2828 1633 dete-

1776 1670 1902 1719 gere
1939 1659 2214 1721 cuperent.

1843 1732 1925 1781 23.
1963 1733 2243 1782 Discrimen
2265 1730 2545 1794 obscurum]
2576 1733 2660 1781 Sic
2684 1730 2827 1794 apud

1778 1806 2001 1855 Statium
2052 1804 2234 1856 Achill.
2291 1806 2346 1867 4,
2401 1805 2516 1856 336.
2598 1803 2827 1855 Achilles

1777 1879 1916 1929 inter
1961 1879 2293 1929 Deidamiam
2338 1882 2392 1930 et
2434 1892 2671 1931 sorores:
2723 1879 2829 1941 sal-

1778 1954 1932 2015 litque
1964 1958 2151 2003 tuentes
2182 1953 2453 2017 Ambigua-5
2484 1955 2716 2014 tenuique
2744 1954 2828 2003 la-

1776 2032 1882 2077 tens
1915 2028 2199 2077 discrimine
2233 2041 2399 2076 semis.

1841 2100 1923 2151 24.
1996 2100 2247 2163 Crinibus]
2320 2100 2547 2150 Alebant
2613 2113 2823 2151 comam

1775 2176 1953 2240 pueri,
2016 2190 2124 2225 non
2175 2174 2348 2226 solum
2399 2174 2634 2237 delicati,
2697 2175 2823 2232 sed.

1775 2252 1835 2298 ut
1865 2248 2102 2309 videtur,
2157 2250 2318 2299 etiam
2360 2251 2572 2312 ingenui
2616 2263 2679 2299 ac
2720 2264 2825 2314 pu-

1776 2323 1905 2383 dici,
1952 2336 2124 2386 usque
2161 2322 2288 2372 dum
2313 2325 2492 2386 togam
2513 2337 2705 2386 puram
2728 2336 2820 2373 su—

1777 2399 2001 2447 merent.
2049 2398 2229 2447 Iuven.
2273 2399 2358 2459 ⁴5,
2415 2398 2539 2447 ⁴36:
2593 2396 2822 2461 pupillus

1776 2473 2050 2536 ingennuS‚
2057 2474 2199 2522 cuius
2241 2474 2511 2522 manantia
2553 2475 2674 2538 fletu
2719 2474 2827 2523 Ora

1770 2548 2224 2610 puellaressaciunt
2238 2548 2629 2609 incertae-apim.
2653 2547 2822 2610 Epod.

1779 2623 1866 2682 44,
1915 2622 1997 2671 28.
2037 2621 2104 2671 de
2148 2620 2400 2671 delicato:
2455 2622 2621 2672 teretis
2656 2622 2824 2683 pueri,

1777 2696 1979 2759 lonqam
2011 2698 2302 2745 renodantis
2322 2709 2533 2745 comam.
2574 2696 2830 2745 Huiusce·

1777 2769 1922 2819 modi
1955 2767 2250 2832 puellarem
2285 2783 2514 2833 puerum
2552 2770 2620 2819 ad
2655 2783 2713 2819 se
2737 2783 2831 2817 xo-

1777 2844 1864 2892 cat
1886 2848 2163 2893 Anacreon
2200 2845 2280 2893 Fr.
2321 2843 2408 2893 ed.
2436 2845 2622 2906 Bergk.
2650 2857 2704 2908 p.
2731 2844 2823 2892 82:

1770 2908 1839 2966 Ὦ
1875 2922 1986 2967 παῖ
2015 2917 2327 2988 παρθένιον
2359 2916 2618 2978 βλέπων,
2660 2916 2829 2981 Δί’ςη-

1775 2994 1885 3055 μαί
1919 3006 2005 3041 σε.
2048 3020 2102 3028 -
2153 2991 2510 3054 lungendum:
2547 2992 2830 3042 Discrimon

1777 3065 2042 3116 obscurum
2070 3066 2266 3129 falleret
2299 3066 2510 3128 hospites
2541 3066 2712 3115 solutis
2732 3065 2832 3114 cri-

1774 3141 1945 3203 nibuS,
1983 3153 2090 3192 non
2115 3154 2240 3190 cum
2262 3139 2399 3190 aliis:
2438 3140 2719 3190 Discrimon
2740 3138 2832 3188 ob-

1775 3228 1978 3266 scwwn
1989 3214 2161 3264 solutis
2170 3215 2392 3264 crinibus
2404 3215 2643 3278 (propter
2655 3215 2830 3265 crines

1776 3289 1977 3341 solutos
1999 3303 2159 3352 aegre
2183 3290 2459 3339 dumtaxat
2495 3289 2831 3353 perspicien-

1777 3363 1923 3426 dum)
1957 3363 2154 3427 falleret
2197 3364 2425 3425 hospites.
2472 3389 2527 3399 —
2565 3363 2831 3427 mnbiyuo-

1778 3438 1889 3503 que]
1921 3437 2170 3488 Similiter
2191 3438 2384 3488 Statius
2407 3435 2590 3487 Achill.
2626 3439 2673 3498 4,
2712 3436 2826 3486 336.

1777 3512 1846 3562 de
1888 3512 2086 3563 Achille
2132 3510 2557 3562 adolescentulo:
2602 3511 2833 3575 fallitque

1777 3592 1964 3638 ιυοηιοε
2002 3587 2353 3650 Ammaous
2397 3587 2627 3648 tenuique
2674 3587 2832 3635 latens

1778 3663 2064 3713 discrimino
2095 3675 2262 3713 sexus.
