3234 4975
648 405 770 468 555⁴·
1405 408 1657 457 ΙΙΟΒΑΤΙΙ
1700 409 2035 459 CARmNUM

1282 629 2010 688 Excunsus
2092 633 2140 686 Ι.

1475 768 1920 819 Annam-24.

780 915 1065 965 “Vindelici
1089 914 1391 966 incolebant
1412 917 1549 966 inter
1572 915 1898 976 Danubium,
1925 918 2130 967 Aenum
2155 920 2210 967 et
2240 916 2416 969 lacum
2437 919 2816 981 Brigantinum;

647 1000 794 1049 Raeti
836 998 959 1049 inde
993 1013 1025 1049 a
1059 998 1344 1050 Vindelicis
1384 999 1666 1049 meridiem
1711 1012 1903 1051 versus
1947 1012 2118 1064 usque
2162 1000 2230 1051 ad
2275 1001 2476 1052 ltaliam
2517 1015 2676 1065 supra
2714 1004 2818 1051 Co-

646 1095 795 1132 mum
830 1086 884 1133 et
921 1085 1187 1133 Veronam
1220 1082 1579 1147 pertinebant,
1617 1084 1742 1133 hinc
1765 1083 1947 1135 Rheno
1972 1086 2026 1134 et
2047 1085 2251 1145 Ticino,
2289 1084 2427 1135 illinc
2451 1084 2589 1135 Plavi
2607 1123 2619 1144 ,
2648 1085 2820 1134 fluviis

646 1168 926 1217 terminati.
997 1166 1335 1230 Attingebant
1378 1167 1588 1230 utrique
1633 1165 1701 1215 ab
1745 1179 1941 1217 occasu
1977 1167 2268 1227 Helvetios,
2323 1167 2392 1218 ab
2428 1171 2546 1218 ortu
2581 1168 2816 1227 Noricos,

645 1250 792 1300 Raeti
834 1253 995 1300 etiam
1039 1252 1257 1301 Carnos.
1330 1250 1547 1299 Constat
1593 1249 1661 1299 de
1696 1263 1761 1300 eo
1796 1250 1899 1300 situ
1934 1264 1964 1300 e
2000 1250 2171 1300 Strab.
2210 1250 2258 1301 4.
2298 1264 2417 1314 pag.
2455 1251 2570 1300 206.
2609 1251 2656 1299 7.
2695 1264 2815 1313 pag.

644 1335 758 1384 292.
798 1332 925 1384 Plin.
964 1333 1019 1395 3,
1056 1334 1137 1383 20.
1210 1334 1371 1383 Erant
1411 1335 1593 1383 autem
1636 1332 1816 1397 populi
1860 1347 1984 1384 cum
2029 1336 2478 1394 numerosissimi,
2533 1337 2646 1385 tum
2690 1332 2820 1383 locis

646 1418 1003 1477 munitissimi,
1042 1416 1112 1466 ob
1147 1415 1306 1480 Alpes
1340 1415 1569 1476 scilicet,
1608 1417 1659 1465 in
1696 1416 1865 1480 iisque
1891 1415 2104 1467 castella
2129 1419 2300 1481 posita
2328 1418 2438 1479 (Οά.
2467 1417 2523 1475 4,
2565 1416 2653 1476 44,
2695 1417 2816 1477 iz),

647 1501 878 1564 denique
929 1500 1222 1560 fortissimi,
1276 1498 1693 1559 bellicosissimi,
1748 1501 2060 1550 saevissimi.
2133 1500 2315 1550 Vellei.
2355 1502 2411 1561 ἑ,
2467 1501 2548 1550 95,
2588 1498 2719 1550 Flor.
2759 1498 2816 1557 4,

648 1585 738 1645 42,
785 1583 833 1634 4.
873 1582 947 1634 llli
990 1584 1175 1646 igitur,
1220 1584 1343 1633 inde
1389 1582 1457 1633 ab
1493 1581 1671 1646 aliquo
1705 1586 1948 1646 tempore
1983 1585 2212 1633 vicinam
2248 1583 2464 1635 Galliam
2499 1583 2820 1647 Cisalpinam

644 1665 907 1731 populati,
963 1668 1123 1716 etiam
1166 1668 1218 1717 in
1262 1665 1462 1716 ltaliam
1505 1665 1727 1716 crebras
1768 1666 2097 1718 incursiones
2144 1668 2380 1718 fecerant
2423 1681 2600 1731 neque
2646 1665 2820 1717 solum

648 1749 871 1800 multam
912 1749 1035 1800 inde
1077 1750 1336 1813 praedam
1379 1752 1624 1812 egerant,
1679 1748 1776 1799 sed
1822 1750 1984 1800 etiam
2017 1763 2208 1813 magna
2243 1752 2295 1800 in
2330 1752 2566 1814 captivos
2601 1751 2820 1800 saevitia

648 1837 800 1883 erant
847 1833 947 1882 usi.
1007 1834 1180 1892 Quare
1231 1834 1497 1895 Augustus
1549 1845 1596 1881 a.
1640 1845 1694 1881 u.
1740 1846 1788 1881 c.
1834 1832 1947 1882 739.
1991 1835 2223 1897 primum
2271 1836 2503 1885 Drusum
2550 1835 2819 1883 Neronem

649 1917 792 1980 (tunc
826 1916 1191 1978 quaestorem)
1245 1920 1427 1966 contra
1476 1929 1568 1965 eos
1604 1929 1730 1966 cum
1772 1917 2008 1966 exercitu
2044 1918 2212 1975 misit,
2268 1917 2356 1980 qui
2409 1916 2476 1965 ad
2512 1914 2671 1981 Alpes
2704 1916 2821 1966 Tri-

645 2000 890 2051 dentinas
938 1998 1152 2048 obviam
1200 1998 1300 2049 sibi
1352 1999 1518 2049 factos
1568 2000 1766 2062 ingenti
1811 1999 2015 2063 proelio
2082 2001 2230 2062 vicit,
2295 2001 2518 2064 eiusque
2566 2000 2819 2049 victoriae

646 2096 807 2133 causa
853 2083 1147 2146 praetorios
1184 2082 1413 2133 bonores
1448 2084 1674 2147 adeptus
1697 2087 1796 2133 est.
1855 2085 2055 2134 Verum
2095 2083 2163 2134 ab
2206 2082 2348 2134 ltalia
2390 2084 2573 2133 reiecti
2601 2082 2820 2132 barbari

650 2180 775 2216 mox
831 2163 1047 2215 Galliam
1109 2165 1284 2215 denuo
1343 2170 1630 2230 premunt,
1705 2167 1884 2230 itaque
1946 2169 2213 2230 Augustus
2273 2166 2542 2217 Tiberium
2603 2178 2817 2230 quoque

646 2252 942 2309 Neronem,
1004 2251 1174 2300 Druso
1225 2249 1522 2300 adiutorem
1573 2251 1781 2311 datum,
1835 2251 2092 2301 adversus
2125 2249 2239 2300 illos
2274 2250 2448 2300 mittit.
2518 2252 2654 2312 Ergo
2687 2251 2822 2299 Dru-

647 2345 739 2384 sus
769 2346 831 2383 ac
855 2331 1096 2383 Tiberius
1134 2331 1311 2383 multis
1344 2333 1499 2383 simul
1534 2332 1664 2383 locis
1718 2333 1790 2396 [et
1823 2333 2063 2383 Tiberius
2098 2333 2315 2397 quidem
2351 2347 2416 2383 ex
2453 2332 2685 2383 Helvetia
2723 2345 2821 2396 per

648 2415 823 2467 lacum
872 2415 1250 2481 Brigantinum]
1322 2417 1371 2464 in
1423 2429 1609 2466 eorum
1663 2417 1796 2466 fines
1866 2418 2153 2481 irruptione
2223 2418 2383 2479 sacta,
2461 2418 2657 2467 divisos
2707 2416 2819 2465 dis-

648 2503 953 2566 sipatosque
1022 2500 1198 2551 multis
1264 2501 1498 2564 aggressi
1560 2500 1774 2565 proeliis
1839 2502 2255 2566 expugnatisque
2320 2515 2508 2551 eorum
2557 2498 2814 2560 castellis,

649 2586 837 2646 exiguo
872 2597 996 2634 cum
1030 2584 1225 2634 damno
1261 2584 1478 2634 Romani
1514 2585 1778 2634 exercitus
1815 2586 1966 2634 unica
1993 2589 2192 2634 aestate
2228 2585 2664 2649 perdomuerunt.
2720 2585 2818 2634 Dio

646 2669 737 2730 54,
774 2669 855 2717 22.
917 2667 1092 2717 strab.
1135 2670 1189 2718 et
1233 2666 1414 2717 Vellei.
1455 2665 1504 2716 ll.
1554 2665 1604 2716 ΙΙ.
1683 2669 1797 2727 Quo
1848 2668 1984 2717 sacto
2035 2670 2212 2718 Raetia
2263 2670 2533 2733 provincia
2581 2670 2819 2718 Romano

648 2753 872 2816 imperio
905 2751 1178 2812 adiuncta,
1233 2764 1371 2815 quae
1407 2754 1461 2801 et
1494 2752 1731 2801 Raetiam
1766 2753 2034 2814 propriam
2071 2756 2126 2804 et
2160 2751 2505 2802 Vindeliciam
2539 2748 2815 2813 complexa

650 2837 736 2885 uni
777 2837 991 2899 pareret
1031 2836 1288 2897 praesidi:
1347 2834 1492 2884 unde
1535 2847 1699 2898 saepe
1735 2837 1961 2897 uterque
1996 2834 2221 2899 populus
2256 2848 2362 2885 uno
2396 2837 2683 2885 Raetorum
2718 2847 2817 2882 no-

646 2920 790 2969 mine
823 2916 1094 2982 appellati,
1132 2915 1255 2967 licet
1288 2930 1506 2980 semper
1538 2916 1734 2968 finibus
1769 2919 1878 2968 suis
1902 2920 1956 2967 et
1977 2920 2204 2983 separati
2229 2918 2539 2968 manserint.
2608 2918 2816 2966 seriore

647 3004 849 3060 aetate,
905 3013 1030 3049 cum
1081 3013 1215 3049 nova
1264 3001 1659 3063 provinciarum
1705 3001 1893 3051 divisio
1937 3002 2325 3062 institueretur,
2381 3001 2560 3051 Raetia
2602 3000 2818 3064 propria

645 3086 833 3134 vocata
868 3083 962 3133 suit
995 3083 1172 3133 Raetia
1207 3083 1407 3147 prima,
1446 3082 1732 3134 Vindelicia
1769 3085 1946 3135 Raetia
1971 3085 2238 3145 secunda;
2276 3086 2399 3135 hinc
2423 3088 2476 3135 et
2510 3085 2819 3148 frequenter

646 3167 859 3218 Raetiae
881 3165 1067 3230 plurali
1092 3179 1315 3216 numero
1338 3167 1536 3226 dictae,
1570 3169 1832 3232 imprimis
1856 3168 1996 3232 apud
2028 3170 2383 3219 Ammianum.
2415 3196 2468 3203 —
2496 3166 2641 3217 Illam
2665 3167 2820 3230 igitur

647 3250 802 3301 Drusi
836 3248 1136 3313 Tiberiique
1172 3250 1448 3301 victoriam
1485 3250 1762 3302 celebrare
1798 3251 1866 3300 ab
1903 3254 2137 3314 Augusto
2173 3254 2349 3302 iussus
2384 3251 2628 3301 Horatius
2663 3251 2819 3300 huius

646 3334 764 3385 libri
798 3347 1013 3384 carmen
1040 3334 1141 3383 boc
1166 3336 1219 3384 et
1241 3338 1488 3398 quartum
1514 3336 1784 3385 decimum
1803 3373 1814 3394 ,
1854 3349 2029 3398 neque
2054 3338 2234 3385 tamen
2255 3336 2401 3398 prius
2424 3347 2586 3398 quam
2609 3347 2656 3383 a.
2684 3347 2737 3384 u.
2765 3349 2814 3383 c.

646 3418 758 3469 744.
788 3420 909 3482 post
924 3418 1143 3480 Augusti
1166 3417 1397 3468 reditum
1419 3419 1735 3482 composuit.
1775 3417 1978 3481 [Eidem
2002 3431 2142 3469 anno
2165 3419 2436 3481 assignant
2451 3417 2820 3479 Dillenburger

646 3506 701 3553 et
733 3500 1019 3552 Grotefend
1055 3502 1299 3565 sehr-inst.
1326 3502 1506 3566 Laufb.
1535 3504 1619 3552 dos
1637 3502 1876 3552 Horatius
1897 3515 1949 3565 p.
1976 3501 2078 3565 34.]
2114 3503 2364 3552 Nostrum
2385 3502 2490 3551 boc
2511 3502 2725 3565 proprie
2749 3501 2816 3550 ad

646 3588 897 3647 Drusum,
925 3586 1381 3650 quemadmodum
1404 3584 1630 3635 alterum
1656 3584 1781 3635 illud
1804 3586 2035 3635 maxime
2059 3585 2125 3634 ad
2150 3585 2419 3635 Tiberium
2441 3585 2686 3648 pertinet.
2703 3610 2732 3621 ·
2749 3609 2818 3620 -·

646 3673 701 3720 ln
744 3672 993 3720 universo
1031 3673 1208 3720 autem
1251 3668 1389 3720 bello
1430 3669 1642 3719 Raetico
1680 3670 1879 3732 primas
1917 3672 2097 3733 partes
2137 3670 2309 3719 Druso
2340 3668 2504 3717 ceteri
2528 3668 2819 3730 scriptores

644 3756 858 3820 praeter
880 3754 1071 3803 Tiberii
1096 3752 1443 3810 adulatorem,
1472 3750 1747 3812 Velleium,
1775 3751 2027 3802 tribuunt.
2054 3753 2186 3802 Vide
2207 3754 2366 3802 etiam
2384 3752 2598 3800 Sueton.
2628 3748 2812 3800 Claud.

646 3841 692 3888 4.
733 3838 876 3890 Unde
912 3836 1062 3887 facile
1098 3835 1420 3899 intelligitur,
1460 3835 1731 3898 quomodo
1766 3834 1964 3885 sactum
1986 3837 2081 3897 sit,
2121 3840 2173 3885 ut
2209 3836 2311 3886 hoc
2345 3835 2578 3885 carmine
2615 3835 2818 3883 Drusus

645 3923 905 3985 imprimis
930 3923 1215 3971 Raetorum
1236 3919 1738 3983 Vindelicorumque
1763 3921 1931 3970 victor
1955 3922 2252 3970 caneretur.
2292 3920 2578 3970 Raetorum
2601 3917 2819 3980 inquam

648 4011 701 4056 et
732 4003 1153 4062 vindelicorum,
1202 4003 1345 4067 quod
1380 4004 1523 4053 enim
1557 4001 1825 4054 Bentleius
1859 4003 2116 4064 affirmat,
2153 4003 2385 4053 Drusum
2422 4014 2546 4052 cum
2584 3997 2818 4049 Vindeli-

647 4092 725 4140 cis
767 4091 998 4148 tantum,
1052 4102 1174 4139 cum
1212 4089 1384 4137 Raetis
1419 4087 1688 4137 Tiberium
1731 4100 2024 4150 pugnasse,
2079 4087 2131 4137 id
2166 4099 2290 4137 cum
2334 4087 2384 4136 in
2421 4083 2602 4135 velleii
2638 4082 2818 4132 verbis

646 4180 852 4235 uterque
885 4173 1053 4222 divisis
1078 4172 1311 4233 partibus
1332 4174 1508 4221 Raetos
1537 4171 1899 4232 Vindelicosque
1921 4172 2144 4235 cypressi
2179 4170 2488 4234 neutiquam
2525 4168 2663 4226 insit,
2704 4170 2818 4215 tum

649 4262 701 4308 et
736 4256 975 4307 eiusdem
1012 4253 1191 4305 Velleii
1227 4254 1344 4306 loco
1381 4254 1481 4304 alio
1521 4257 1599 4318 (ἒ,
1644 4255 1811 4316 4ἳῗ.),
1850 4254 1941 4305 ubi
1982 4254 2252 4305 Tiberium
2294 4253 2652 4304 Vindelicorum
2687 4252 2817 4299 Rae-
