<?xml version="1.0" encoding="UTF-8"?>
<!DOCTYPE html PUBLIC "-//W3C//DTD XHTML 1.0 Transitional//EN"
    "http://www.w3.org/TR/xhtml1/DTD/xhtml1-transitional.dtd">
<html xmlns="http://www.w3.org/1999/xhtml" xml:lang="en" lang="en">
 <head>
  <title>
</title>
<meta http-equiv="Content-Type" content="text/html;charset=utf-8" />
  <meta name='ocr-system' content='tesseract 3.04.00' />
  <meta name='ocr-capabilities' content='ocr_page ocr_carea ocr_par ocr_line ocrx_word'/>
</head>
<body>
  <div class='ocr_page' id='page_1' title='image "./qhoratiusflaccu05baitgoog_0184.png"; bbox 0 0 3234 4975; ppageno 0'>
   <div class='ocr_carea' id='block_1_1' title="bbox 669 380 791 447">
    <p class='ocr_par' dir='ltr' id='par_1_1' title="bbox 669 380 791 447">
     <span class='ocr_line' id='line_1_1' title="bbox 669 380 791 447; baseline 0.016 -2"><span class='ocrx_word' id='word_1_1' title='bbox 669 380 694 445; x_wconf 76' lang='lat' dir='ltr'>¹l</span> <span class='ocrx_word' id='word_1_2' title='bbox 710 383 791 447; x_wconf 79' lang='lat'>56</span> 
     </span>
    </p>
   </div>
   <div class='ocr_carea' id='block_1_2' title="bbox 751 540 1361 626">
    <p class='ocr_par' dir='ltr' id='par_1_2' title="bbox 751 540 1361 626">
     <span class='ocr_line' id='line_1_2' title="bbox 751 540 1361 626; baseline 0 -22"><span class='ocrx_word' id='word_1_3' title='bbox 751 541 1027 605; x_wconf 79' lang='lat' dir='ltr'>Naturae</span> <span class='ocrx_word' id='word_1_4' title='bbox 1073 540 1361 626; x_wconf 84' lang='lat' dir='ltr'>verique.</span> 
     </span>
    </p>
   </div>
   <div class='ocr_carea' id='block_1_3' title="bbox 1453 541 2452 611">
    <p class='ocr_par' dir='ltr' id='par_1_3' title="bbox 1453 541 2452 611">
     <span class='ocr_line' id='line_1_3' title="bbox 1453 541 2452 611; baseline 0.002 -4"><span class='ocrx_word' id='word_1_5' title='bbox 1453 541 1584 607; x_wconf 90' lang='lat' dir='ltr'>Sed</span> <span class='ocrx_word' id='word_1_6' title='bbox 1630 563 1855 608; x_wconf 89' lang='lat' dir='ltr'>omnes</span> <span class='ocrx_word' id='word_1_7' title='bbox 1901 565 2030 609; x_wconf 87' lang='lat' dir='ltr'>una</span> <span class='ocrx_word' id='word_1_8' title='bbox 2074 555 2287 611; x_wconf 86' lang='lat' dir='ltr'>manet</span> <span class='ocrx_word' id='word_1_9' title='bbox 2333 567 2452 611; x_wconf 83' lang='lat' dir='ltr'>nox</span> 
     </span>
    </p>
   </div>
   <div class='ocr_carea' id='block_1_4' title="bbox 1444 388 2073 441">
    <p class='ocr_par' dir='ltr' id='par_1_4' title="bbox 1444 388 2073 441">
     <span class='ocr_line' id='line_1_4' title="bbox 1444 388 2073 441; baseline 0.003 -4"><span class='ocrx_word' id='word_1_10' title='bbox 1444 388 1699 437; x_wconf 76' lang='lat' dir='ltr'>HORATll</span> <span class='ocrx_word' id='word_1_11' title='bbox 1739 388 2073 441; x_wconf 77' lang='lat' dir='ltr'>CARMINUM</span> 
     </span>
    </p>
   </div>
   <div class='ocr_carea' id='block_1_5' title="bbox 2766 546 2835 610">
    <p class='ocr_par' dir='ltr' id='par_1_5' title="bbox 2766 546 2835 610">
     <span class='ocr_line' id='line_1_5' title="bbox 2801 548 2829 563; baseline 0.036 -1"><span class='ocrx_word' id='word_1_12' title='bbox 2801 548 2829 563; x_wconf 60' lang='lat' dir='ltr'>&#39;J</span> 
     </span>
     <span class='ocr_line' id='line_1_6' title="bbox 2766 546 2835 610; baseline -0.058 0"><span class='ocrx_word' id='word_1_13' title='bbox 2766 546 2782 610; x_wconf 85' lang='grc' dir='ltr'>Ι</span> <span class='ocrx_word' id='word_1_14' title='bbox 2798 570 2835 607; x_wconf 72' lang='lat' dir='ltr'>i)</span> 
     </span>
    </p>
   </div>
   <div class='ocr_carea' id='block_1_6' title="bbox 1089 660 2077 731">
    <p class='ocr_par' dir='ltr' id='par_1_6' title="bbox 1089 660 2077 731">
     <span class='ocr_line' id='line_1_7' title="bbox 1089 660 2077 731; baseline 0.003 -6"><span class='ocrx_word' id='word_1_15' title='bbox 1089 661 1163 725; x_wconf 90' lang='lat' dir='ltr'>Et</span> <span class='ocrx_word' id='word_1_16' title='bbox 1206 660 1512 727; x_wconf 86' lang='lat' dir='ltr'>calcanda</span> <span class='ocrx_word' id='word_1_17' title='bbox 1559 662 1760 729; x_wconf 91' lang='lat' dir='ltr'>semel</span> <span class='ocrx_word' id='word_1_18' title='bbox 1804 665 1908 729; x_wconf 88' lang='lat' dir='ltr'>via</span> <span class='ocrx_word' id='word_1_19' title='bbox 1952 664 2077 731; x_wconf 88' lang='lat' dir='ltr'>leti.</span> 
     </span>
    </p>
   </div>
   <div class='ocr_carea' id='block_1_7' title="bbox 749 852 2297 1055">
    <p class='ocr_par' dir='ltr' id='par_1_7' title="bbox 749 852 2297 1055">
     <span class='ocr_line' id='line_1_8' title="bbox 749 852 2297 943; baseline 0.001 -22"><span class='ocrx_word' id='word_1_20' title='bbox 749 857 915 921; x_wconf 87' lang='lat' dir='ltr'>Dant</span> <span class='ocrx_word' id='word_1_21' title='bbox 957 852 1116 919; x_wconf 87' lang='lat' dir='ltr'>alios</span> <span class='ocrx_word' id='word_1_22' title='bbox 1165 854 1392 920; x_wconf 80' lang='lat' dir='ltr'>Furiae</span> <span class='ocrx_word' id='word_1_23' title='bbox 1439 865 1623 921; x_wconf 85' lang='lat' dir='ltr'>torvo</span> <span class='ocrx_word' id='word_1_24' title='bbox 1671 856 2042 943; x_wconf 88' lang='lat' dir='ltr'>spectacula</span> <span class='ocrx_word' id='word_1_25' title='bbox 2086 859 2297 931; x_wconf 84' lang='lat' dir='ltr'>Marti;</span> 
     </span>
     <span class='ocr_line' id='line_1_9' title="bbox 1087 975 2238 1055; baseline 0.003 -16"><span class='ocrx_word' id='word_1_26' title='bbox 1087 975 1290 1040; x_wconf 81' lang='lat' dir='ltr'>Exitio</span> <span class='ocrx_word' id='word_1_27' title='bbox 1327 987 1425 1041; x_wconf 91' lang='lat' dir='ltr'>est</span> <span class='ocrx_word' id='word_1_28' title='bbox 1469 975 1727 1041; x_wconf 88' lang='lat' dir='ltr'>avidum</span> <span class='ocrx_word' id='word_1_29' title='bbox 1772 998 1948 1043; x_wconf 92' lang='lat' dir='ltr'>mare</span> <span class='ocrx_word' id='word_1_30' title='bbox 1995 980 2238 1055; x_wconf 87' lang='lat' dir='ltr'>nautis;</span> 
     </span>
    </p>
   </div>
   <div class='ocr_carea' id='block_1_8' title="bbox 727 1236 2765 1380">
    <p class='ocr_par' dir='ltr' id='par_1_8' title="bbox 727 1236 2765 1380">
     <span class='ocr_line' id='line_1_10' title="bbox 792 1236 2764 1308; baseline 0.003 -18"><span class='ocrx_word' id='word_1_31' title='bbox 792 1242 873 1290; x_wconf 81' lang='grc'>45.</span> <span class='ocrx_word' id='word_1_32' title='bbox 911 1238 1032 1302; x_wconf 70' lang='lat' dir='ltr'>nox]</span> <span class='ocrx_word' id='word_1_33' title='bbox 1075 1251 1211 1288; x_wconf 84' lang='lat' dir='ltr'>mors</span> <span class='ocrx_word' id='word_1_34' title='bbox 1253 1238 1308 1286; x_wconf 88' lang='lat' dir='ltr'>T.</span> <span class='ocrx_word' id='word_1_35' title='bbox 1353 1265 1406 1275; x_wconf 91' lang='lat'><strong>—</strong></span> <span class='ocrx_word' id='word_1_36' title='bbox 1447 1238 1524 1287; x_wconf 98' lang='grc'>48.</span> <span class='ocrx_word' id='word_1_37' title='bbox 1563 1239 1727 1288; x_wconf 73' lang='lat' dir='ltr'>avidis</span> <span class='ocrx_word' id='word_1_38' title='bbox 1762 1236 1950 1299; x_wconf 76' lang='lat' dir='ltr'>Aldus,</span> <span class='ocrx_word' id='word_1_39' title='bbox 1998 1241 2128 1301; x_wconf 88' lang='lat' dir='ltr'>LCt,</span> <span class='ocrx_word' id='word_1_40' title='bbox 2178 1243 2323 1304; x_wconf 88' lang='lat' dir='ltr'>(item</span> <span class='ocrx_word' id='word_1_41' title='bbox 2365 1240 2398 1291; x_wconf 84' lang='grc' dir='ltr'><em>δ</em></span> <span class='ocrx_word' id='word_1_42' title='bbox 2432 1257 2517 1308; x_wconf 90' lang='lat' dir='ltr'>ap.</span> <span class='ocrx_word' id='word_1_43' title='bbox 2557 1246 2764 1296; x_wconf 84' lang='lat' dir='ltr'>Kirchn.</span> 
     </span>
     <span class='ocr_line' id='line_1_11' title="bbox 727 1311 2765 1380; baseline 0.002 -15"><span class='ocrx_word' id='word_1_44' title='bbox 727 1317 789 1365; x_wconf 88' lang='lat' dir='ltr'>N.</span> <span class='ocrx_word' id='word_1_45' title='bbox 827 1315 1061 1373; x_wconf 87' lang='lat' dir='ltr'>Quaestt.</span> <span class='ocrx_word' id='word_1_46' title='bbox 1101 1314 1279 1363; x_wconf 81' lang='lat' dir='ltr'><strong>Horat.</strong></span> <span class='ocrx_word' id='word_1_47' title='bbox 1315 1325 1367 1376; x_wconf 89' lang='lat' dir='ltr'>p.</span> <span class='ocrx_word' id='word_1_48' title='bbox 1405 1312 1527 1373; x_wconf 83' lang='lat'>56.),</span> <span class='ocrx_word' id='word_1_49' title='bbox 1559 1314 1761 1375; x_wconf 77' lang='lat' dir='ltr'>pavidis</span> <span class='ocrx_word' id='word_1_50' title='bbox 1812 1313 1942 1363; x_wconf 88' lang='lat' dir='ltr'>Cod.</span> <span class='ocrx_word' id='word_1_51' title='bbox 1969 1311 2055 1363; x_wconf 90' lang='lat' dir='ltr'>Sil.</span> <span class='ocrx_word' id='word_1_52' title='bbox 2086 1314 2165 1375; x_wconf 90' lang='lat' dir='ltr'>(Ut</span> <span class='ocrx_word' id='word_1_53' title='bbox 2196 1329 2318 1377; x_wconf 88' lang='lat' dir='ltr'>nos,</span> <span class='ocrx_word' id='word_1_54' title='bbox 2362 1330 2549 1369; x_wconf 87' lang='lat' dir='ltr'>omnes</span> <span class='ocrx_word' id='word_1_55' title='bbox 2584 1322 2765 1380; x_wconf 86' lang='lat' dir='ltr'>nostri,</span> 
     </span>
    </p>
   </div>
   <div class='ocr_carea' id='block_1_9' title="bbox 728 1386 1565 1453">
    <p class='ocr_par' dir='ltr' id='par_1_9' title="bbox 728 1386 1565 1453">
     <span class='ocr_line' id='line_1_12' title="bbox 728 1386 1565 1453; baseline -0.005 -14"><span class='ocrx_word' id='word_1_56' title='bbox 728 1389 972 1453; x_wconf 85' lang='lat' dir='ltr'>Cruquii,</span> <span class='ocrx_word' id='word_1_57' title='bbox 1010 1387 1255 1447; x_wconf 77' lang='lat' dir='ltr'>Bentleii,</span> <span class='ocrx_word' id='word_1_58' title='bbox 1293 1386 1565 1447; x_wconf 83' lang='lat' dir='ltr'>Pottierii.)</span> 
     </span>
    </p>
   </div>
   <div class='ocr_carea' id='block_1_10' title="bbox 658 1630 1712 2285">
    <p class='ocr_par' dir='ltr' id='par_1_10' title="bbox 658 1630 1712 2285">
     <span class='ocr_line' id='line_1_13' title="bbox 659 1630 1708 1691; baseline -0.005 -10"><span class='ocrx_word' id='word_1_59' title='bbox 659 1632 817 1681; x_wconf 86' lang='lat' dir='ltr'>vocat</span> <span class='ocrx_word' id='word_1_60' title='bbox 870 1630 1005 1679; x_wconf 78' lang='lat' dir='ltr'>haud</span> <span class='ocrx_word' id='word_1_61' title='bbox 1051 1630 1380 1691; x_wconf 75' lang='lat' dir='ltr'>spemendmn</span> <span class='ocrx_word' id='word_1_62' title='bbox 1430 1633 1708 1689; x_wconf 79' lang='lat' dir='ltr'>auctorem,</span> 
     </span>
     <span class='ocr_line' id='line_1_14' title="bbox 660 1699 1712 1769; baseline -0.003 -14"><span class='ocrx_word' id='word_1_63' title='bbox 660 1705 805 1769; x_wconf 90' lang='lat' dir='ltr'>quod</span> <span class='ocrx_word' id='word_1_64' title='bbox 850 1717 1018 1767; x_wconf 84' lang='lat' dir='ltr'>genus</span> <span class='ocrx_word' id='word_1_65' title='bbox 1061 1699 1357 1769; x_wconf 81' lang='grc' dir='ltr'><strong><em>λιτότητος</em></strong></span> <span class='ocrx_word' id='word_1_66' title='bbox 1398 1702 1712 1765; x_wconf 79' lang='lat' dir='ltr'>frequentis-</span> 
     </span>
     <span class='ocr_line' id='line_1_15' title="bbox 660 1774 1708 1841; baseline -0.003 -13"><span class='ocrx_word' id='word_1_67' title='bbox 660 1779 855 1829; x_wconf 86' lang='lat' dir='ltr'>simum</span> <span class='ocrx_word' id='word_1_68' title='bbox 899 1780 983 1828; x_wconf 89' lang='lat' dir='ltr'>est</span> <span class='ocrx_word' id='word_1_69' title='bbox 1024 1777 1166 1841; x_wconf 93' lang='lat' dir='ltr'>apud</span> <span class='ocrx_word' id='word_1_70' title='bbox 1209 1777 1470 1840; x_wconf 82' lang='lat' dir='ltr'>antiquos.</span> <span class='ocrx_word' id='word_1_71' title='bbox 1550 1774 1708 1826; x_wconf 78' lang='lat' dir='ltr'>Multa</span> 
     </span>
     <span class='ocr_line' id='line_1_16' title="bbox 660 1850 1705 1916; baseline -0.002 -14"><span class='ocrx_word' id='word_1_72' title='bbox 660 1850 907 1916; x_wconf 79' lang='lat' dir='ltr'>exempla</span> <span class='ocrx_word' id='word_1_73' title='bbox 967 1850 1175 1913; x_wconf 79' lang='lat' dir='ltr'>collegit</span> <span class='ocrx_word' id='word_1_74' title='bbox 1231 1850 1440 1901; x_wconf 87' lang='lat' dir='ltr'>Monbel</span> <span class='ocrx_word' id='word_1_75' title='bbox 1506 1850 1705 1900; x_wconf 80' lang='lat' dir='ltr'>Obsorv.</span> 
     </span>
     <span class='ocr_line' id='line_1_17' title="bbox 658 1924 1712 1989; baseline -0.002 -13"><span class='ocrx_word' id='word_1_76' title='bbox 658 1939 749 1976; x_wconf 79' lang='lat' dir='ltr'>sur</span> <span class='ocrx_word' id='word_1_77' title='bbox 780 1926 971 1976; x_wconf 67' lang='lat' dir='ltr'>l&#39;Ilz&#39;ade</span> <span class='ocrx_word' id='word_1_78' title='bbox 1002 1927 1041 1975; x_wconf 93' lang='lat'>1.</span> <span class='ocrx_word' id='word_1_79' title='bbox 1079 1939 1132 1989; x_wconf 86' lang='lat' dir='ltr'>p.</span> <span class='ocrx_word' id='word_1_80' title='bbox 1166 1925 1246 1975; x_wconf 71' lang='lat'>42.</span> <span class='ocrx_word' id='word_1_81' title='bbox 1289 1926 1544 1975; x_wconf 62' lang='lat' dir='ltr'>“Mortem</span> <span class='ocrx_word' id='word_1_82' title='bbox 1579 1924 1712 1975; x_wconf 89' lang='lat' dir='ltr'>obiit</span> 
     </span>
     <span class='ocr_line' id='line_1_18' title="bbox 659 1998 1705 2063; baseline -0.003 -14"><span class='ocrx_word' id='word_1_83' title='bbox 659 1998 745 2050; x_wconf 91' lang='lat' dir='ltr'>ille</span> <span class='ocrx_word' id='word_1_84' title='bbox 798 2012 1043 2063; x_wconf 89' lang='lat' dir='ltr'>quoque,</span> <span class='ocrx_word' id='word_1_85' title='bbox 1099 2011 1264 2062; x_wconf 89' lang='lat' dir='ltr'>quem</span> <span class='ocrx_word' id='word_1_86' title='bbox 1316 2001 1397 2058; x_wconf 92' lang='lat' dir='ltr'>tu,</span> <span class='ocrx_word' id='word_1_87' title='bbox 1453 1999 1705 2061; x_wconf 78' lang='lat' dir='ltr'><strong>Archyta,</strong></span> 
     </span>
     <span class='ocr_line' id='line_1_19' title="bbox 659 2072 1705 2133; baseline -0.002 -9"><span class='ocrx_word' id='word_1_88' title='bbox 659 2077 876 2124; x_wconf 86' lang='lat' dir='ltr'>secutus</span> <span class='ocrx_word' id='word_1_89' title='bbox 920 2086 1041 2123; x_wconf 87' lang='lat' dir='ltr'>eras</span> <span class='ocrx_word' id='word_1_90' title='bbox 1085 2085 1190 2122; x_wconf 91' lang='lat' dir='ltr'>non</span> <span class='ocrx_word' id='word_1_91' title='bbox 1233 2072 1705 2133; x_wconf 89' lang='lat' dir='ltr'>contemnendum,</span> 
     </span>
     <span class='ocr_line' id='line_1_20' title="bbox 659 2148 1710 2210; baseline -0.003 -12"><span class='ocrx_word' id='word_1_92' title='bbox 659 2150 826 2199; x_wconf 87' lang='lat' dir='ltr'>immo</span> <span class='ocrx_word' id='word_1_93' title='bbox 845 2149 1134 2210; x_wconf 82' lang='lat' dir='ltr'>egregium,</span> <span class='ocrx_word' id='word_1_94' title='bbox 1162 2148 1592 2209; x_wconf 80' lang='lat' dir='ltr'>investigatorem</span> <span class='ocrx_word' id='word_1_95' title='bbox 1611 2159 1710 2196; x_wconf 90' lang='lat' dir='ltr'>na-</span> 
     </span>
     <span class='ocr_line' id='line_1_21' title="bbox 660 2223 1464 2285; baseline -0.006 -13"><span class='ocrx_word' id='word_1_96' title='bbox 660 2224 812 2272; x_wconf 84' lang='lat' dir='ltr'>turae</span> <span class='ocrx_word' id='word_1_97' title='bbox 844 2223 1065 2285; x_wconf 85' lang='lat' dir='ltr'>verique</span> <span class='ocrx_word' id='word_1_98' title='bbox 1100 2223 1464 2285; x_wconf 75' lang='lat' dir='ltr'>magistrum.»</span> 
     </span>
    </p>
   </div>
   <div class='ocr_carea' id='block_1_11' title="bbox 653 2340 1707 3146">
    <p class='ocr_par' dir='ltr' id='par_1_11' title="bbox 653 2340 1707 3146">
     <span class='ocr_line' id='line_1_22' title="bbox 726 2340 1702 2404; baseline -0.001 -13"><span class='ocrx_word' id='word_1_99' title='bbox 726 2342 806 2391; x_wconf 87' lang='grc'>46.</span> <span class='ocrx_word' id='word_1_100' title='bbox 843 2341 1089 2391; x_wconf 81' lang='lat' dir='ltr'>calcanda</span> <span class='ocrx_word' id='word_1_101' title='bbox 1134 2341 1294 2404; x_wconf 70' lang='lat' dir='ltr'>smel]</span> <span class='ocrx_word' id='word_1_102' title='bbox 1340 2340 1466 2391; x_wconf 88' lang='lat' dir='ltr'>Plat.</span> <span class='ocrx_word' id='word_1_103' title='bbox 1506 2340 1702 2391; x_wconf 87' lang='lat' dir='ltr'>Phaed.</span> 
     </span>
     <span class='ocr_line' id='line_1_23' title="bbox 658 2408 1706 2479; baseline -0.004 -14"><span class='ocrx_word' id='word_1_104' title='bbox 658 2428 712 2479; x_wconf 84' lang='lat' dir='ltr'>p.</span> <span class='ocrx_word' id='word_1_105' title='bbox 752 2416 863 2465; x_wconf 89' lang='grc'><strong>408.</strong></span> <span class='ocrx_word' id='word_1_106' title='bbox 888 2418 978 2465; x_wconf 84' lang='lat' dir='ltr'>A.:</span> <span class='ocrx_word' id='word_1_107' title='bbox 1018 2408 1053 2463; x_wconf 87' lang='grc' dir='ltr'><em>ὁ</em></span> <span class='ocrx_word' id='word_1_108' title='bbox 1075 2410 1368 2474; x_wconf 81' lang='grc' dir='ltr'><strong><em>Αἰσχύλου</em></strong></span> <span class='ocrx_word' id='word_1_109' title='bbox 1396 2410 1659 2479; x_wconf 79' lang='grc' dir='ltr'><em>Τήλεφος</em></span> <span class='ocrx_word' id='word_1_110' title='bbox 1678 2442 1706 2451; x_wconf 90' lang='grc'>-</span> 
     </span>
     <span class='ocr_line' id='line_1_24' title="bbox 659 2481 1704 2555; baseline 0 -16"><span class='ocrx_word' id='word_1_111' title='bbox 659 2482 850 2555; x_wconf 79' lang='grc' dir='ltr'><strong><em>ἁπλῆν</em></strong></span> <span class='ocrx_word' id='word_1_112' title='bbox 910 2484 1089 2554; x_wconf 69' lang='grc' dir='ltr'><em>οἱμόν</em></span> <span class='ocrx_word' id='word_1_113' title='bbox 1151 2506 1335 2555; x_wconf 84' lang='grc' dir='ltr'><em>φησιν</em></span> <span class='ocrx_word' id='word_1_114' title='bbox 1392 2491 1473 2552; x_wconf 80' lang='grc' dir='ltr'>εἰς</span> <span class='ocrx_word' id='word_1_115' title='bbox 1517 2481 1704 2539; x_wconf 56' lang='grc' dir='ltr'><em>*Ἅιδου</em></span> 
     </span>
     <span class='ocr_line' id='line_1_25' title="bbox 657 2565 1700 2636; baseline -0.003 -21"><span class='ocrx_word' id='word_1_116' title='bbox 657 2566 871 2636; x_wconf 78' lang='grc' dir='ltr'>φέρειν.</span> <span class='ocrx_word' id='word_1_117' title='bbox 915 2592 967 2601; x_wconf 90' lang='grc'><strong>-</strong></span> <span class='ocrx_word' id='word_1_118' title='bbox 996 2566 1084 2614; x_wconf 78' lang='lat' dir='ltr'>via</span> <span class='ocrx_word' id='word_1_119' title='bbox 1111 2566 1211 2628; x_wconf 78' lang='lat' dir='ltr'>leti]</span> <span class='ocrx_word' id='word_1_120' title='bbox 1238 2566 1444 2614; x_wconf 89' lang='lat' dir='ltr'>Lucret.</span> <span class='ocrx_word' id='word_1_121' title='bbox 1482 2565 1539 2624; x_wconf 77' lang='lat'>2,</span> <span class='ocrx_word' id='word_1_122' title='bbox 1586 2565 1700 2614; x_wconf 72' lang='lat'>945:</span> 
     </span>
     <span class='ocr_line' id='line_1_26' title="bbox 656 2638 1700 2699; baseline -0.004 -8"><span class='ocrx_word' id='word_1_123' title='bbox 656 2646 703 2691; x_wconf 81' lang='lat' dir='ltr'>et</span> <span class='ocrx_word' id='word_1_124' title='bbox 751 2641 834 2690; x_wconf 75' lang='lat' dir='ltr'>leti</span> <span class='ocrx_word' id='word_1_125' title='bbox 875 2640 1038 2688; x_wconf 77' lang='lat' dir='ltr'>vitare</span> <span class='ocrx_word' id='word_1_126' title='bbox 1080 2640 1206 2688; x_wconf 76' lang='lat' dir='ltr'>vias.</span> <span class='ocrx_word' id='word_1_127' title='bbox 1268 2638 1380 2688; x_wconf 88' lang='lat' dir='ltr'>Tib.</span> <span class='ocrx_word' id='word_1_128' title='bbox 1420 2638 1476 2699; x_wconf 88' lang='grc'>4,</span> <span class='ocrx_word' id='word_1_129' title='bbox 1515 2638 1570 2698; x_wconf 89' lang='grc'>3,</span> <span class='ocrx_word' id='word_1_130' title='bbox 1610 2639 1700 2688; x_wconf 85' lang='lat'>50:</span> 
     </span>
     <span class='ocr_line' id='line_1_27' title="bbox 655 2714 1706 2775; baseline -0.004 -10"><span class='ocrx_word' id='word_1_131' title='bbox 655 2729 788 2765; x_wconf 67' lang='lat' dir='ltr'>nunc</span> <span class='ocrx_word' id='word_1_132' title='bbox 832 2715 915 2764; x_wconf 78' lang='lat' dir='ltr'>leti</span> <span class='ocrx_word' id='word_1_133' title='bbox 956 2714 1088 2764; x_wconf 77' lang='lat' dir='ltr'>millo</span> <span class='ocrx_word' id='word_1_134' title='bbox 1131 2719 1331 2775; x_wconf 77' lang='lat' dir='ltr'>repento</span> <span class='ocrx_word' id='word_1_135' title='bbox 1372 2714 1503 2762; x_wconf 76' lang='lat' dir='ltr'>viae.</span> <span class='ocrx_word' id='word_1_136' title='bbox 1573 2715 1706 2762; x_wconf 90' lang='lat' dir='ltr'>Pro-</span> 
     </span>
     <span class='ocr_line' id='line_1_28' title="bbox 655 2786 1707 2853; baseline -0.004 -15"><span class='ocrx_word' id='word_1_137' title='bbox 655 2791 791 2853; x_wconf 89' lang='lat' dir='ltr'>pert.</span> <span class='ocrx_word' id='word_1_138' title='bbox 848 2789 903 2849; x_wconf 86' lang='lat'>3,</span> <span class='ocrx_word' id='word_1_139' title='bbox 960 2789 1048 2848; x_wconf 82' lang='grc'>48,</span> <span class='ocrx_word' id='word_1_140' title='bbox 1104 2790 1195 2837; x_wconf 74' lang='grc' dir='ltr'>24ε</span> <span class='ocrx_word' id='word_1_141' title='bbox 1252 2787 1349 2836; x_wconf 79' lang='lat' dir='ltr'>Sed</span> <span class='ocrx_word' id='word_1_142' title='bbox 1397 2791 1563 2835; x_wconf 77' lang='lat' dir='ltr'>tamen</span> <span class='ocrx_word' id='word_1_143' title='bbox 1611 2786 1707 2835; x_wconf 78' lang='lat' dir='ltr'>huc</span> 
     </span>
     <span class='ocr_line' id='line_1_29' title="bbox 656 2860 1704 2923; baseline -0.004 -11"><span class='ocrx_word' id='word_1_144' title='bbox 656 2875 841 2923; x_wconf 81' lang='lat' dir='ltr'>omnes,</span> <span class='ocrx_word' id='word_1_145' title='bbox 877 2862 972 2910; x_wconf 77' lang='lat' dir='ltr'>huc</span> <span class='ocrx_word' id='word_1_146' title='bbox 998 2863 1197 2922; x_wconf 74' lang='lat' dir='ltr'>primas</span> <span class='ocrx_word' id='word_1_147' title='bbox 1230 2866 1275 2910; x_wconf 82' lang='lat' dir='ltr'>et</span> <span class='ocrx_word' id='word_1_148' title='bbox 1316 2861 1520 2909; x_wconf 79' lang='lat' dir='ltr'>altimus</span> <span class='ocrx_word' id='word_1_149' title='bbox 1552 2860 1704 2908; x_wconf 83' lang='lat' dir='ltr'>ordo:</span> 
     </span>
     <span class='ocr_line' id='line_1_30' title="bbox 654 2936 1707 2996; baseline -0.002 -11"><span class='ocrx_word' id='word_1_150' title='bbox 654 2937 745 2986; x_wconf 81' lang='lat' dir='ltr'>Est</span> <span class='ocrx_word' id='word_1_151' title='bbox 783 2937 948 2996; x_wconf 85' lang='lat' dir='ltr'>mala,</span> <span class='ocrx_word' id='word_1_152' title='bbox 1003 2938 1087 2985; x_wconf 78' lang='lat' dir='ltr'>secl</span> <span class='ocrx_word' id='word_1_153' title='bbox 1129 2937 1320 2984; x_wconf 79' lang='lat' dir='ltr'>cunctis</span> <span class='ocrx_word' id='word_1_154' title='bbox 1361 2937 1460 2984; x_wconf 72' lang='lat' dir='ltr'>ista</span> <span class='ocrx_word' id='word_1_155' title='bbox 1501 2936 1707 2984; x_wconf 77' lang='lat' dir='ltr'>terenda</span> 
     </span>
     <span class='ocr_line' id='line_1_31' title="bbox 653 3011 1701 3073; baseline -0.002 -13"><span class='ocrx_word' id='word_1_156' title='bbox 653 3012 744 3060; x_wconf 79' lang='lat' dir='ltr'>via</span> <span class='ocrx_word' id='word_1_157' title='bbox 773 3016 858 3060; x_wconf 82' lang='lat' dir='ltr'>est.</span> <span class='ocrx_word' id='word_1_158' title='bbox 910 3011 1080 3060; x_wconf 91' lang='lat' dir='ltr'>Etiam</span> <span class='ocrx_word' id='word_1_159' title='bbox 1123 3011 1176 3059; x_wconf 91' lang='lat' dir='ltr'>in</span> <span class='ocrx_word' id='word_1_160' title='bbox 1221 3019 1378 3073; x_wconf 89' lang='lat' dir='ltr'>prosa</span> <span class='ocrx_word' id='word_1_161' title='bbox 1422 3011 1552 3059; x_wconf 89' lang='lat' dir='ltr'>orat.</span> <span class='ocrx_word' id='word_1_162' title='bbox 1593 3011 1701 3060; x_wconf 86' lang='lat' dir='ltr'>Liv.</span> 
     </span>
     <span class='ocr_line' id='line_1_32' title="bbox 656 3083 1707 3146; baseline -0.002 -12"><span class='ocrx_word' id='word_1_163' title='bbox 656 3083 748 3146; x_wconf 90' lang='grc'>34,</span> <span class='ocrx_word' id='word_1_164' title='bbox 797 3085 883 3134; x_wconf 85' lang='grc'>48;</span> <span class='ocrx_word' id='word_1_165' title='bbox 935 3097 1081 3146; x_wconf 81' lang='lat' dir='ltr'>seque</span> <span class='ocrx_word' id='word_1_166' title='bbox 1115 3097 1210 3146; x_wconf 78' lang='lat' dir='ltr'>per</span> <span class='ocrx_word' id='word_1_167' title='bbox 1260 3097 1427 3134; x_wconf 79' lang='lat' dir='ltr'>omnes</span> <span class='ocrx_word' id='word_1_168' title='bbox 1469 3084 1580 3132; x_wconf 77' lang='lat' dir='ltr'>vias</span> <span class='ocrx_word' id='word_1_169' title='bbox 1624 3083 1707 3133; x_wconf 77' lang='lat' dir='ltr'>leti</span> 
     </span>
    </p>
   </div>
   <div class='ocr_carea' id='block_1_12' title="bbox 654 3162 1001 3225">
    <p class='ocr_par' dir='ltr' id='par_1_12' title="bbox 654 3162 1001 3225">
     <span class='ocr_line' id='line_1_33' title="bbox 654 3162 1001 3225; baseline -0.003 -16"><span class='ocrx_word' id='word_1_170' title='bbox 654 3162 1001 3225; x_wconf 75' lang='lat' dir='ltr'>interficerent.</span> 
     </span>
    </p>
   </div>
   <div class='ocr_carea' id='block_1_13' title="bbox 649 3279 1706 4296">
    <p class='ocr_par' dir='ltr' id='par_1_13' title="bbox 649 3279 1706 4296">
     <span class='ocr_line' id='line_1_34' title="bbox 721 3279 1706 3344; baseline 0 -15"><span class='ocrx_word' id='word_1_171' title='bbox 721 3281 802 3330; x_wconf 86' lang='grc'>47.</span> <span class='ocrx_word' id='word_1_172' title='bbox 865 3281 1176 3344; x_wconf 73' lang='lat' dir='ltr'>«Superiora</span> <span class='ocrx_word' id='word_1_173' title='bbox 1227 3279 1469 3344; x_wconf 83' lang='lat' dir='ltr'>exempla</span> <span class='ocrx_word' id='word_1_174' title='bbox 1521 3282 1706 3331; x_wconf 89' lang='lat' dir='ltr'>osten-</span> 
     </span>
     <span class='ocr_line' id='line_1_35' title="bbox 655 3353 1704 3415; baseline -0.002 -10"><span class='ocrx_word' id='word_1_175' title='bbox 655 3354 788 3405; x_wconf 89' lang='lat' dir='ltr'>dunt</span> <span class='ocrx_word' id='word_1_176' title='bbox 809 3353 1084 3405; x_wconf 80' lang='lat' dir='ltr'>Tantalum</span> <span class='ocrx_word' id='word_1_177' title='bbox 1100 3393 1112 3415; x_wconf 87' lang='lat'>,</span> <span class='ocrx_word' id='word_1_178' title='bbox 1138 3355 1420 3405; x_wconf 85' lang='lat' dir='ltr'>Tithonum</span> <span class='ocrx_word' id='word_1_179' title='bbox 1436 3393 1447 3414; x_wconf 91' lang='lat'>,</span> <span class='ocrx_word' id='word_1_180' title='bbox 1474 3354 1704 3405; x_wconf 79' lang='lat' dir='ltr'>Minoem</span> 
     </span>
     <span class='ocr_line' id='line_1_36' title="bbox 654 3429 1702 3492; baseline -0.003 -12"><span class='ocrx_word' id='word_1_181' title='bbox 654 3430 878 3481; x_wconf 89' lang='lat' dir='ltr'>summis</span> <span class='ocrx_word' id='word_1_182' title='bbox 896 3431 1056 3480; x_wconf 89' lang='lat' dir='ltr'>etiam</span> <span class='ocrx_word' id='word_1_183' title='bbox 1075 3429 1369 3480; x_wconf 86' lang='lat' dir='ltr'>honoribus</span> <span class='ocrx_word' id='word_1_184' title='bbox 1387 3430 1702 3492; x_wconf 83' lang='lat' dir='ltr'>magnisque</span> 
     </span>
     <span class='ocr_line' id='line_1_37' title="bbox 653 3499 1703 3568; baseline -0.002 -14"><span class='ocrx_word' id='word_1_185' title='bbox 653 3505 874 3555; x_wconf 82' lang='lat' dir='ltr'>fortunis</span> <span class='ocrx_word' id='word_1_186' title='bbox 937 3519 1041 3555; x_wconf 91' lang='lat' dir='ltr'>non</span> <span class='ocrx_word' id='word_1_187' title='bbox 1096 3499 1332 3568; x_wconf 77' lang='lat' dir='ltr'>potuisse</span> <span class='ocrx_word' id='word_1_188' title='bbox 1398 3502 1609 3553; x_wconf 89' lang='lat' dir='ltr'>libcrari</span> <span class='ocrx_word' id='word_1_189' title='bbox 1673 3516 1703 3552; x_wconf 91' lang='lat' dir='ltr'>a</span> 
     </span>
     <span class='ocr_line' id='line_1_38' title="bbox 651 3577 1703 3637; baseline -0.004 -7"><span class='ocrx_word' id='word_1_190' title='bbox 651 3578 912 3630; x_wconf 87' lang='lat' dir='ltr'>moriendi</span> <span class='ocrx_word' id='word_1_191' title='bbox 965 3579 1311 3637; x_wconf 87' lang='lat' dir='ltr'>necessitate;</span> <span class='ocrx_word' id='word_1_192' title='bbox 1366 3605 1393 3614; x_wconf 96' lang='lat'>-</span> <span class='ocrx_word' id='word_1_193' title='bbox 1445 3606 1474 3617; x_wconf 93' lang='lat'>-</span> <span class='ocrx_word' id='word_1_194' title='bbox 1520 3577 1703 3628; x_wconf 87' lang='lat' dir='ltr'>inseri-</span> 
     </span>
     <span class='ocr_line' id='line_1_39' title="bbox 652 3650 1703 3703; baseline -0.001 -1"><span class='ocrx_word' id='word_1_195' title='bbox 652 3666 742 3703; x_wconf 90' lang='lat' dir='ltr'>ora</span> <span class='ocrx_word' id='word_1_196' title='bbox 788 3654 970 3703; x_wconf 90' lang='lat' dir='ltr'>contra</span> <span class='ocrx_word' id='word_1_197' title='bbox 1011 3667 1135 3703; x_wconf 91' lang='lat' dir='ltr'>cum</span> <span class='ocrx_word' id='word_1_198' title='bbox 1182 3661 1526 3702; x_wconf 89' lang='lat' dir='ltr'>communem</span> <span class='ocrx_word' id='word_1_199' title='bbox 1560 3650 1703 3701; x_wconf 88' lang='lat' dir='ltr'>illam</span> 
     </span>
     <span class='ocr_line' id='line_1_40' title="bbox 651 3725 1700 3777; baseline -0.003 0"><span class='ocrx_word' id='word_1_200' title='bbox 651 3727 889 3777; x_wconf 90' lang='lat' dir='ltr'>omnium</span> <span class='ocrx_word' id='word_1_201' title='bbox 916 3726 1218 3777; x_wconf 78' lang='lat' dir='ltr'>mortalium</span> <span class='ocrx_word' id='word_1_202' title='bbox 1240 3726 1608 3776; x_wconf 89' lang='lat' dir='ltr'>condicionem</span> <span class='ocrx_word' id='word_1_203' title='bbox 1632 3725 1700 3775; x_wconf 89' lang='lat' dir='ltr'>ita</span> 
     </span>
     <span class='ocr_line' id='line_1_41' title="bbox 652 3798 1706 3864; baseline -0.002 -13"><span class='ocrx_word' id='word_1_204' title='bbox 652 3801 820 3864; x_wconf 79' lang='lat' dir='ltr'>magis</span> <span class='ocrx_word' id='word_1_205' title='bbox 837 3800 1162 3860; x_wconf 84' lang='lat' dir='ltr'>describant,</span> <span class='ocrx_word' id='word_1_206' title='bbox 1184 3804 1243 3850; x_wconf 89' lang='lat' dir='ltr'>ut</span> <span class='ocrx_word' id='word_1_207' title='bbox 1260 3798 1566 3851; x_wconf 90' lang='lat' dir='ltr'>consolandi</span> <span class='ocrx_word' id='word_1_208' title='bbox 1585 3813 1706 3862; x_wconf 82' lang='lat' dir='ltr'>gra-</span> 
     </span>
     <span class='ocr_line' id='line_1_42' title="bbox 651 3875 1703 3933; baseline -0.002 -9"><span class='ocrx_word' id='word_1_209' title='bbox 651 3875 719 3924; x_wconf 89' lang='lat' dir='ltr'>tia</span> <span class='ocrx_word' id='word_1_210' title='bbox 772 3878 1192 3925; x_wconf 88' lang='lat' dir='ltr'>commemorata</span> <span class='ocrx_word' id='word_1_211' title='bbox 1241 3875 1547 3933; x_wconf 84' lang='lat' dir='ltr'>videantur,</span> <span class='ocrx_word' id='word_1_212' title='bbox 1601 3876 1703 3923; x_wconf 87' lang='lat' dir='ltr'>Ar-</span> 
     </span>
     <span class='ocr_line' id='line_1_43' title="bbox 651 3949 1704 4013; baseline -0.002 -15"><span class='ocrx_word' id='word_1_213' title='bbox 651 3949 844 4010; x_wconf 77' lang='lat' dir='ltr'>chytae</span> <span class='ocrx_word' id='word_1_214' title='bbox 883 3962 1002 3999; x_wconf 89' lang='lat' dir='ltr'>esse</span> <span class='ocrx_word' id='word_1_215' title='bbox 1038 3949 1381 4013; x_wconf 87' lang='lat' dir='ltr'>perspicuum</span> <span class='ocrx_word' id='word_1_216' title='bbox 1413 3951 1547 3998; x_wconf 86' lang='lat' dir='ltr'>est.»</span> <span class='ocrx_word' id='word_1_217' title='bbox 1585 3950 1704 3997; x_wconf 74' lang='lat' dir='ltr'>Du.-</span> 
     </span>
     <span class='ocr_line' id='line_1_44' title="bbox 649 4022 1701 4085; baseline 0 -13"><span class='ocrx_word' id='word_1_218' title='bbox 649 4035 951 4072; x_wconf 66' lang='lat' dir='ltr'>nassonem.</span> <span class='ocrx_word' id='word_1_219' title='bbox 1023 4024 1220 4073; x_wconf 84' lang='lat' dir='ltr'>Verum</span> <span class='ocrx_word' id='word_1_220' title='bbox 1265 4030 1367 4072; x_wconf 88' lang='lat' dir='ltr'>non</span> <span class='ocrx_word' id='word_1_221' title='bbox 1405 4022 1531 4072; x_wconf 88' lang='lat' dir='ltr'>satis</span> <span class='ocrx_word' id='word_1_222' title='bbox 1565 4035 1701 4085; x_wconf 91' lang='lat' dir='ltr'>pon-</span> 
     </span>
     <span class='ocr_line' id='line_1_45' title="bbox 649 4095 1703 4160; baseline 0.001 -15"><span class='ocrx_word' id='word_1_223' title='bbox 649 4095 870 4147; x_wconf 88' lang='lat' dir='ltr'>derasse</span> <span class='ocrx_word' id='word_1_224' title='bbox 905 4097 1118 4146; x_wconf 87' lang='lat' dir='ltr'>videtur</span> <span class='ocrx_word' id='word_1_225' title='bbox 1148 4111 1232 4145; x_wconf 80' lang='lat' dir='ltr'>vv.</span> <span class='ocrx_word' id='word_1_226' title='bbox 1275 4096 1512 4160; x_wconf 82' lang='lat' dir='ltr'>proxime</span> <span class='ocrx_word' id='word_1_227' title='bbox 1549 4109 1703 4159; x_wconf 89' lang='lat' dir='ltr'>prae-</span> 
     </span>
     <span class='ocr_line' id='line_1_46' title="bbox 650 4169 1703 4233; baseline -0.001 -14"><span class='ocrx_word' id='word_1_228' title='bbox 650 4169 895 4221; x_wconf 87' lang='lat' dir='ltr'>cedentia</span> <span class='ocrx_word' id='word_1_229' title='bbox 930 4171 1028 4220; x_wconf 84' lang='lat' dir='ltr'>Sed</span> <span class='ocrx_word' id='word_1_230' title='bbox 1061 4184 1227 4220; x_wconf 80' lang='lat' dir='ltr'>omnes</span> <span class='ocrx_word' id='word_1_231' title='bbox 1248 4197 1275 4206; x_wconf 91' lang='lat'>-</span> <span class='ocrx_word' id='word_1_232' title='bbox 1300 4197 1326 4206; x_wconf 91' lang='lat'>-</span> <span class='ocrx_word' id='word_1_233' title='bbox 1349 4172 1438 4219; x_wconf 76' lang='lat' dir='ltr'>via</span> <span class='ocrx_word' id='word_1_234' title='bbox 1459 4172 1561 4232; x_wconf 77' lang='lat' dir='ltr'>leli,</span> <span class='ocrx_word' id='word_1_235' title='bbox 1589 4172 1703 4233; x_wconf 90' lang='lat' dir='ltr'>qui-</span> 
     </span>
     <span class='ocr_line' id='line_1_47' title="bbox 649 4245 1699 4296; baseline 0 -3"><span class='ocrx_word' id='word_1_236' title='bbox 649 4245 878 4296; x_wconf 87' lang='lat' dir='ltr'>buscum</span> <span class='ocrx_word' id='word_1_237' title='bbox 914 4245 1175 4295; x_wconf 85' lang='lat' dir='ltr'>artissime</span> <span class='ocrx_word' id='word_1_238' title='bbox 1223 4246 1356 4294; x_wconf 88' lang='lat' dir='ltr'>haec</span> <span class='ocrx_word' id='word_1_239' title='bbox 1392 4248 1699 4296; x_wconf 89' lang='lat' dir='ltr'>nectuntur:</span> 
     </span>
    </p>
   </div>
   <div class='ocr_carea' id='block_1_14' title="bbox 1778 1628 2834 3325">
    <p class='ocr_par' dir='ltr' id='par_1_14' title="bbox 1778 1628 2834 3325">
     <span class='ocr_line' id='line_1_48' title="bbox 1787 1628 2833 1684; baseline 0.009 -9"><span class='ocrx_word' id='word_1_240' title='bbox 1787 1628 2074 1680; x_wconf 77' lang='lat' dir='ltr'>«Omnibus</span> <span class='ocrx_word' id='word_1_241' title='bbox 2105 1630 2367 1680; x_wconf 87' lang='lat' dir='ltr'>moriendi</span> <span class='ocrx_word' id='word_1_242' title='bbox 2403 1633 2695 1684; x_wconf 86' lang='lat' dir='ltr'>necessitas</span> <span class='ocrx_word' id='word_1_243' title='bbox 2732 1636 2833 1684; x_wconf 90' lang='lat' dir='ltr'>im-</span> 
     </span>
     <span class='ocr_line' id='line_1_49' title="bbox 1782 1704 2831 1766; baseline 0.006 -14"><span class='ocrx_word' id='word_1_244' title='bbox 1782 1704 1955 1766; x_wconf 84' lang='lat' dir='ltr'>posita</span> <span class='ocrx_word' id='word_1_245' title='bbox 1989 1705 2095 1753; x_wconf 91' lang='lat' dir='ltr'>est:</span> <span class='ocrx_word' id='word_1_246' title='bbox 2144 1704 2273 1766; x_wconf 89' lang='lat' dir='ltr'>(sed)</span> <span class='ocrx_word' id='word_1_247' title='bbox 2310 1706 2455 1754; x_wconf 80' lang='lat' dir='ltr'>varia</span> <span class='ocrx_word' id='word_1_248' title='bbox 2491 1709 2615 1757; x_wconf 90' lang='lat' dir='ltr'>sunt</span> <span class='ocrx_word' id='word_1_249' title='bbox 2649 1710 2831 1759; x_wconf 89' lang='lat' dir='ltr'>mortis</span> 
     </span>
     <span class='ocr_line' id='line_1_50' title="bbox 1783 1778 2834 1844; baseline 0.006 -19"><span class='ocrx_word' id='word_1_250' title='bbox 1783 1789 1980 1839; x_wconf 80' lang='lat' dir='ltr'>genera</span> <span class='ocrx_word' id='word_1_251' title='bbox 1997 1792 2043 1836; x_wconf 83' lang='lat'>;»</span> <span class='ocrx_word' id='word_1_252' title='bbox 2069 1790 2207 1840; x_wconf 90' lang='lat' dir='ltr'>quae</span> <span class='ocrx_word' id='word_1_253' title='bbox 2233 1778 2463 1842; x_wconf 87' lang='lat' dir='ltr'>dispesci</span> <span class='ocrx_word' id='word_1_254' title='bbox 2487 1794 2616 1830; x_wconf 89' lang='lat' dir='ltr'>sane</span> <span class='ocrx_word' id='word_1_255' title='bbox 2636 1794 2834 1844; x_wconf 88' lang='lat' dir='ltr'>neque-</span> 
     </span>
     <span class='ocr_line' id='line_1_51' title="bbox 1784 1849 2827 1916; baseline 0.006 -18"><span class='ocrx_word' id='word_1_256' title='bbox 1784 1852 1879 1899; x_wconf 91' lang='lat' dir='ltr'>unt</span> <span class='ocrx_word' id='word_1_257' title='bbox 1912 1864 2014 1900; x_wconf 90' lang='lat' dir='ltr'>nec</span> <span class='ocrx_word' id='word_1_258' title='bbox 2049 1849 2274 1901; x_wconf 79' lang='lat' dir='ltr'>diversis</span> <span class='ocrx_word' id='word_1_259' title='bbox 2296 1853 2541 1916; x_wconf 89' lang='lat' dir='ltr'>personis</span> <span class='ocrx_word' id='word_1_260' title='bbox 2564 1853 2739 1904; x_wconf 89' lang='lat' dir='ltr'>tribui.</span> <span class='ocrx_word' id='word_1_261' title='bbox 2774 1882 2827 1891; x_wconf 93' lang='lat'><em>-</em></span> 
     </span>
     <span class='ocr_line' id='line_1_52' title="bbox 1781 1923 2833 1993; baseline 0.006 -21"><span class='ocrx_word' id='word_1_262' title='bbox 1781 1924 1969 1973; x_wconf 75' lang='lat' dir='ltr'>Furiae</span> <span class='ocrx_word' id='word_1_263' title='bbox 1991 1925 2044 1973; x_wconf 90' lang='lat' dir='ltr'>h.</span> <span class='ocrx_word' id='word_1_264' title='bbox 2067 1923 2100 1974; x_wconf 85' lang='lat'>1.</span> <span class='ocrx_word' id='word_1_265' title='bbox 2131 1925 2203 1987; x_wconf 89' lang='lat' dir='ltr'>(ut</span> <span class='ocrx_word' id='word_1_266' title='bbox 2225 1924 2370 1975; x_wconf 86' lang='lat' dir='ltr'>Iliad.</span> <span class='ocrx_word' id='word_1_267' title='bbox 2397 1924 2449 1987; x_wconf 84' lang='grc' dir='ltr'>δ,</span> <span class='ocrx_word' id='word_1_268' title='bbox 2475 1927 2595 1977; x_wconf 73' lang='lat'>440:</span> <span class='ocrx_word' id='word_1_269' title='bbox 2622 1924 2833 1993; x_wconf 81' lang='grc' dir='ltr'><strong><em>Δεῖμός</em></strong></span> 
     </span>
     <span class='ocr_line' id='line_1_53' title="bbox 1781 1991 2827 2070; baseline 0.006 -24"><span class='ocrx_word' id='word_1_270' title='bbox 1781 1997 1826 2046; x_wconf 81' lang='grc' dir='ltr'>τ’</span> <span class='ocrx_word' id='word_1_271' title='bbox 1872 1991 1974 2062; x_wconf 77' lang='grc' dir='ltr'>ἡδὲ</span> <span class='ocrx_word' id='word_1_272' title='bbox 2020 1995 2211 2060; x_wconf 82' lang='grc' dir='ltr'><em>Φόβος</em></span> <span class='ocrx_word' id='word_1_273' title='bbox 2256 2000 2352 2050; x_wconf 80' lang='grc' dir='ltr'>καὶ</span> <span class='ocrx_word' id='word_1_274' title='bbox 2388 1995 2563 2070; x_wconf 63' lang='grc' dir='ltr'>ωΕρις.</span> <span class='ocrx_word' id='word_1_275' title='bbox 2614 2003 2827 2054; x_wconf 88' lang='lat' dir='ltr'>Hesiod.</span> 
     </span>
     <span class='ocr_line' id='line_1_54' title="bbox 1783 2071 2834 2141; baseline 0.007 -21"><span class='ocrx_word' id='word_1_276' title='bbox 1783 2073 1925 2121; x_wconf 90' lang='lat' dir='ltr'>Scut.</span> <span class='ocrx_word' id='word_1_277' title='bbox 1947 2073 2071 2124; x_wconf 75' lang='lat'><strong>249:</strong></span> <span class='ocrx_word' id='word_1_278' title='bbox 2098 2071 2284 2141; x_wconf 75' lang='grc' dir='ltr'><strong><em>Κῆρες</em></strong></span> <span class='ocrx_word' id='word_1_279' title='bbox 2306 2072 2564 2125; x_wconf 79' lang='grc' dir='ltr'><strong><em>κυάνεαι·</em></strong></span> <span class='ocrx_word' id='word_1_280' title='bbox 2568 2077 2589 2139; x_wconf 84' lang='grc'><strong><em>)</em></strong></span> <span class='ocrx_word' id='word_1_281' title='bbox 2610 2077 2660 2126; x_wconf 89' lang='lat' dir='ltr'>in</span> <span class='ocrx_word' id='word_1_282' title='bbox 2678 2091 2834 2140; x_wconf 87' lang='lat' dir='ltr'>proe-</span> 
     </span>
     <span class='ocr_line' id='line_1_55' title="bbox 1782 2144 2827 2213; baseline 0.004 -18"><span class='ocrx_word' id='word_1_283' title='bbox 1782 2144 1863 2195; x_wconf 88' lang='lat' dir='ltr'>liis</span> <span class='ocrx_word' id='word_1_284' title='bbox 1904 2151 2186 2198; x_wconf 80' lang='lat' dir='ltr'>versantur</span> <span class='ocrx_word' id='word_1_285' title='bbox 2229 2149 2385 2213; x_wconf 79' lang='lat' dir='ltr'>(Virg.</span> <span class='ocrx_word' id='word_1_286' title='bbox 2423 2154 2554 2200; x_wconf 89' lang='lat' dir='ltr'>Aen.</span> <span class='ocrx_word' id='word_1_287' title='bbox 2593 2151 2647 2211; x_wconf 85' lang='lat'>7,</span> <span class='ocrx_word' id='word_1_288' title='bbox 2703 2152 2827 2202; x_wconf 73' lang='lat'><strong>324:</strong></span> 
     </span>
     <span class='ocr_line' id='line_1_56' title="bbox 1780 2219 2830 2289; baseline 0.006 -20"><span class='ocrx_word' id='word_1_289' title='bbox 1780 2219 1962 2270; x_wconf 81' lang='lat' dir='ltr'>Allecto</span> <span class='ocrx_word' id='word_1_290' title='bbox 1988 2247 2014 2258; x_wconf 90' lang='lat'>-</span> <span class='ocrx_word' id='word_1_291' title='bbox 2038 2247 2065 2258; x_wconf 88' lang='lat'>-</span> <span class='ocrx_word' id='word_1_292' title='bbox 2089 2222 2171 2271; x_wconf 78' lang='lat' dir='ltr'>cui</span> <span class='ocrx_word' id='word_1_293' title='bbox 2204 2224 2370 2272; x_wconf 74' lang='lat' dir='ltr'>tristia</span> <span class='ocrx_word' id='word_1_294' title='bbox 2403 2225 2530 2273; x_wconf 82' lang='lat' dir='ltr'>bella</span> <span class='ocrx_word' id='word_1_295' title='bbox 2549 2250 2575 2260; x_wconf 92' lang='lat'>·-</span> <span class='ocrx_word' id='word_1_296' title='bbox 2593 2250 2619 2260; x_wconf 93' lang='lat'>·-</span> <span class='ocrx_word' id='word_1_297' title='bbox 2639 2227 2830 2289; x_wconf 51' lang='lat' dir='ltr'>cot-ak)</span> 
     </span>
     <span class='ocr_line' id='line_1_57' title="bbox 1782 2296 2833 2359; baseline 0.007 -16"><span class='ocrx_word' id='word_1_298' title='bbox 1782 2297 2184 2359; x_wconf 80' lang='lat' dir='ltr'>pugnantesque</span> <span class='ocrx_word' id='word_1_299' title='bbox 2204 2296 2274 2346; x_wconf 88' lang='lat' dir='ltr'>ad</span> <span class='ocrx_word' id='word_1_300' title='bbox 2296 2301 2510 2349; x_wconf 88' lang='lat' dir='ltr'>mutuas</span> <span class='ocrx_word' id='word_1_301' title='bbox 2530 2300 2725 2350; x_wconf 89' lang='lat' dir='ltr'>caedes</span> <span class='ocrx_word' id='word_1_302' title='bbox 2744 2314 2833 2349; x_wconf 82' lang='lat' dir='ltr'>ex-</span> 
     </span>
     <span class='ocr_line' id='line_1_58' title="bbox 1782 2370 2832 2437; baseline 0.006 -19"><span class='ocrx_word' id='word_1_303' title='bbox 1782 2370 1970 2429; x_wconf 90' lang='lat' dir='ltr'>citant,</span> <span class='ocrx_word' id='word_1_304' title='bbox 2025 2384 2132 2433; x_wconf 88' lang='lat' dir='ltr'>quo</span> <span class='ocrx_word' id='word_1_305' title='bbox 2166 2375 2375 2433; x_wconf 82' lang='lat' dir='ltr'>gratum</span> <span class='ocrx_word' id='word_1_306' title='bbox 2409 2372 2672 2435; x_wconf 82' lang='lat' dir='ltr'>praebent</span> <span class='ocrx_word' id='word_1_307' title='bbox 2704 2387 2832 2437; x_wconf 86' lang='lat' dir='ltr'>spe-</span> 
     </span>
     <span class='ocr_line' id='line_1_59' title="bbox 1782 2443 2826 2498; baseline 0.004 -4"><span class='ocrx_word' id='word_1_308' title='bbox 1782 2443 2049 2495; x_wconf 85' lang='lat' dir='ltr'>ctaculum</span> <span class='ocrx_word' id='word_1_309' title='bbox 2097 2446 2249 2496; x_wconf 86' lang='lat' dir='ltr'>Marti</span> <span class='ocrx_word' id='word_1_310' title='bbox 2298 2446 2556 2498; x_wconf 84' lang='lat' dir='ltr'>caedibus</span> <span class='ocrx_word' id='word_1_311' title='bbox 2599 2446 2826 2498; x_wconf 87' lang='lat' dir='ltr'>laetanti.</span> 
     </span>
     <span class='ocr_line' id='line_1_60' title="bbox 1781 2516 2829 2593; baseline 0.006 -27"><span class='ocrx_word' id='word_1_312' title='bbox 1781 2520 1992 2582; x_wconf 91' lang='lat' dir='ltr'>Orpheo</span> <span class='ocrx_word' id='word_1_313' title='bbox 2030 2521 2094 2569; x_wconf 87' lang='grc' dir='ltr'>Η.</span> <span class='ocrx_word' id='word_1_314' title='bbox 2133 2519 2213 2570; x_wconf 70' lang='lat'>64.</span> <span class='ocrx_word' id='word_1_315' title='bbox 2253 2523 2336 2570; x_wconf 89' lang='lat' dir='ltr'>est</span> <span class='ocrx_word' id='word_1_316' title='bbox 2377 2518 2579 2585; x_wconf 70' lang='grc' dir='ltr'><em>αἵματι</em></span> <span class='ocrx_word' id='word_1_317' title='bbox 2622 2516 2829 2593; x_wconf 74' lang='grc' dir='ltr'><em>ἀνδρο-</em></span> 
     </span>
     <span class='ocr_line' id='line_1_61' title="bbox 1780 2588 2832 2663; baseline 0.008 -23"><span class='ocrx_word' id='word_1_318' title='bbox 1780 2588 1948 2659; x_wconf 80' lang='grc' dir='ltr'><strong><em>φόνῳ</em></strong></span> <span class='ocrx_word' id='word_1_319' title='bbox 1981 2595 2216 2663; x_wconf 72' lang='grc' dir='ltr'>χαίρων.</span> <span class='ocrx_word' id='word_1_320' title='bbox 2256 2596 2384 2644; x_wconf 88' lang='lat' dir='ltr'>Tota</span> <span class='ocrx_word' id='word_1_321' title='bbox 2419 2596 2594 2658; x_wconf 84' lang='lat' dir='ltr'>imago</span> <span class='ocrx_word' id='word_1_322' title='bbox 2617 2597 2832 2647; x_wconf 88' lang='lat' dir='ltr'>desum-</span> 
     </span>
     <span class='ocr_line' id='line_1_62' title="bbox 1778 2667 2826 2732; baseline 0.006 -17"><span class='ocrx_word' id='word_1_323' title='bbox 1778 2669 1866 2730; x_wconf 89' lang='lat' dir='ltr'>pta</span> <span class='ocrx_word' id='word_1_324' title='bbox 1882 2669 1964 2716; x_wconf 89' lang='lat' dir='ltr'>est</span> <span class='ocrx_word' id='word_1_325' title='bbox 1975 2681 2005 2716; x_wconf 91' lang='lat' dir='ltr'>a</span> <span class='ocrx_word' id='word_1_326' title='bbox 2019 2667 2331 2718; x_wconf 89' lang='lat' dir='ltr'>muneribus</span> <span class='ocrx_word' id='word_1_327' title='bbox 2348 2668 2685 2732; x_wconf 75' lang='lat' dir='ltr'>gladiatoriis,</span> <span class='ocrx_word' id='word_1_328' title='bbox 2713 2671 2826 2721; x_wconf 87' lang='lat' dir='ltr'>Tib.</span> 
     </span>
     <span class='ocr_line' id='line_1_63' title="bbox 1780 2741 2832 2807; baseline 0.004 -17"><span class='ocrx_word' id='word_1_329' title='bbox 1780 2743 1838 2800; x_wconf 73' lang='lat'>2,</span> <span class='ocrx_word' id='word_1_330' title='bbox 1881 2742 1938 2802; x_wconf 82' lang='lat'>5,</span> <span class='ocrx_word' id='word_1_331' title='bbox 1989 2741 2110 2790; x_wconf 74' lang='lat'><strong>⁴⁴9:</strong></span> <span class='ocrx_word' id='word_1_332' title='bbox 2168 2743 2287 2791; x_wconf 82' lang='lat' dir='ltr'>Tum</span> <span class='ocrx_word' id='word_1_333' title='bbox 2322 2744 2540 2793; x_wconf 76' lang='lat' dir='ltr'>Messala</span> <span class='ocrx_word' id='word_1_334' title='bbox 2571 2758 2709 2794; x_wconf 71' lang='lat' dir='ltr'>mem</span> <span class='ocrx_word' id='word_1_335' title='bbox 2737 2746 2832 2807; x_wconf 77' lang='lat' dir='ltr'>pia</span> 
     </span>
     <span class='ocr_line' id='line_1_64' title="bbox 1779 2817 2829 2877; baseline 0.005 -13"><span class='ocrx_word' id='word_1_336' title='bbox 1779 2817 1857 2865; x_wconf 81' lang='lat' dir='ltr'>det</span> <span class='ocrx_word' id='word_1_337' title='bbox 1878 2817 2163 2877; x_wconf 81' lang='lat' dir='ltr'>spectacula</span> <span class='ocrx_word' id='word_1_338' title='bbox 2184 2817 2373 2866; x_wconf 77' lang='lat' dir='ltr'>turbae.</span> <span class='ocrx_word' id='word_1_339' title='bbox 2447 2819 2624 2869; x_wconf 90' lang='lat' dir='ltr'>Ludus</span> <span class='ocrx_word' id='word_1_340' title='bbox 2648 2822 2829 2869; x_wconf 89' lang='lat' dir='ltr'>autem</span> 
     </span>
     <span class='ocr_line' id='line_1_65' title="bbox 1779 2892 2831 2954; baseline 0.001 -11"><span class='ocrx_word' id='word_1_341' title='bbox 1779 2892 1958 2943; x_wconf 86' lang='lat' dir='ltr'>Martis</span> <span class='ocrx_word' id='word_1_342' title='bbox 1971 2904 2179 2954; x_wconf 86' lang='lat' dir='ltr'>pugnae</span> <span class='ocrx_word' id='word_1_343' title='bbox 2195 2893 2334 2941; x_wconf 87' lang='lat' dir='ltr'>sunt.</span> <span class='ocrx_word' id='word_1_344' title='bbox 2357 2892 2453 2943; x_wconf 90' lang='lat' dir='ltr'>Od.</span> <span class='ocrx_word' id='word_1_345' title='bbox 2474 2894 2519 2954; x_wconf 89' lang='grc'>4,</span> <span class='ocrx_word' id='word_1_346' title='bbox 2542 2896 2590 2953; x_wconf 75' lang='lat'>2,</span> <span class='ocrx_word' id='word_1_347' title='bbox 2615 2895 2677 2943; x_wconf 87' lang='lat'>37</span> <span class='ocrx_word' id='word_1_348' title='bbox 2694 2909 2704 2942; x_wconf 89' lang='lat'>:</span> <span class='ocrx_word' id='word_1_349' title='bbox 2721 2895 2831 2944; x_wconf 75' lang='lat' dir='ltr'>Heu</span> 
     </span>
     <span class='ocr_line' id='line_1_66' title="bbox 1778 2965 2826 3027; baseline 0.003 -13"><span class='ocrx_word' id='word_1_350' title='bbox 1778 2966 1927 3014; x_wconf 75' lang='lat' dir='ltr'>nimis</span> <span class='ocrx_word' id='word_1_351' title='bbox 1956 2965 2104 3027; x_wconf 63' lang='lat' dir='ltr'>longo</span> <span class='ocrx_word' id='word_1_352' title='bbox 2134 2967 2313 3015; x_wconf 77' lang='lat' dir='ltr'>satiate</span> <span class='ocrx_word' id='word_1_353' title='bbox 2345 2967 2478 3015; x_wconf 79' lang='lat' dir='ltr'>ludo.</span> <span class='ocrx_word' id='word_1_354' title='bbox 2528 2969 2729 3017; x_wconf 86' lang='lat' dir='ltr'>Seneca</span> <span class='ocrx_word' id='word_1_355' title='bbox 2759 2967 2826 3017; x_wconf 88' lang='lat' dir='ltr'>de</span> 
     </span>
     <span class='ocr_line' id='line_1_67' title="bbox 1780 3039 2825 3105; baseline 0.004 -17"><span class='ocrx_word' id='word_1_356' title='bbox 1780 3039 1989 3089; x_wconf 85' lang='lat' dir='ltr'>Provid.</span> <span class='ocrx_word' id='word_1_357' title='bbox 2014 3040 2069 3088; x_wconf 78' lang='lat'>2:</span> <span class='ocrx_word' id='word_1_358' title='bbox 2096 3041 2224 3088; x_wconf 83' lang='lat' dir='ltr'>Ecce</span> <span class='ocrx_word' id='word_1_359' title='bbox 2243 3042 2579 3101; x_wconf 79' lang='lat' dir='ltr'>spectaculum</span> <span class='ocrx_word' id='word_1_360' title='bbox 2601 3043 2825 3105; x_wconf 72' lang='lat' dir='ltr'>diqnwn,</span> 
     </span>
     <span class='ocr_line' id='line_1_68' title="bbox 1780 3114 2829 3177; baseline 0.004 -15"><span class='ocrx_word' id='word_1_361' title='bbox 1780 3114 1848 3162; x_wconf 80' lang='lat' dir='ltr'>ad</span> <span class='ocrx_word' id='word_1_362' title='bbox 1881 3115 2012 3175; x_wconf 81' lang='lat' dir='ltr'>quod</span> <span class='ocrx_word' id='word_1_363' title='bbox 2053 3115 2287 3176; x_wconf 76' lang='lat' dir='ltr'>respiciat</span> <span class='ocrx_word' id='word_1_364' title='bbox 2317 3116 2534 3164; x_wconf 77' lang='lat' dir='ltr'>intentus</span> <span class='ocrx_word' id='word_1_365' title='bbox 2569 3117 2708 3177; x_wconf 76' lang='lat' dir='ltr'>operi</span> <span class='ocrx_word' id='word_1_366' title='bbox 2739 3131 2829 3165; x_wconf 81' lang='lat' dir='ltr'>suo</span> 
     </span>
     <span class='ocr_line' id='line_1_69' title="bbox 1780 3188 2831 3252; baseline 0.005 -17"><span class='ocrx_word' id='word_1_367' title='bbox 1780 3188 1927 3245; x_wconf 80' lang='lat' dir='ltr'>deus,·</span> <span class='ocrx_word' id='word_1_368' title='bbox 1962 3201 2070 3236; x_wconf 79' lang='lat' dir='ltr'>ecce</span> <span class='ocrx_word' id='word_1_369' title='bbox 2095 3201 2202 3249; x_wconf 78' lang='lat' dir='ltr'>par</span> <span class='ocrx_word' id='word_1_370' title='bbox 2234 3189 2323 3238; x_wconf 76' lang='lat' dir='ltr'>deo</span> <span class='ocrx_word' id='word_1_371' title='bbox 2358 3190 2590 3252; x_wconf 72' lang='lat' dir='ltr'>diynmn,</span> <span class='ocrx_word' id='word_1_372' title='bbox 2625 3191 2707 3239; x_wconf 78' lang='lat' dir='ltr'>vir</span> <span class='ocrx_word' id='word_1_373' title='bbox 2725 3191 2831 3252; x_wconf 79' lang='lat' dir='ltr'>for-</span> 
     </span>
     <span class='ocr_line' id='line_1_70' title="bbox 1779 3261 2745 3325; baseline 0.003 -15"><span class='ocrx_word' id='word_1_374' title='bbox 1779 3262 1842 3311; x_wconf 72' lang='lat' dir='ltr'>tis</span> <span class='ocrx_word' id='word_1_375' title='bbox 1874 3274 1989 3311; x_wconf 73' lang='lat' dir='ltr'>cum</span> <span class='ocrx_word' id='word_1_376' title='bbox 2019 3261 2161 3311; x_wconf 87' lang='lat' dir='ltr'>mala</span> <span class='ocrx_word' id='word_1_377' title='bbox 2192 3263 2401 3324; x_wconf 75' lang='lat' dir='ltr'>fortuna</span> <span class='ocrx_word' id='word_1_378' title='bbox 2433 3265 2745 3325; x_wconf 77' lang='lat' dir='ltr'>compositus.</span> 
     </span>
    </p>
   </div>
   <div class='ocr_carea' id='block_1_15' title="bbox 1776 3382 2827 3656">
    <p class='ocr_par' dir='ltr' id='par_1_15' title="bbox 1776 3382 2827 3656">
     <span class='ocr_line' id='line_1_71' title="bbox 1846 3382 2821 3447; baseline 0 -15"><span class='ocrx_word' id='word_1_379' title='bbox 1846 3383 1925 3432; x_wconf 88' lang='grc'>48.</span> <span class='ocrx_word' id='word_1_380' title='bbox 1980 3382 2200 3447; x_wconf 74' lang='lat' dir='ltr'>avtdmn]</span> <span class='ocrx_word' id='word_1_381' title='bbox 2254 3384 2311 3431; x_wconf 93' lang='lat' dir='ltr'>ut</span> <span class='ocrx_word' id='word_1_382' title='bbox 2346 3382 2440 3432; x_wconf 86' lang='lat' dir='ltr'>Od.</span> <span class='ocrx_word' id='word_1_383' title='bbox 2480 3384 2538 3443; x_wconf 86' lang='lat'>3,</span> <span class='ocrx_word' id='word_1_384' title='bbox 2587 3383 2679 3444; x_wconf 74' lang='lat'>29,</span> <span class='ocrx_word' id='word_1_385' title='bbox 2726 3385 2821 3433; x_wconf 68' lang='lat'>6⁴:</span> 
     </span>
     <span class='ocr_line' id='line_1_72' title="bbox 1779 3458 2827 3520; baseline -0.001 -13"><span class='ocrx_word' id='word_1_386' title='bbox 1779 3470 1997 3507; x_wconf 64' lang='lat' dir='ltr'>avariam</span> <span class='ocrx_word' id='word_1_387' title='bbox 2040 3471 2199 3506; x_wconf 81' lang='lat' dir='ltr'>mare.</span> <span class='ocrx_word' id='word_1_388' title='bbox 2283 3459 2426 3508; x_wconf 82' lang='lat' dir='ltr'>Mare</span> <span class='ocrx_word' id='word_1_389' title='bbox 2467 3458 2640 3520; x_wconf 91' lang='lat' dir='ltr'>ipsum</span> <span class='ocrx_word' id='word_1_390' title='bbox 2679 3459 2827 3507; x_wconf 79' lang='lat' dir='ltr'>navi-</span> 
     </span>
     <span class='ocr_line' id='line_1_73' title="bbox 1779 3531 2820 3595; baseline 0 -15"><span class='ocrx_word' id='word_1_391' title='bbox 1779 3531 2014 3595; x_wconf 84' lang='lat' dir='ltr'>gantium</span> <span class='ocrx_word' id='word_1_392' title='bbox 2048 3532 2186 3580; x_wconf 86' lang='lat' dir='ltr'>vitae</span> <span class='ocrx_word' id='word_1_393' title='bbox 2220 3533 2379 3594; x_wconf 88' lang='lat' dir='ltr'>atque</span> <span class='ocrx_word' id='word_1_394' title='bbox 2416 3531 2606 3595; x_wconf 89' lang='lat' dir='ltr'>opibus</span> <span class='ocrx_word' id='word_1_395' title='bbox 2641 3533 2820 3581; x_wconf 88' lang='lat' dir='ltr'>inhiat.</span> 
     </span>
     <span class='ocr_line' id='line_1_74' title="bbox 1776 3604 2820 3656; baseline -0.001 -1"><span class='ocrx_word' id='word_1_396' title='bbox 1776 3606 1945 3655; x_wconf 73' lang='lat' dir='ltr'>Avidis</span> <span class='ocrx_word' id='word_1_397' title='bbox 1976 3606 2030 3654; x_wconf 91' lang='lat' dir='ltr'>h.</span> <span class='ocrx_word' id='word_1_398' title='bbox 2057 3604 2089 3654; x_wconf 91' lang='lat' dir='ltr'>l.</span> <span class='ocrx_word' id='word_1_399' title='bbox 2118 3607 2343 3655; x_wconf 90' lang='lat' dir='ltr'>otiosum</span> <span class='ocrx_word' id='word_1_400' title='bbox 2375 3610 2519 3656; x_wconf 89' lang='lat' dir='ltr'>esset</span> <span class='ocrx_word' id='word_1_401' title='bbox 2540 3605 2820 3656; x_wconf 76' lang='grc' dir='ltr'>ἐπίθετον.</span> 
     </span>
    </p>
   </div>
   <div class='ocr_carea' id='block_1_16' title="bbox 1775 3726 2827 4310">
    <p class='ocr_par' dir='ltr' id='par_1_16' title="bbox 1775 3726 2827 4310">
     <span class='ocr_line' id='line_1_75' title="bbox 1842 3726 2827 3792; baseline 0.002 -17"><span class='ocrx_word' id='word_1_402' title='bbox 1842 3726 1922 3775; x_wconf 87' lang='grc'>49.</span> <span class='ocrx_word' id='word_1_403' title='bbox 1960 3727 2131 3776; x_wconf 72' lang='grc' dir='ltr'>Μὲωια</span> <span class='ocrx_word' id='word_1_404' title='bbox 2160 3739 2333 3775; x_wconf 69' lang='lat' dir='ltr'>mum</span> <span class='ocrx_word' id='word_1_405' title='bbox 2354 3739 2417 3775; x_wconf 88' lang='lat' dir='ltr'>ac</span> <span class='ocrx_word' id='word_1_406' title='bbox 2439 3727 2688 3792; x_wconf 68' lang='lat' dir='ltr'>iuventam]</span> <span class='ocrx_word' id='word_1_407' title='bbox 2726 3729 2827 3777; x_wconf 90' lang='lat' dir='ltr'>lm-</span> 
     </span>
     <span class='ocr_line' id='line_1_76' title="bbox 1778 3799 2827 3863; baseline 0 -13"><span class='ocrx_word' id='word_1_408' title='bbox 1778 3802 2017 3850; x_wconf 88' lang='lat' dir='ltr'>moratur</span> <span class='ocrx_word' id='word_1_409' title='bbox 2034 3799 2273 3850; x_wconf 88' lang='lat' dir='ltr'>consulto</span> <span class='ocrx_word' id='word_1_410' title='bbox 2288 3801 2583 3863; x_wconf 82' lang='lat' dir='ltr'>cogitationi</span> <span class='ocrx_word' id='word_1_411' title='bbox 2598 3801 2666 3850; x_wconf 90' lang='lat' dir='ltr'>de</span> <span class='ocrx_word' id='word_1_412' title='bbox 2688 3814 2827 3851; x_wconf 82' lang='lat' dir='ltr'>mor-</span> 
     </span>
     <span class='ocr_line' id='line_1_77' title="bbox 1778 3875 2824 3936; baseline 0 -12"><span class='ocrx_word' id='word_1_413' title='bbox 1778 3875 1844 3925; x_wconf 88' lang='lat' dir='ltr'>tis</span> <span class='ocrx_word' id='word_1_414' title='bbox 1890 3875 2235 3933; x_wconf 85' lang='lat' dir='ltr'>necessitate,</span> <span class='ocrx_word' id='word_1_415' title='bbox 2285 3887 2447 3936; x_wconf 86' lang='lat' dir='ltr'>quam</span> <span class='ocrx_word' id='word_1_416' title='bbox 2493 3889 2559 3925; x_wconf 91' lang='lat' dir='ltr'>ne</span> <span class='ocrx_word' id='word_1_417' title='bbox 2604 3876 2824 3925; x_wconf 76' lang='lat' dir='ltr'>iuvenes</span> 
     </span>
     <span class='ocr_line' id='line_1_78' title="bbox 1778 3948 2823 4013; baseline 0 -15"><span class='ocrx_word' id='word_1_418' title='bbox 1778 3949 1994 4013; x_wconf 88' lang='lat' dir='ltr'>quidem</span> <span class='ocrx_word' id='word_1_419' title='bbox 2027 3948 2292 4011; x_wconf 79' lang='lat' dir='ltr'>effugiant.</span> <span class='ocrx_word' id='word_1_420' title='bbox 2332 3950 2435 3999; x_wconf 84' lang='lat' dir='ltr'>Res</span> <span class='ocrx_word' id='word_1_421' title='bbox 2459 3952 2638 3999; x_wconf 89' lang='lat' dir='ltr'>autem</span> <span class='ocrx_word' id='word_1_422' title='bbox 2662 3962 2823 4011; x_wconf 89' lang='lat' dir='ltr'>quam</span> 
     </span>
     <span class='ocr_line' id='line_1_79' title="bbox 1778 4021 2819 4074; baseline -0.003 0"><span class='ocrx_word' id='word_1_423' title='bbox 1778 4024 2008 4074; x_wconf 83' lang='lat' dir='ltr'>maxime</span> <span class='ocrx_word' id='word_1_424' title='bbox 2034 4021 2224 4073; x_wconf 81' lang='lat' dir='ltr'>flebilis</span> <span class='ocrx_word' id='word_1_425' title='bbox 2248 4021 2628 4073; x_wconf 85' lang='lat' dir='ltr'>adolescentuli</span> <span class='ocrx_word' id='word_1_426' title='bbox 2647 4023 2819 4073; x_wconf 82' lang='lat' dir='ltr'>funus.</span> 
     </span>
     <span class='ocr_line' id='line_1_80' title="bbox 1778 4097 2819 4160; baseline -0.001 -13"><span class='ocrx_word' id='word_1_427' title='bbox 1778 4097 2076 4148; x_wconf 89' lang='lat' dir='ltr'>Notandum</span> <span class='ocrx_word' id='word_1_428' title='bbox 2130 4099 2245 4146; x_wconf 86' lang='lat' dir='ltr'>erat</span> <span class='ocrx_word' id='word_1_429' title='bbox 2293 4100 2511 4160; x_wconf 86' lang='lat' dir='ltr'>propter</span> <span class='ocrx_word' id='word_1_430' title='bbox 2561 4097 2819 4154; x_wconf 86' lang='lat' dir='ltr'>criticum,</span> 
     </span>
     <span class='ocr_line' id='line_1_81' title="bbox 1778 4165 2826 4234; baseline 0.001 -15"><span class='ocrx_word' id='word_1_431' title='bbox 1778 4173 1866 4234; x_wconf 86' lang='lat' dir='ltr'>qui</span> <span class='ocrx_word' id='word_1_432' title='bbox 1901 4172 2001 4220; x_wconf 96' lang='lat' dir='ltr'>hos</span> <span class='ocrx_word' id='word_1_433' title='bbox 2034 4172 2171 4221; x_wconf 90' lang='lat' dir='ltr'>duos</span> <span class='ocrx_word' id='word_1_434' title='bbox 2206 4185 2288 4218; x_wconf 81' lang='lat' dir='ltr'>vv.</span> <span class='ocrx_word' id='word_1_435' title='bbox 2328 4165 2585 4233; x_wconf 80' lang='grc' dir='ltr'><em>ὀβελίζει.</em></span> <span class='ocrx_word' id='word_1_436' title='bbox 2620 4199 2671 4206; x_wconf 94' lang='grc'><strong>-</strong></span> <span class='ocrx_word' id='word_1_437' title='bbox 2711 4172 2826 4220; x_wconf 78' lang='lat' dir='ltr'>den-</span> 
     </span>
     <span class='ocr_line' id='line_1_82' title="bbox 1775 4246 2820 4310; baseline -0.002 -15"><span class='ocrx_word' id='word_1_438' title='bbox 1775 4246 1959 4309; x_wconf 77' lang='lat' dir='ltr'>sentur]</span> <span class='ocrx_word' id='word_1_439' title='bbox 1987 4248 2219 4306; x_wconf 70' lang='lat' dir='ltr'>Demere,</span> <span class='ocrx_word' id='word_1_440' title='bbox 2253 4247 2518 4309; x_wconf 87' lang='lat' dir='ltr'>antiquior</span> <span class='ocrx_word' id='word_1_441' title='bbox 2542 4251 2595 4297; x_wconf 88' lang='lat' dir='ltr'>et</span> <span class='ocrx_word' id='word_1_442' title='bbox 2616 4246 2820 4310; x_wconf 75' lang='lat' dir='ltr'>poetica</span> 
     </span>
    </p>
   </div>
  </div>
 </body>
</html>
