3234 4975
664 408 788 475 446
1421 408 1676 458 HonA‘rn
1712 405 2049 458 omninum
2130 449 2133 453 ,

750 567 1109 634 Centaurea
1151 573 1366 630 monet
1407 584 1556 630 cum
1597 561 1882 651 Lapithis
1928 562 2066 628 rixa
2108 581 2309 648 super
2353 580 2534 626 mero

747 724 1111 802 Debellata,
1156 733 1373 789 monet
1417 721 1719 789 Sithoniis
1764 741 1890 786 non
1933 719 2097 787 levis
2144 719 2374 795 EuiuS,

748 849 909 915 Cum
952 847 1045 913 fas
1089 856 1282 933 atque
1326 844 1505 910 nefas
1548 842 1780 930 exiguo
1824 841 1951 909 fine
1996 840 2334 907 libidinum
2740 838 2821 903 40

744 968 1127 1035 Discernunt
1169 965 1358 1034 avidi.
1445 966 1583 1030 Non
1629 985 1751 1051 ego
1797 973 1890 1039 te,
1938 961 2215 1030 candide
2260 963 2600 1038 Bassareu,

748 1090 1020 1156 Invitum
1063 1088 1375 1176 quatiam,
1423 1107 1545 1153 nec
1588 1086 1783 1152 variis
1821 1085 2030 1151 obsita
2070 1083 2405 1151 frondibus

790 1230 837 1280 9.
875 1231 1063 1292 euhyas
1096 1230 1151 1279 Τ.
1196 1256 1249 1264 -
1290 1229 1368 1278 44.
1406 1229 1545 1277 basse
1575 1241 1671 1278 rea
1702 1228 1759 1277 Τ.

726 1343 773 1393 8.
825 1344 1002 1405 Pugna
1051 1342 1165 1391 orta
1198 1341 1335 1390 inter
1371 1339 1615 1403 Lapithas
1650 1340 1706 1388 et

661 1419 953 1469 Centauros
991 1418 1044 1466 in
1078 1416 1270 1480 nuptiis
1321 1416 1560 1473 Pirithoi,
1613 1428 1704 1464 re-

657 1494 735 1555 gis
770 1493 1139 1555 Lapitharum,
1177 1503 1300 1540 cum
1336 1489 1699 1554 Hippodamia

659 1569 901 1632 (Eurytus
913 1567 1273 1628 Hippodamen,
1297 1565 1386 1614 alii
1403 1578 1556 1626 quam
1572 1564 1706 1626 quis-

660 1658 754 1706 que
767 1642 1050 1705 probat-ant
1074 1645 1164 1689 aut
1178 1644 1439 1702 poterant,
1474 1639 1700 1700 rapiant.

661 1718 753 1767 Ov,
774 1718 898 1766 Met.
917 1717 995 1775 ⁴2,
1016 1714 1149 1777 224.)
1172 1715 1556 1764 Centaurorum
1573 1726 1704 1762 vero

662 1805 852 1854 magna
876 1793 1078 1853 strages
1102 1789 1258 1839 edita.
1297 1788 1486 1851 Odyss.
1512 1804 1577 1850 φ,
1608 1788 1705 1837 295

658 1879 776 1928 sqq.
799 1864 1011 1914 Phidiae
1029 1866 1208 1913 autem
1224 1862 1705 1932 Κενταυρομαχία

657 1940 711 1988 in
734 1938 1078 1989 parthenonis
1101 1938 1327 2001 metopis
1349 1936 1552 2001 aliaque
1576 1936 1705 1986 arti-

658 2012 819 2063 ficum
859 2025 1022 2076 opera
1081 2012 1308 2063 eandem
1360 2011 1702 2075 exprimentia

658 2087 855 2137 Horatii
898 2087 1070 2136 aetate
1121 2087 1358 2136 omnium
1405 2085 1569 2136 oculis
1610 2084 1707 2134 ob-

657 2161 1025 2211 versabantur.
1063 2160 1195 2210 Vide
1220 2159 1478 2222 Millingen
1496 2160 1699 2223 Cophill.

659 2237 715 2287 T.
756 2237 818 2286 35
854 2239 908 2286 et
935 2234 1016 2286 40.
1087 2235 1368 2297 lnghirami
1409 2236 1538 2285 Gall.
1590 2235 1698 2285 Om.

659 2313 744 2360 111.
775 2312 888 2361 425.
915 2338 968 2346 —
1006 2323 1155 2372 super
1183 2308 1336 2372 mero]
1375 2311 1445 2359 Ex
1481 2323 1705 2359 consue-

659 2385 839 2435 tudine
873 2386 1052 2435 Latina
1083 2385 1188 2434 hoc
1220 2384 1345 2434 nihil
1378 2384 1517 2435 aliud
1549 2387 1706 2449 signi-

658 2459 818 2510 ficare
861 2462 1039 2524 potest
1079 2471 1239 2523 quam
1274 2460 1332 2508 de
1359 2473 1522 2522 merc,
1575 2473 1704 2525 pro-

659 2538 780 2599 pter
807 2547 1033 2586 merum.
1072 2535 1184 2584 Hoc
1216 2532 1434 2596 scilicet,
1467 2549 1571 2585 non
1593 2538 1704 2587 tam

660 2610 729 2660 de
763 2609 1017 2659 uxoribus
1053 2611 1268 2672 raptatis
1300 2622 1462 2672 quam
1488 2611 1555 2661 de
1578 2612 1703 2661 vino

660 2699 692 2735 a
744 2685 1019 2735 Centauris
1067 2683 1222 2734 avide
1271 2685 1505 2749 appetito
1539 2689 1708 2735 certa-

665 2763 779 2809 tum
815 2772 953 2819 esse,
999 2762 1270 2821 tamquam
1298 2772 1455 2809 suum
1481 2760 1549 2809 ad
1577 2773 1707 2824 pro-

663 2835 896 2898 positum
923 2834 1095 2896 aptius
1126 2834 1273 2883 finxit
1307 2836 1567 2885 Horatius,
1606 2838 1711 2886 No-

663 2907 834 2958 tabilis
871 2911 1047 2957 tamen
1073 2911 1155 2957 est
1176 2910 1336 2970 atque
1371 2908 1584 2973 elegans
1609 2911 1710 2960 Ou—

664 2982 941 3045 dendorpii
975 2982 1275 3031 coniectura
1309 2997 1459 3044 super
1493 2998 1705 3046 merum,

667 3058 834 3106 «inter
863 3056 1362 3118 compotationem.»
1396 3057 1546 3119 (Flor.
1568 3059 1619 3123 4,
1647 3061 1707 3109 2:

663 3143 814 3193 super
851 3130 1053 3191 pocula.
1120 3130 1329 3180 Curtius
1362 3131 1410 3192 8,
1448 3131 1505 3182 4:
1561 3147 1713 3195 super

662 3207 852 3255 vinam.
889 3203 1120 3254 Iuvenal.
1161 3205 1241 3265 45,
1280 3204 1369 3257 44;
1418 3220 1567 3269 super
1596 3222 1711 3259 coo-

665 3293 787 3329 nam
815 3278 1112 3342 narravit.).·
1152 3293 1312 3343 quam
1347 3281 1517 3344 ipsam
1550 3285 1712 3345 signi-

667 3354 969 3405 ficationem
1008 3352 1262 3404 Codicum
1304 3353 1514 3405 lectioni
1553 3358 1710 3408 docte

667 3428 937 3478 vindicare
955 3427 1136 3479 studet
1148 3430 1194 3478 J.
1217 3430 1277 3478 G.
1299 3431 1506 3482 Steiner
1522 3433 1708 3482 Comm.

665 3504 842 3553 Horat.
880 3502 1020 3564 Spec.
1059 3515 1151 3552 see.
1190 3517 1243 3567 p.
1283 3504 1346 3553 46
1381 3517 1461 3568 sq.

733 3579 780 3628 9.
828 3577 1100 3641 Debellata]
1151 3580 1342 3629 «armis
1376 3579 1710 3631 diiudicata.»

673 3680 728 3689 —
762 3651 1012 3716 Sithoniis]
1067 3652 1291 3717 populus
1321 3654 1604 3707 Thracicus
1644 3655 1713 3706 ad

668 3725 1066 3789 Salmydessum
1112 3728 1164 3777 ss.
1212 3728 1473 3780 Thracum
1532 3733 1712 3781 autem

670 3802 1091 3864 compotationes
1147 3815 1253 3852 non
1310 3804 1408 3852 nisi
1460 3804 1714 3855 caedibus

670 3873 808 3923 finiri
842 3873 1084 3925 solebant
1116 3877 1225 3938 (Od.
1260 3878 1280 3926 4
1306 3915 1318 3936 ,
1344 3878 1406 3926 27
1426 3916 1438 3938 ,
1466 3877 1553 3940 4.),
1580 3891 1713 3941 quas

669 3961 873 4013 poenas
907 3962 938 3998 a
970 3950 1179 4000 Baccho
1209 3952 1271 4002 iis
1305 3965 1405 4001 non
1435 3951 1561 4013 levi,
1612 3954 1714 4004 im-

670 4022 802 4084 miti,
850 4023 1010 4084 irato,
1052 4025 1323 4088 impositas
1346 4040 1467 4077 esse
1488 4025 1709 4078 volt.—

668 4096 829 4146 Euias
858 4095 927 4145 ab
959 4096 1333 4150 acclamatione
1372 4094 1515 4162 εὐοῖ,
1551 4094 1709 4154 εὐάν.

737 4171 816 4222 40.
856 4173 937 4222 44.
974 4172 1156 4237 emique
1184 4173 1300 4238 fine]
1334 4172 1448 4224 «illo
1469 4178 1714 4239 pertenui

670 4245 996 4308 discrimine,
1033 4246 1179 4310 quod
1211 4248 1348 4299 inter
1376 4247 1452 4299 fas
1483 4253 1539 4299 et
1565 4252 1712 4302 nefas

1775 1341 2034 1399 statuere,
2086 1350 2302 1389 servare
2352 1337 2526 1389 solent
2555 1338 2814 1395 libidines,

1777 1427 1913 1476 quae
1941 1426 2329 1477 saepenumero
2350 1426 2571 1477 prorsus
2603 1413 2820 1463 coniun-

1778 1488 1908 1538 dunt
1934 1501 1997 1537 ac
2032 1489 2257 1538 miscent
2288 1490 2626 1551 utrumque.»
2674 1489 2820 1538 Avidi

1776 1565 1954 1613 autem
2004 1562 2246 1613 absolute
2285 1566 2344 1613 ut
2382 1576 2577 1626 saepe3
2631 1562 2725 1612 Od.
2767 1562 2814 1624 4,

1776 1637 1859 1697 28,
1899 1639 1989 1688 48;
2026 1639 2413 1689 avidummare.
2452 1636 2546 1687 Od.
2576 1637 2625 1700 3,
2651 1636 2699 1696 4,
2726 1637 2815 1686 58;

1777 1712 1954 1761 avidus
2002 1713 2241 1776 (pugnae)
2293 1713 2553 1763 Volcanus.
2623 1713 2728 1761 Sat.
2764 1712 2814 1771 2,

1777 1788 1826 1849 3,
1861 1789 1980 1838 454;
2033 1790 2210 1838 avidas
2233 1789 2388 1838 her-ee.
2455 1786 2570 1838 Noli
2601 1787 2819 1848 iungere

1779 1937 2001 1988 modum
2033 1936 2322 2001 langueret.

1845 2013 1923 2062 44.
1971 2013 2196 2076 candide]
2247 2011 2396 2062 Ovid.
2433 2012 2569 2062 Fast.
2605 2011 2654 2072 3,
2692 2011 2816 2060 772:

1778 2086 1995 2137 Candide
2014 2088 2219 2136 Bacche.
2258 2086 2562 2138 Pseudotib.
2589 2086 2638 2146 3,
2678 2087 2726 2147 6,
2760 2086 2816 2135 4;

1777 2161 1994 2211 Candide
2020 2161 2165 2211 Liber
2188 2163 2319 2211 ades.
2358 2162 2442 2211 Sic
2471 2162 2630 2211 etiam
2646 2159 2814 2224 Epod.

1777 2236 1825 2293 3,
1847 2234 1895 2285 9.
1915 2236 2184 2285 candidum
2199 2237 2371 2285 ducem
2382 2238 2540 2284 vocat
2552 2237 2815 2286 Iasonem.

1776 2311 1869 2360 Est
1904 2308 2327 2373 «pulchritudine
2362 2309 2672 2374 splendens,
2718 2309 2823 2360 for-

1777 2398 2010 2445 mosus»,
2043 2398 2151 2435 non
2184 2383 2437 2448 «simplex
2473 2385 2528 2434 et
2548 2385 2815 2448 aper-tusa

1778 2461 1882 2511 Cir.
1920 2461 2060 2523 Virg.
2100 2461 2191 2511 Ge.
2231 2461 2280 2520 2,
2317 2458 2430 2510 392.
2485 2458 2552 2509 de
2580 2459 2817 2510 Baccho:

1776 2537 1841 2584 Et
1864 2549 2155 2598 quocunque
2175 2537 2293 2585 deus
2324 2536 2513 2584 circum
2539 2539 2691 2597 eaput
2722 2535 2821 2598 eqit

1776 2612 2044 2660 honestum.
2098 2637 2154 2646 --
2190 2609 2455 2674 Bassareu]
2510 2607 2818 2681 βασσαρίς,

1779 2684 1930 2749 pellis
1966 2683 2175 2750 volpina
2198 2722 2210 2742 ,
2262 2698 2292 2734 a
2338 2682 2635 2755 βασσάρα,
2682 2699 2820 2748 quae

1778 2759 2067 2811 Thracibus
2107 2757 2309 2824 volpes.
2378 2758 2513 2809 Alibi
2559 2760 2816 2821 Bacchae,

1780 2847 1917 2898 quae
2000 2834 2183 2884 itidem
2263 2830 2570 2905 Βασσάραι
2640 2836 2816 2899 (orph.

1782 2910 1973 2972 Hymn.
2026 2908 2109 2969 44,
2161 2909 2250 2972 2),
2293 2913 2499 2973 gestant
2540 2907 2817 2978 νεβρίδας.

1782 2982 2013 3033 Macrob.
2045 2984 2157 3034 Sat.
2203 2985 2261 3046 4,
2304 2986 2391 3035 48;
2453 2984 2616 3034 Liberi
2656 2986 2823 3047 patris

1781 3058 2055 3108 munera
2077 3059 2272 3120 partim
2294 3061 2479 3121 puerili
2495 3065 2673 3121 aetate,
2696 3073 2824 3121 par-

1782 3133 1872 3181 tim
1901 3133 2104 3182 iuvenili
2129 3136 2325 3197 linqunt
2340 3173 2358 3194 ‚
2402 3140 2669 3196 praeterea
2699 3134 2823 3184 bar-

1783 3206 1903 3256 bata
1926 3208 2101 3270 specie,
2135 3210 2275 3258 senili
2307 3223 2516 3271 quoqne,
2544 3211 2619 3259 uti
2642 3210 2825 3260 Graeci

1783 3283 1905 3342 eim,
1934 3296 2077 3344 quem
2102 3283 2367 3346 Bassarea,
2402 3285 2519 3334 item
2544 3297 2688 3345 quem
2709 3284 2825 3333 Bri-

1782 3370 1869 3406 sea
1906 3357 2181 3420 appellant,
2235 3363 2281 3408 et
2331 3363 2387 3408 ut
2438 3360 2493 3408 in
2543 3359 2823 3420 Campania

1781 3432 2101 3493 Neapolitani
2128 3433 2375 3483 celebrant
2403 3433 2604 3483 Hebona
2638 3446 2825 3497 cayno-

1782 3507 2042 3556 minantes.

1852 3582 1930 3630 ⁴2.
1989 3581 2230 3646 quatiant]
2295 3578 2534 3647 κινήσω,
2585 3576 2655 3633 ου’
2711 3578 2824 3633 σοῦ

1784 3647 2032 3718 ἄκοντος
2079 3653 2460 3728 βασσαρήσω.
2546 3659 2605 3707 Ιιι
2665 3658 2822 3722 orgiis

1787 3730 1999 3794 proprie
2051 3730 2218 3794 thyrsi
2282 3733 2577 3793 quatiantur
2626 3734 2681 3782 et
2727 3745 2826 3795 per

1786 3805 2098 3856 Bacchicam
2147 3819 2400 3870 pompam
2449 3805 2826 3857 tumultuosam

1789 3881 1845 3928 et
1877 3893 2000 3930 eum
2032 3879 2305 3931 saltatione
2330 3881 2662 3931 coniunctam
2682 3881 2827 3932 cistis

1787 3954 2103 4005 circumlatis
2118 3968 2270 4006 sacra
2284 3959 2651 4006 commoventur
2667 3956 2823 4019 (virg.

1786 4033 1916 4080 Aen.
1949 4028 1998 4090 4,
2030 4029 2150 4079 304·
2193 4030 2356 4092 qualis
2383 4030 2829 4079 convincti-semita

1784 4104 1942 4154 sacris
1973 4105 2131 4167 Thya-5
2153 4105 2275 4166 cet.)
2343 4104 2433 4155 Est
2464 4106 2643 4170 igitur:
2682 4107 2828 4155 «Non

1785 4179 1946 4227 invito
1981 4180 2031 4227 te
2054 4217 2066 4240 ,
2111 4178 2258 4241 leges
2294 4180 2411 4229 tuas
2444 4181 2678 4230 sacratas
2712 4178 2828 4227 vio-

1785 4250 1916 4312 lanS,
1950 4252 2093 4315 orgia
2112 4254 2199 4302 tua
2218 4250 2522 4316 celebrab0,
2549 4266 2649 4303 nec
2670 4253 2830 4337 sacri-
