3234 4975
1216 354 1334 404 Lm.
1378 355 1415 402 1.
1489 354 1545 401 C.
1582 352 1802 402 xxxiv,

799 512 944 590 Quo
989 512 1147 601 Styx
1197 521 1262 576 et
1304 510 1489 576 invisi
1534 508 1799 575 horrida
1842 508 2107 574 Taenari

2515 341 2632 408 185

2553 502 2632 566 lo

886 631 1094 697 Sedes
1137 630 1600 718 Atlanteusque
1647 630 1793 694 finis

977 753 1368 820 Concutitur.
1455 750 1637 818 Valet
1679 751 1806 816 ima
1851 749 2118 817 summis

800 913 1045 978 Mutare
1090 920 1154 977 et
1199 911 1519 998 insignem
1561 917 1850 977 attenuat
1892 908 2059 974 deus

804 1032 1103 1099 Obscura
1147 1052 1489 1119 promens;
1533 1029 1683 1098 hinc
1727 1029 1982 1119 apicem
2024 1049 2222 1118 rapax

600 1259 677 1309 43.
715 1260 909 1323 insiqno
941 1256 1108 1309 Bentl.
1144 1257 1341 1323 partim
1375 1268 1502 1309 cum
1534 1269 1650 1307 var.
1688 1254 1809 1307 lect.
1846 1271 1882 1304 κ
1915 1257 2108 1320 &usique
2143 1260 2373 1305 attenuat
2404 1257 2565 1307 docus.

466 1469 575 1506 rus.
630 1455 771 1517 Virg.
822 1456 912 1504 Ge.
963 1452 1022 1514 4,
1060 1451 1183 1503 467ε
1242 1453 1518 1503 Taenarias

466 1531 618 1580 etiam
627 1530 815 1592 fauces,
835 1528 943 1577 alta
953 1528 1082 1577 ostia
1094 1528 1241 1577 Dicis.
1258 1554 1313 1563 ·-
1330 1528 1516 1577 Omnia

468 1606 667 1663 autem,
707 1616 845 1665 quae
880 1601 947 1650 ad
975 1605 1204 1651 mortem
1226 1602 1513 1665 pertinent,

467 1681 523 1728 et
567 1678 666 1727 diis
712 1680 766 1726 et
810 1675 1118 1726 bominibus
1167 1678 1292 1726 sunt
1324 1676 1515 1735 invisa,

465 1750 700 1811 horrida,
739 1749 1096 1809 formidolosa,
1134 1751 1193 1798 ut
1225 1750 1319 1799 Od.
1354 1750 1404 1810 2,
1433 1748 1515 1809 44,

466 1826 562 1876 23:
601 1826 791 1875 invisae
822 1826 1057 1888 cupressi.
1116 1824 1256 1887 Virg.
1294 1826 1424 1874 Aen.
1456 1823 1515 1883 8,

466 1898 591 1950 Ξ45ι
626 1913 831 1963 reyna-
856 1900 1077 1959 Pallida,
1115 1900 1190 1947 dis
1212 1899 1390 1947 invisa.
1430 1898 1521 1947 Se-

467 1987 602 2024 neca
643 1975 800 2023 Herc.
840 1972 939 2022 fur.
978 1972 1103 2024 664:
1151 1974 1244 2022 Hic
1280 1973 1347 2036 (in
1383 1973 1519 2022 Tae-

468 2049 616 2111 naro)
654 2063 749 2098 ora
789 2049 933 2098 solvit
963 2048 1098 2098 Ditis
1130 2049 1293 2097 invisa
1326 2049 1515 2097 eternus.

468 2121 618 2173 Iliad.
658 2138 711 2183 υ,
749 2123 829 2173 65:
869 2124 1029 2173 οἰκία
1060 2120 1387 2192 Σμερδαλέ’,
1424 2118 1520 2171 ευ-

472 2192 709 2267 ρώεντα,
744 2193 879 2246 τάτε
912 2199 1220 2263 στυγέουσι
1242 2196 1372 2247 θεοὶ
1394 2211 1515 2265 περ.

540 2272 620 2321 44.
656 2271 1010 2333 Atlanteusque
1027 2273 1158 2337 sinis]
1185 2273 1362 2336 Eurip.
1390 2272 1520 2336 Hip-

471 2344 581 2410 pol.
619 2346 679 2395 3:
732 2347 1004 2415 τέρμονες
1044 2340 1405 2397 Ἀτλαντικοι.
1460 2376 1515 2384 -

471 2420 689 2470 «Omnia
707 2458 718 2479 ,
757 2422 917 2471 etiam
942 2422 1137 2470 Orcum
1172 2422 1405 2471 concutit
1427 2434 1521 2472 su-

470 2495 643 2558 premi
668 2496 805 2545 Iovis
826 2496 1079 2558 potentia,
1117 2497 1229 2546 sive
1255 2499 1384 2546 nutu
1407 2496 1518 2546 sive

470 2567 688 2618 fulmine
706 2569 885 2619 utitur.
914 2571 1023 2619 lam
1044 2571 1165 2620 utin
1179 2573 1425 2621 naturam
1439 2571 1522 2620 in-

472 2644 762 2693 animatam
797 2644 905 2694 vim
938 2657 1093 2694 suam
1125 2649 1341 2695 exercet
1364 2645 1518 2705 deus,

471 2717 542 2765 ita
581 2717 740 2767 etiam
774 2718 826 2767 in
850 2719 1014 2767 vitam
1037 2719 1342 2780 hominum3
1380 2731 1521 2783 quae

473 2792 616 2855 apud
649 2792 747 2841 hos
787 2805 997 2842 summa
1041 2795 1190 2854 sunt,
1245 2795 1522 2857 repentina

474 2867 820 2917 conversione
871 2880 1035 2931 saepe
1089 2868 1408 2918 deiiciuntur
1459 2881 1522 2917 ac

472 2954 693 3005 pessum
727 2940 971 2990 dantur.»
1023 2940 1136 2992 lob.
1174 2944 1224 3003 ὅ,
1265 2943 1352 2991 44;
1390 2943 1525 2992 Deus

464 3015 613 3077 ponit
643 3015 850 3064 humiles
879 3016 934 3064 in
965 3015 1187 3078 sublime,
1225 3021 1273 3067 et
1289 3030 1524 3066 maeren-

473 3093 545 3139 tos
577 3090 726 3152 eriyit
757 3090 1007 3151 sospitato.
1078 3090 1270 3153 Odyss.
1298 3104 1357 3150 π,
1394 3091 1521 3141 244ι

469 3157 713 3228 Ῥηίδιον
757 3160 819 3213 δὲ
860 3163 1081 3224 θεοῖσι,
1135 3167 1227 3215 τοὶ
1272 3159 1524 3235 οὐρανὸν

474 3233 646 3307 εὐρὺν
706 3231 976 3299 ἔχουσιν,
1042 3233 1215 3304 Ἦμεν
1280 3236 1525 3304 κυδῆναι

471 3308 689 3377 θνητὸν
721 3309 937 3383 βροτὸν
961 3307 1063 3378 ἡδὲ
1094 3311 1377 3364 κακῶσαι.
1418 3315 1528 3364 He-

474 3385 609 3436 siod.
622 3329 796 3458 *Aepy
807 3389 864 3437 5:
895 3382 1023 3437 Ῥεα
1049 3387 1159 3452 μὲν
1180 3384 1291 3459 γὰρ
1312 3384 1523 3475 βριάει,

472 3456 580 3530 ρέα
611 3458 673 3511 δὲ
705 3459 988 3532 βριάοντα
1030 3461 1324 3524 χαλέπτει,
1368 3457 1526 3512 ‘Pela

473 3534 522 3585 δ’
575 3530 845 3623 ἀρίζηλον
885 3533 1117 3603 μινύθει
1162 3540 1261 3588 καὶ
1309 3532 1527 3604 ἄδηλον

475 3605 658 3674 ἇεξει,
688 3606 839 3663 ‘Pera
884 3611 947 3663 δέ
978 3614 1023 3663 τ’
1059 3609 1244 3663 ἰθύνει
1286 3608 1528 3663 σκολιὸν

475 3688 577 3736 καὶ
625 3680 893 3759 ἀγήνορα
936 3683 1149 3758 κάρφει
1193 3682 1335 3750 Ζευς
1382 3681 1526 3752 ὕψι-

475 3758 778 3831 βρεμετης.
837 3760 1031 3811 Archil.
1082 3763 1164 3812 l·r.
1203 3763 1285 3813 54.
1322 3762 1524 3826 Bergk:

479 3835 617 3896 Τοῖς
663 3835 823 3898 θεοῖς
854 3835 1038 3885 τιθεΐν
1071 3831 1331 3887 ἅπαντα·
1385 3835 1528 3887 πολ-

478 3905 644 3970 λάκις
682 3909 791 3972 μὲν
832 3909 898 3960 ἐκ
930 3909 1130 3961 κακῶν
1157 3905 1391 3982 Ἀνδρας
1427 3905 1529 3981 ὀρ-

477 3980 691 4034 eornm
754 3983 998 4058 μελαίνῃ
1064 3988 1368 4051 κειμένους
1435 3984 1530 4036 ἐπὶ

480 4058 681 4118 χθονί·
731 4041 1023 4124 Πολλάκις
1055 4058 1103 4110 δ
1138 4055 1531 4149 ἀνατρέπουσι

479 4135 578 4183 καὶ
619 4131 760 4200 μάλ’
804 4150 867 4187 ευ
908 4133 1240 4202 βεβηκότας
1272 4131 1531 4197 ’Τπτίους

481 4206 764 4263 κλίνουσ·
819 4203 1016 4264 ἔπειτα
1074 4206 1259 4263 πολλὰ
1316 4212 1533 4277 γίνεται

1588 1446 1744 1502 κακοὶ
1790 1451 1902 1502 Καὶ
1951 1448 2087 1511 βίου
2121 1446 2320 1521 χρήμῃ
2355 1447 2638 1503 πλανᾶται

1590 1528 1692 1578 καὶ
1725 1523 1868 1577 νόου
1890 1521 2203 1615 παρήορος.
2240 1527 2503 1590 Aristopb.
2533 1528 2639 1589 Ly-

1590 1605 1731 1654 sistr.
1769 1602 1890 1651 772:
1929 1615 1999 1651 τα
2033 1597 2078 1649 δ
2101 1594 2378 1671 ὑπέρτερα
2407 1602 2640 1671 νέρτερα

1590 1674 1763 1743 θήσει
1819 1671 1960 1738 Ζευς
2025 1669 2437 1745 ὑψιβρεμέτης.
2513 1676 2634 1726 Tac

1592 1755 1723 1804 Hist.
1776 1750 1837 1813 4,
1889 1750 1982 1801 47·
2042 1752 2337 1801 documenta
2389 1750 2643 1799 mutabilis

1591 1829 1847 1878 Fortunae
1867 1839 2159 1892 smnmaque
2180 1830 2226 1874 et
2246 1827 2352 1874 ima
2372 1824 2634 1873 miscentis,

1661 1903 1741 1952 42.
1794 1901 2188 1951 Sententiarum
2229 1900 2469 1949 iunctura
2505 1899 2640 1948 haec

1593 1979 1703 2028 est:
1759 1978 1911 2026 «Nec
1954 1989 2083 2025 vero
2126 1971 2488 2039 ὅιοσημειοις
2522 1976 2641 2023 tan-

1594 2055 1733 2111 tum,
1783 2050 1880 2100 sed
1924 2051 2083 2100 etiam
2121 2048 2422 2113 ingentibus
2457 2060 2641 2098 rerum

1592 2126 1947 2175 humanarum
1982 2124 2432 2175 vicissitudinibus
2466 2123 2641 2172 mani-

1594 2200 1729 2251 festa
1764 2199 1823 2250 fit
1856 2212 2066 2250 summa
2102 2199 2261 2248 divini
2297 2198 2528 2247 numinis
2550 2209 2644 2261 po-

1593 2275 1785 2333 tentia,
1825 2275 1883 2323 ut
1916 2286 2041 2323 cum
2074 2274 2307 2323 maxime
2342 2272 2393 2321 in
2428 2271 2645 2321 Partho-

1594 2361 1715 2398 rum
1759 2348 1923 2399 rebus
1966 2350 2239 2412 apparet.»
2313 2346 2485 2395 Valere
2519 2358 2643 2395 cum

1595 2423 1850 2473 infinitivo
1898 2423 2020 2486 (qua
2067 2421 2456 2471 constructione
2504 2432 2644 2469 nun-

1596 2512 1761 2564 quam
1804 2499 1968 2548 utitur
2011 2497 2215 2559 Cicero)
2251 2496 2503 2560 frequens
2537 2496 2644 2544 iam

1596 2577 1682 2624 est
1725 2571 1868 2636 apud
1911 2573 2215 2622 Lucretium
2259 2572 2314 2619 et
2350 2568 2639 2632 Virgilium.

1663 2647 1743 2697 43.
1780 2647 2024 2709 insignari
2057 2644 2302 2707 attenuat]
2330 2645 2512 2693 «Viros
2537 2640 2647 2691 illu-

1596 2725 1753 2782 stres,
1769 2721 2053 2785 principes,
2070 2733 2226 2782 reges
2237 2720 2380 2769 omni
2393 2718 2645 2780 dignitate

1596 2798 1758 2859 atque
1774 2794 1965 2859 opibus
1983 2793 2223 2858 spoliat.»
2198 2792 2419 2855 ».Eurip
2437 2793 2641 2853 Fragm.

1596 2869 1972 2920 Andromedae
2023 2869 2112 2918 23:
2170 2861 2229 2917 Ὁ
2275 2865 2386 2932 μὲν
2444 2859 2648 2928 ὄλβιος

1600 2936 1703 3011 ἢν,
1752 2939 1854 2994 τὸν
1898 2940 1946 2992 δ’
1981 2937 2321 3013 ἀπέκρυψεν
2355 2936 2532 3003 Θεός·
2580 2939 2646 2991 ἐκ

1597 3021 1803 3071 κείνων
1848 3015 1962 3068 τῶν
1996 3032 2135 3067 ποτε
2168 3012 2445 3105 λαμπρῶν
2478 3012 2648 3067 Νεύει

1596 3093 1817 3156 βίοτος,
1841 3089 1992 3143 νεύει
2014 3091 2075 3143 δὲ
2098 3090 2247 3153 τύχα
2264 3086 2426 3143 Κατὰ
2450 3088 2645 3155 πνεῦμ’

1596 3164 1844 3234 ἀνέμων.

1667 3243 1747 3295 44.
1772 3244 1851 3293 45.
1880 3243 2135 3292 «Obscura
2157 3243 2341 3292 contra
2362 3242 2561 3305 promit
2582 3253 2647 3290 ex

1598 3317 1837 3368 tenebris
1887 3320 1942 3367 et
1989 3316 2273 3381 splendore
2325 3314 2647 3365 collustrat.»

1601 3390 1854 3442 Consulto
1906 3404 2074 3454 genus
2126 3390 2373 3448 mutavit3
2428 3401 2553 3438 nam
2603 3387 2649 3437 si

1598 3464 1938 3530 praetulisset
1965 3466 2157 3529 iri-siqua
2178 3463 2262 3513 vel
2286 3463 2507 3525 insufflata
2531 3462 2651 3525 (Cu-

1599 3539 1829 3603 ningh.),
1851 3537 1860 3543 ’
1885 3541 1991 3589 tota
2040 3540 2300 3589 sententia
2348 3535 2451 3585 loci
2496 3548 2649 3584 com-

1599 3615 1777 3665 munis
1811 3613 2037 3664 formam
2072 3614 2247 3662 minus
2280 3610 2546 3675 poeticam
2577 3609 2653 3658 in-

1602 3689 1823 3740 duisset.
1895 3690 2177 3739 Praeterea
2211 3687 2318 3735 iam
2353 3683 2548 3747 cogitat
2581 3682 2650 3732 de

1601 3763 1830 3814 Tiridate
1855 3764 1982 3812 tunc
2009 3774 2176 3824 regno
2199 3760 2385 3809 exacto
2403 3772 2433 3809 a
2458 3758 2653 3808 Phraa-

1601 3840 1683 3900 te,
1723 3838 1971 3901 quocirca
2005 3835 2340 3900 aptissimum
2375 3835 2459 3884 est
2490 3847 2542 3882 v.
2568 3834 2651 3882 iw-

1601 3914 1807 3976 siqnem.
1869 3912 1974 3961 Cfr.
2012 3909 2108 3960 Od.
2148 3910 2209 3968 4,
2245 3908 2337 3968 26,
2375 3909 2424 3958 ὅ.
2474 3907 2570 3957 Od.
2596 3908 2649 3966 2,

1602 3988 1662 4047 2,
1703 3988 1780 4036 47.
1842 3987 1955 4035 Hoc
1987 3983 2105 4033 loco
2139 3985 2344 4045 autem,
2384 3982 2472 4032 ubi
2506 3980 2653 4031 velut

1604 4061 1896 4125 sapientiae
1948 4057 2161 4108 oracula
2213 4058 2348 4119 edit,
2407 4056 2651 4121 putidum

1604 4135 1791 4186 fuisset
1806 4133 2127 4185 sententiam
2147 4130 2391 4197 exemplo
2416 4131 2647 4188 firmare,

1605 4207 1752 4274 quod
1801 4211 1928 4259 tunc
1978 4207 2226 4259 omnibus
2276 4207 2331 4257 in
2376 4217 2469 4256 ore
2516 4205 2646 4254 erat.
