3234 4975
635 415 756 483 724

1448 420 1701 470 noum!
1740 420 1995 470 EPODON

1353 924 2105 988 mxu

724 1135 934 1202 Altera
982 1135 1106 1198 iam
1152 1134 1376 1199 teritur
1417 1131 1606 1198 bellis
1652 1131 1947 1198 civilibus
1992 1141 2202 1206 aetas,

771 1334 902 1383 XVI.
958 1334 1121 1383 inser.
1158 1329 1296 1394 volg.
1352 1331 1430 1381 Ad
1471 1330 1717 1392 populum
1766 1332 2061 1379 Romanum.
2121 1353 2175 1364 —
2233 1329 2319 1379 Rei
2346 1328 2578 1391 publicae
2609 1332 2753 1394 deflet

707 1411 968 1472 fortunam
1001 1409 1089 1458 Bc.
1134 1434 1176 1443 —
1214 1408 1329 1456 Om.
1367 1405 1425 1455 Τ.

705 1586 836 1635 XVI.
891 1584 1110 1634 Videtur
1148 1584 1251 1632 hoc
1286 1595 1503 1633 carmen
1540 1593 1691 1630 com-

640 1661 874 1723 positum
908 1657 1010 1708 sub
1046 1657 1249 1707 initium
1285 1655 1407 1706 belli
1450 1656 1692 1706 Perusini

642 1747 692 1783 a.
714 1746 767 1782 u.
788 1746 836 1782 c.
864 1732 1002 1791 7⁴3..
1040 1743 1164 1781 cum
1189 1730 1526 1780 contentione
1553 1728 1690 1779 civili

643 1808 783 1857 inter
804 1809 860 1856 L.
881 1807 1164 1857 Antonium
1190 1818 1300 1855 cos.
1323 1807 1380 1854 et
1401 1805 1690 1854 Caesarem

641 1882 985 1930 Octavianum
1026 1880 1211 1943 paucis
1255 1878 1531 1928 mensibus
1569 1881 1693 1941 post

642 1953 907 2003 funestam
931 1952 1070 2003 illam
1094 1952 1265 2003 aciem
1297 1950 1691 2015 Philippensem

641 2028 743 2078 sub
797 2028 924 2091 ipsis
978 2025 1127 2077 Urbis
1177 2025 1460 2076 moenibus
1508 2038 1693 2076 erum-

640 2104 802 2166 pente
839 2111 1021 2149 rerum
1055 2101 1416 2150 Romanarum
1447 2098 1690 2149 condicio

643 2189 768 2226 cum
804 2177 855 2225 in
891 2173 1028 2226 Urbe
1065 2175 1178 2223 tum
1201 2174 1254 2223 in
1279 2175 1384 2224 tota
1409 2173 1521 2223 fere
1545 2172 1689 2223 ltalia

641 2248 968 2314 deploranda
1015 2261 1079 2298 ac
1124 2247 1555 2312 desperatissima
1601 2261 1691 2297 es-

643 2327 743 2376 set.
805 2324 911 2373 Cl'r.
950 2323 1210 2372 Kirchner
1253 2323 1466 2382 Quaest.
1507 2322 1686 2370 Horat.

641 2413 694 2463 p.
722 2399 805 2448 22.
864 2398 1020 2448 Certe
1063 2395 1366 2447 huiusmodi
1412 2394 1690 2445 consilium

642 2473 874 2539 patrium
899 2471 1070 2523 solum
1096 2470 1428 2536 relinquendi
1454 2468 1541 2520 tali
1566 2482 1688 2520 cum

643 2548 901 2599 libertatis
942 2560 1105 2597 sensu
1141 2544 1449 2595 melioribus
1485 2544 1690 2601 civibus

645 2624 774 2673 dare
809 2624 897 2671 vix
928 2623 1162 2686 poterat,
1213 2623 1501 2685 postquam
1543 2621 1691 2670 Mae-

643 2698 844 2749 cenatis
878 2698 933 2745 et
965 2695 1231 2745 Octaviani
1270 2696 1531 2745 amicitiae
1568 2707 1690 2744 sese

640 2771 939 2838 applicavit.
967 2768 1099 2820 Male
1114 2769 1270 2831 igitur
1281 2767 1363 2817 alii
1378 2767 1691 2818 referuntad

641 2848 846 2896 initium
880 2843 1046 2893 ultimi
1081 2844 1219 2892 inter
1251 2844 1594 2892 Octavianum
1638 2843 1693 2891 et

638 2919 923 2970 Antonium
957 2915 1082 2966 belli
1116 2930 1165 2965 a.
1197 2930 1248 2965 ιι.
1277 2930 1324 2966 c.
1353 2917 1488 2977 722„
1526 2928 1690 2978 quam

640 2991 978 3043 falsissimam
1046 2990 1351 3054 opinionem
1417 3002 1591 3054 nuper
1659 3002 1691 3038 a

640 3065 876 3128 quodam
895 3067 1165 3114 recoctam
1184 3065 1398 3127 optimis
1411 3076 1692 3127 argumen-

643 3139 709 3188 tis
754 3151 885 3188 usus
929 3138 1177 3186 refutavit
1223 3138 1438 3187 Franke.
1510 3136 1692 3187 Liber-

639 3214 776 3262 rima
810 3214 992 3261 autem
1034 3210 1389 3274 indignatione
1426 3222 1689 3261 accensus

640 3287 1020 3346 vehementer,
1059 3298 1124 3334 ne
1162 3285 1337 3335 dicam
1371 3284 1686 3346 iuveniliter,

639 3363 692 3412 in
748 3359 1010 3410 bellorum
1062 3360 1432 3410 intestinorum
1483 3359 1689 3411 scelera

637 3436 905 3486 invehitur
927 3447 1224 3498 eorumque
1248 3432 1574 3485 calamitates
1598 3435 1691 3484 de-

638 3509 826 3574 plorat.
906 3510 1225 3572 Magnopere
1303 3521 1431 3558 vero
1499 3507 1692 3558 fallit-ur

637 3583 875 3644 Monich‚
936 3583 1019 3632 cui
1078 3584 1259 3633 nescio
1318 3595 1456 3645 quae
1506 3595 1688 3632 amara

638 3658 901 3728 εἰρωνεία
932 3668 1032 3720 per
1067 3659 1237 3707 totum
1272 3670 1492 3707 carmen
1515 3656 1691 3705 domi-

637 3733 751 3781 nari
785 3732 898 3783 visa
936 3733 1034 3781 est.
1085 3731 1239 3791 Quod
1284 3734 1465 3782 autem
1499 3732 1551 3780 in
1585 3732 1689 3781 hoc

636 3806 874 3856 carmine
920 3805 1126 3856 civibus
1167 3804 1424 3856 libertatis
1468 3807 1691 3856 amanti·

634 3880 739 3929 bus
769 3879 1045 3931 consilium
1077 3881 1336 3944 impertit,
1364 3881 1479 3930 eius
1512 3893 1693 3931 exem-

634 3952 752 4018 plar
785 3952 1009 4004 fortasse
1032 3953 1219 4004 habuit
1242 3957 1307 4006 M.
1335 3955 1547 4005 Sertorii
1570 3968 1693 4018 pro·

637 4027 891 4093 positum.
931 4027 1195 4079 Plutarch.
1222 4030 1356 4079 Sert.
1385 4028 1443 4078 9:
1481 4023 1537 4091 (ὁ
1561 4028 1693 4099 Σερ-

633 4097 863 4173 τώριος)
911 4096 1095 4189 ἔρωτα
1139 4098 1486 4168 θαυμαστὸν
1517 4096 1692 4162 ἔσχεν

637 4176 879 4244 οἰκῆσαι
895 4192 1001 4239 τας
1019 4175 1347 4249 (Μακάρων)
1361 4173 1579 4244 νήσους
1591 4178 1692 4229 καὶ

634 4250 735 4327 ζῇν
776 4252 838 4304 ἐν
875 4248 1096 4321 ἡσυχίᾳ
1131 4250 1465 4325 τυραννίδος
1502 4246 1691 4303 ἀπαλ-

1765 1576 1957 1646 λαγεὶς
2022 1580 2121 1630 καὶ
2190 1576 2459 1644 πολέμων
2523 1575 2812 1630 ἁπάντων.

1765 1657 1940 1705 Acron
1973 1654 2044 1704 ad
2085 1668 2136 1703 ν.
2174 1653 2265 1705 42:
2316 1655 2394 1704 Ad
2425 1655 2616 1705 insulas
2644 1655 2818 1718 forta-

1764 1733 1914 1778 natas
1947 1728 2196 1778 Salustius
2228 1729 2283 1777 in
2319 1729 2544 1779 Historia
2575 1729 2695 1778 dicit
2728 1730 2818 1778 vi-

1766 1808 1900 1852 ctum
1920 1804 2129 1852 voluisse
2162 1803 2240 1852 ire
2262 1804 2556 1853 Sertorium.
2588 1805 2650 1867 (a.
2679 1816 2734 1853 u.
2763 1817 2811 1854 c.

1767 1877 1904 1937 673„
1949 1889 2056 1939 quo
2100 1876 2158 1926 C.
2194 1878 2396 1927 Annius
2441 1879 2640 1928 Luscus
2683 1890 2816 1941 pro-

1767 1952 1992 2016 scriptos
2028 1953 2081 2000 et
2115 1951 2168 2001 in
2202 1951 2268 2002 iis
2303 1952 2596 2001 Sertorium
2630 1952 2817 2015 Hispa-

1765 2026 1850 2074 nia
1876 2023 2111 2088 expulit.)
2138 2026 2354 2076 Servius
2372 2025 2441 2075 ad
2460 2029 2589 2076 Aen.
2611 2027 2661 2086 5,
2683 2025 2809 2075 735;

1767 2099 1922 2162 quas(
1920 2096 2200 2170 μακάρων
2216 2097 2455 2164 νήσους)
2474 2101 2548 2149 ait
2564 2100 2815 2150 Salustius

1764 2174 1963 2223 inclitas
1988 2187 2089 2224 esse
2109 2175 2313 2224 Homeri
2331 2174 2653 2225 ominibus.
2694 2175 2809 2236 (Od.

1765 2245 1827 2309 ὅ,
1863 2248 1960 2297 563
1982 2261 2104 2311 sqq.
2150 2250 2272 2300 Hes.
2296 2242 2374 2298 Ἔ.
2402 2266 2455 2298 κ.
2475 2243 2556 2299 ΊΙ.
2589 2250 2684 2300 470
2706 2251 2812 2313 sq.)

1832 2323 1878 2371 4.
1905 2323 1954 2372 2.
2001 2323 2194 2387 Altera]
2250 2322 2457 2374 «Altera
2508 2325 2613 2373 iam
2663 2327 2814 2375 aetas

1764 2396 1887 2447 inde
1924 2410 1956 2446 a
1991 2395 2128 2446 Sulla
2167 2399 2232 2461 (a.
2276 2411 2330 2447 ιι.
2373 2412 2421 2448 c.
2463 2399 2598 2460 666.)
2641 2400 2816 2461 agitur

1765 2472 1903 2522 inter
1934 2471 2072 2523 bella
2109 2473 2457 2525 domestica.»
2498 2471 2610 2524 Noli
2645 2472 2815 2537 expli-

1765 2561 1890 2598 care
1925 2561 2050 2598 cum
2086 2549 2297 2599 vossio:
2335 2549 2496 2598 Sckon
2529 2550 2816 2599 aaszweito

1766 2622 2043 2672 Geschlecht
2095 2623 2229 2672 wira
2276 2623 2608 2672 verheert
2655 2625 2814 2673 durch

1766 2697 2265 2760 Barycrbesehdwtffi
2304 2710 2431 2746 cum
2461 2711 2513 2747 v,
2540 2702 2701 2749 terere
2720 2698 2814 2747 ad-

1766 2771 1874 2820 dita
1918 2771 2177 2834 temporis
2222 2770 2600 2834 significatione
2639 2771 2815 2822 mole-

1765 2847 1878 2895 stae
1904 2846 1995 2893 aut
2015 2844 2209 2894 frustra
2233 2849 2580 2910 consumptae
2604 2846 2812 2896 diutur-

1766 2919 1940 2969 nitatis
1973 2918 2247 2970 dumtaxat
2285 2920 2552 2970 notionem
2592 2920 2810 2979 habeat,

1766 3005 1870 3042 non
1918 2993 2228 3043 vastationis
2279 2995 2440 3056 atque
2490 2995 2695 3044 excidii.
2751 3021 2807 3030 —

1764 3067 1896 3128 Suis]
1919 3068 2155 3131 Propert.
2184 3068 2241 3127 2,
2270 3068 2359 3127 45,
2385 3067 2475 3118 45:
2511 3069 2615 3117 Nec
2634 3069 2813 3117 totiens

1759 3142 1983 3203 propriis
2013 3142 2205 3191 circum
2236 3147 2527 3205 oppuynaaea
2547 3143 2813 3204 triunphis

1761 3216 1923 3264 Lassa
1952 3216 2081 3278 foret
2110 3215 2273 3264 crines
2290 3216 2478 3266 solvero
2498 3219 2655 3266 Roma
2674 3229 2808 3265 suos.

1763 3289 1820 3351 3,
1849 3289 1937 3350 43,
1973 3289 2811 3353 60:11'ranqituripsaszasfloma

1762 3362 1976 3425 superba
1999 3363 2153 3413 bonis.
2192 3362 2363 3415 Manil.
2393 3365 2449 3425 4,
2487 3364 2609 3414 940;
2644 3365 2811 3427 Impe-

1762 3438 1994 3499 riumquo
2026 3439 2128 3487 suis
2156 3440 2383 3502 connivit
2413 3440 2605 3488 viribus
2624 3440 2806 3501 ipmn.

1764 3511 1925 3572 ld.4‚
1971 3510 2058 3562 43:
2114 3513 2418 3575 Romamque
2460 3515 2660 3563 namt
2705 3514 2813 3562 Pu-

1761 3592 2002 3649 gnantem
2046 3586 2295 3636 mmtbnis.
2370 3588 2478 3637 Liv.
2517 3589 2569 3636 in
2604 3586 2806 3636 praefi:

1766 3661 1856 3709 Res
1886 3686 1915 3697 -
1947 3686 1976 3697 -
2008 3665 2065 3710 ιιι
2112 3662 2218 3710 iam
2266 3661 2609 3725 maynitudina
2667 3659 2813 3709 labo—

1762 3739 1840 3784 ret
1881 3747 1990 3784 saa.
2058 3733 2293 3785 Similem
2340 3737 2580 3785 Senecae
2629 3733 2811 3784 locum

1765 3809 2032 3872 excerpsit
2064 3810 2297 3859 Lactant.
2336 3810 2462 3860 lnst.
2501 3810 2555 3870 7,
2596 3809 2684 3869 45,
2724 3807 2808 3859 44».

1763 3884 2085 3945 Augustinus
2125 3882 2193 3933 de
2230 3884 2288 3933 C.
2326 3884 2389 3933 D.
2429 3884 2517 3943 48,
2566 3882 2656 3934 45:
2710 3883 2814 3933 Ro-

1762 3970 1851 4005 ma
1872 3957 1971 4007 lato
1992 3956 2101 4006 orbi
2121 3962 2379 4007 tem-arum
2397 3957 2655 4019 imperans
2676 3961 2814 4006 tann-

1765 4044 1991 4093 quamsc
2022 4032 2186 4093 ipsam
2215 4031 2681 4094 forrenonvalcns,
2716 4044 2814 4081 sua

1763 4118 1814 4156 so
1845 4106 2210 4167 quodammodo
2252 4106 2596 4169 magnitudine
2641 4105 2812 4169 [νοσο-

1762 4186 1864 4230 rat.
1896 4208 1951 4216 —
1978 4177 2092 4230 Noli
2116 4178 2381 4244 explicare
2404 4192 2529 4230 cum
2551 4180 2807 4229 Baxtcro:

1767 4255 1862 4304 «Et
1903 4255 2016 4318 ipsa
2058 4254 2236 4318 posuit
2268 4254 2335 4304 ad
2371 4254 2683 4318 emphasim
2737 4254 2814 4303 si-
