3234 4975
649 400 729 463 46

1415 400 1672 451 HORATII
1711 400 2046 451 CARMINUM

986 554 1162 622 Miles
1212 567 1271 620 te
1317 555 1484 621 duce
1529 555 1835 642 gesserit:

814 717 962 792 Nos,
1008 716 1304 803 Agrippa,
1352 733 1567 801 neque
1613 713 1773 780 haec
1818 714 2055 790 dicere,
2106 735 2226 780 nec
2271 734 2530 801 gravem
2774 733 2812 776 o

816 835 1078 903 Pelidae
1122 834 1524 902 stomachum
1568 834 1805 901 cedere
1849 836 2085 909 nescii,

816 960 946 1025 Nec
990 978 1221 1024 cursus
1266 956 1540 1044 duplicis
1585 977 1705 1043 per
1747 977 1925 1021 mare
1971 955 2208 1032 Ulixei,

981 1080 1113 1146 Nec
1158 1099 1417 1145 saevam
1460 1076 1718 1165 Pelopis
1763 1076 2028 1144 domum

817 1238 1140 1304 Conamur
1184 1247 1413 1303 tenues
1455 1236 1750 1323 grandia,
1799 1235 1953 1302 dum
2005 1234 2219 1322 pudor

816 1357 1229 1445 Imbellisque
1272 1356 1456 1447 lyrae
1500 1358 1681 1423 Musa
1725 1368 1955 1444 potens
2002 1366 2179 1424 vetat

2734 1358 2813 1423 ⁴0

776 1568 826 1617 7.
864 1567 1081 1629 duplices
1111 1568 1145 1616 S
1180 1568 1236 1616 et
1265 1579 1348 1630 pr.
1384 1564 1450 1627 b,
1484 1566 1683 1616 reducis
1714 1563 1949 1615 malebat
1980 1563 2146 1615 Bentl.
2192 1592 2245 1600 -
2287 1564 2469 1626 mussat·
2503 1566 2661 1616 LCtF.

647 1757 811 1809 quam
844 1744 947 1794 hac
980 1743 1410 1806 interpretatione
1434 1740 1698 1806 aliquate-
1772 1744 1881 1792 tem
1909 1741 2075 1806 (iram)
2097 1742 2327 1802 Graecis,
2352 1742 2726 1805 perniciosam.
2754 1772 2809 1780 —

648 1831 749 1868 nus
783 1817 1002 1881 quidem
1037 1816 1347 1880 explanatur
1368 1815 1573 1866 insolita
1597 1829 1697 1866 uo-

648 1891 732 1942 bis
767 1891 1045 1941 Germanis
1079 1890 1346 1950 attractio,
1390 1889 1533 1941 haud
1566 1891 1694 1942 satis

649 1966 815 2030 ipsius
847 1965 1109 2028 Agrippae
1142 1977 1372 2028 persona
1395 1964 1691 2028 respicitur.

645 2041 739 2091 Est
761 2040 941 2103 igitur:
971 2059 995 2084 α
1010 2038 1409 2089 praedicaberis
1428 2041 1482 2089 et
1498 2042 1555 2089 tu
1578 2040 1693 2103 ipse

647 2116 703 2164 et
734 2112 1041 2177 praeclarae
1076 2126 1166 2165 res
1199 2115 1321 2163 tuae
1357 2115 1501 2162 terra
1534 2113 1696 2162 mari-

647 2202 752 2252 que
788 2190 970 2251 gestae
1006 2200 1107 2251 ope
1133 2187 1464 2237 exercituum
1498 2186 1694 2251 quibus

646 2263 971 2328 praefuisti.»
1043 2264 1177 2313 Cum
1220 2261 1374 2313 miles
1417 2264 1484 2313 sit
1522 2263 1691 2326 ferox,

648 2337 822 2398 fortis,
876 2335 1189 2397 bellicosus,
1242 2336 1546 2399 habeatque
1590 2336 1695 2386 du-

649 2425 771 2462 cem
821 2412 1108 2476 Agrippam
1155 2412 1419 2472 victorem,
1474 2411 1692 2461 minime

649 2486 952 2537 verendum
988 2489 1127 2547 erat,
1166 2501 1232 2537 ne
1268 2488 1465 2537 Horatii
1499 2500 1698 2551 aequa-

644 2561 725 2613 les
757 2575 809 2611 v.
848 2575 1195 2624 quamcunque
1227 2562 1420 2613 eodem
1443 2562 1604 2613 modo
1630 2577 1694 2612 ac

645 2636 915 2688 Bentleius
954 2638 1284 2701 acciperent,
1339 2638 1490 2688 «sive
1537 2651 1694 2701 egre—

646 2715 786 2775 giam
837 2712 949 2761 sive
1002 2712 1330 2762 mediocrem
1373 2713 1487 2762 sive
1531 2715 1693 2763 etiam

647 2784 787 2836 male
821 2786 1258 2850 procedentem.»
1328 2784 1423 2838 Ubi
1445 2784 1565 2836 lect.
1592 2800 1696 2849 qua

647 2873 678 2910 e
714 2861 1009 2923 scripturae
1045 2860 1364 2924 compendio
1398 2864 1570 2910 ortam
1603 2873 1695 2910 re-

647 2934 880 2998 ceperiS,
934 2948 1154 2997 prorsus
1193 2936 1422 2984 otiosum
1456 2934 1514 2984 fit
1544 2936 1696 2984 navi—

645 3009 736 3057 bus
783 3012 875 3056 atat
924 3008 1078 3069 equis.
1149 3006 1308 3072 (Mari
1360 3008 1427 3058 ad
1479 3009 1695 3072 Liparas

648 3081 842 3131 devicit
875 3082 995 3130 Sex.
1024 3082 1335 3145 Pompeium
1371 3083 1466 3132 Cn.
1494 3083 1569 3143 F„
1595 3095 1693 3146 pro

646 3155 866 3205 victoria
901 3154 969 3204 ab
993 3156 1227 3217 Augusto
1251 3168 1448 3204 corona
1468 3158 1694 3206 rostrata

649 3230 905 3288 donatus;
976 3231 1091 3279 tum
1148 3231 1358 3293 egregia
1426 3229 1521 3280 fuit
1581 3232 1695 3281 eius

651 3317 815 3368 opera
850 3304 903 3353 in
937 3315 1113 3367 pugna
1148 3305 1385 3363 Actiaca;
1431 3309 1571 3353 terra
1604 3318 1696 3355 se—

648 3378 856 3428 cundus
876 3379 1237 3428 Romanorum
1260 3379 1504 3429 Rhenum
1526 3381 1698 3430 trans-

646 3467 862 3517 gressus
896 3455 995 3504 est.
1067 3453 1199 3503 Hinc
1232 3454 1286 3503 in
1322 3467 1542 3504 nummo
1566 3456 1693 3505 Con-

646 3527 769 3580 nelii
821 3528 970 3579 Cossi
1025 3525 1227 3590 (Miiller
1275 3528 1485 3578 Βονώνῃ.
1539 3530 1579 3578 l.
1626 3530 1687 3578 N.

645 3603 779 3667 343.)
825 3605 909 3653 est
941 3604 1202 3666 Agrippae
1238 3605 1398 3667 caput
1439 3616 1562 3653 cum
1597 3617 1691 3652 co-

643 3691 773 3728 rona
810 3681 865 3728 et
898 3677 1071 3728 navali
1105 3681 1161 3727 et
1192 3676 1420 3739 murali.)

710 3829 758 3877 5.
787 3826 835 3876 6.
861 3827 1182 3891 stomachum]
1202 3823 1399 3892 μῆνιν,
1431 3827 1565 3876 iram
1587 3826 1693 3876 im-

644 3900 977 3966 placabilem.
1012 3903 1260 3951 Pcrvicax
1275 3899 1502 3952 Achilles
1522 3900 1686 3964 Epod.

647 3977 727 4035 47,
757 3973 845 4033 ⁴43
882 3976 1171 4037 irammdus,
1205 3976 1548 4037 inavorabilss,
1574 3989 1694 4025 acer

645 4051 788 4100 idem
823 4052 932 4100 Art.
970 4050 1114 4099 Poet.
1165 4051 1275 4099 ⁴24.
1346 4052 1555 4102 Nemini
1597 4064 1692 4100 ce-

645 4124 780 4175 dens
789 4121 1010 4188 Apollini
1029 4136 1243 4187 quoque
1261 4125 1533 4177 minitatur
1541 4124 1687 4176 Iliad.

644 4215 701 4261 χ,
738 4200 829 4249 2⁰:
886 4189 926 4264 ἦ
957 4200 1013 4249 0³
1047 4192 1124 4248 ἂν
1163 4201 1465 4266 τισαίμην,
1502 4199 1563 4252 εἶ’
1583 4216 1690 4267 μοι

643 4271 884 4340 δύναμις
916 4287 980 4340 γε
1002 4275 1226 4344 παρείη.
1260 4302 1315 4311 -
1351 4291 1559 4338 gravem
1592 4290 1689 4326 au—

1769 1819 1940 1866 ccdere
1958 1817 2127 1881 nescii]
2153 1817 2238 1866 Sic
2260 1817 2401 1879 Virg.
2428 1818 2558 1867 Aen.
2587 1819 2668 1878 42,
2694 1819 2808 1868 527:

1767 1891 1938 1941 nescia
1967 1891 2102 1940 vinci
2131 1892 2355 1941 Pectora.

1835 1965 1884 2014 7.
1921 1965 2147 2029 duplicis]
2186 1979 2250 2016 ex
2270 1968 2473 2016 Graeco
2496 1979 2615 2016 usu.
2655 1966 2809 2016 Rhes.

1769 2038 1892 2089 393:
1930 2033 2000 2090 οὗ
2035 2035 2272 2102 διπλοῦς
2307 2041 2516 2102 πέφυκ’
2557 2033 2722 2108 ἀνήρ.
2754 2067 2809 2077 --

1769 2115 1940 2176 Atque
1974 2115 2153 2178 Eurip.
2190 2114 2381 2165 Troad.
2408 2115 2522 2165 286.
2560 2116 2609 2164 ei
2631 2113 2814 2164 tribuit

1767 2184 2045 2247 δίπτυχον
2099 2185 2387 2254 γλῶσσαν.
2478 2189 2628 2238 Dion.
2694 2186 2808 2238 Hal.

1769 2262 1919 2312 Rhet.
1981 2264 2061 2323 Η,
2121 2265 2186 2312 5;
2247 2256 2463 2328 ’Ἕλλην
2530 2258 2814 2324 Θετταλὸς

1766 2333 2005 2398 διπλοῦς
2069 2338 2167 2387 καὶ
2224 2335 2505 2399 ποικίλος.
2596 2336 2812 2387 Glossae

1768 2410 1977 2461 Isidori:
2034 2411 2291 2475 Artificem
2341 2412 2619 2474 duplicem,
2673 2411 2814 2460 dolo—

1765 2499 1892 2535 sum.
1965 2486 2070 2536 Cfr.
2107 2487 2312 2537 Ruhnk.
2349 2486 2419 2537 ad
2452 2487 2649 2537 Timaei
2683 2486 2808 2536 Lex.

1767 2573 1821 2623 p.
1860 2560 1941 2610 87.
1990 2561 2083 2611 Est
2114 2562 2273 2623 igitur
2303 2575 2403 2626 pro
2434 2562 2599 2622 vario,
2635 2562 2696 2609 ut
2717 2558 2815 2610 Uli-

1766 2648 1892 2684 xem
1940 2638 2097 2685 vocat
2137 2637 2330 2687 Statius
2371 2635 2553 2687 Achill.
2591 2637 2641 2695 2,
2675 2635 2809 2694 ⁴72„

1768 2708 2011 2770 subdolo,
2048 2713 2282 2761 versuto.
2350 2712 2596 2761 Proxime
2635 2709 2706 2760 ad
2738 2709 2814 2758 si-

1768 2784 2155 2846 gnificationem
2199 2796 2250 2833 v.
2297 2785 2483 2846 duple-v
2522 2785 2646 2834 huic
2694 2782 2812 2832 loco

1767 2859 1924 2908 unice
1959 2861 2140 2922 aptam
2176 2859 2384 2910 accedit
2405 2859 2572 2910 Plaut.
2600 2855 2807 2908 Trucul.

1769 2931 1818 2992 t,
1845 2933 1894 2994 3,
1922 2934 1978 2982 7:
2015 2935 2091 2984 Ne
2112 2934 2330 2995 duplices
2349 2933 2572 2983 habeatis
2592 2933 2809 2996 liumus,

1766 3020 1830 3056 ne
1870 3021 1960 3071 eqo
2001 3008 2243 3073 bilinques
2279 3022 2370 3059 vos
2405 3022 2589 3058 necari.
2660 3007 2806 3057 Ovid.

1768 3084 1885 3131 Am.
1926 3084 1973 3141 4,
2014 3084 2094 3144 ⁴2,
2132 3084 2213 3133 27.
2253 3082 2322 3133 de
2360 3082 2626 3147 diptychis
2660 3094 2812 3131 ama-

1769 3156 1931 3215 toriis,
1970 3156 2164 3219 quibus
2198 3157 2457 3222 deceptus
2496 3159 2636 3207 erat:
2673 3156 2812 3218 Ergo

1768 3243 1856 3293 ⁰90
1895 3244 1985 3279 vos
2023 3231 2169 3280 rebus
2209 3232 2426 3293 duplices
2466 3245 2567 3293 pro
2614 3231 2813 3279 nomine

1765 3305 1909 3354 sensi.
1979 3304 2094 3356 Noli
2128 3309 2310 3357 contra
2351 3307 2568 3369 iungere
2601 3305 2813 3367 duplicis

1766 3379 2025 3445 (duplices)
2060 3396 2252 3444 cmm,
2278 3396 2506 3433 errores.
2544 3380 2811 3431 Bentleius

1765 3459 1911 3507 recte
1946 3456 2165 3521 quidem
2197 3460 2319 3521 post
2350 3456 2480 3507 alios
2514 3456 2807 3520 explicavit,

1763 3545 1954 3581 verum
1987 3545 2110 3581 mox
2145 3532 2373 3582 novandi
2396 3531 2570 3582 studio
2593 3531 2807 3590 duetus,

1766 3604 1950 3655 maluit
1979 3608 2193 3668 reduc-⁸⁶³,
2230 3620 2337 3671 quo
2371 3607 2441 3656 ad
2473 3619 2656 3656 meum
2691 3618 2813 3656 sen-

1766 3693 1887 3730 sum
1922 3680 2046 3730 nihil
2081 3684 2260 3746 potest
2292 3694 2412 3732 esse
2447 3681 2697 3744 frigidius.
2751 3707 2806 3715 —-

1769 3755 1945 3819 Ulixei]
2005 3770 2036 3805 a
2092 3756 2261 3807 forma
2325 3756 2538 3819 antiqua
2611 3755 2813 3804 Ulixem

1769 3830 2068 3892 (Dorienses
2091 3830 2506 3895 pronuntiabant
2527 3821 2804 3894 Οὖλὶξης).

1766 3904 1951 3955 Cicero
1986 3919 2203 3969 semper
2238 3906 2418 3955 Uliam.
2477 3904 2550 3967 (ln
2571 3917 2700 3954 vase
2723 3902 2810 3954 vel

1766 3977 1938 4029 Siculo
1980 3978 2065 4029 vel
2109 3993 2175 4029 ex
2219 3980 2404 4042 Magna
2449 3979 2666 4029 Graecia
2710 3977 2810 4027 ad-

1763 4056 1919 4103 vecto
1963 4051 2110 4117 (Arm.
2148 4054 2258 4103 doll'
2300 4055 2419 4103 lust.
2457 4053 2541 4102 IV.
2579 4067 2631 4117 p.
2671 4052 2805 4113 377.)

1764 4128 1900 4178 haec
1944 4129 2025 4178 est
2061 4127 2256 4178 forma:
2325 4127 2649 4177 OLVSSEVS
2691 4125 2803 4189 (cfr.

1764 4202 1971 4253 Ahrens
1995 4201 2115 4252 dial.
2144 4201 2260 4252 dor.
2286 4216 2339 4266 p.
2365 4201 2488 4263 85.)‚
2527 4203 2582 4251 et
2609 4202 2659 4250 in
2696 4212 2809 4249 mo—

1766 4278 2017 4326 numento
2062 4275 2234 4326 Siculo
2285 4275 2412 4325 ibid.
2465 4273 2803 4333 ΟΤΛΙΞΟΤ,
