3234 4975
1174 387 1289 436 LIB.
1330 388 1365 435 Ι.
1439 388 1495 436 C.
1534 387 1730 437 XXXV.

2493 381 2612 445 ⁴87

1090 736 1562 798 cm
1615 736 1962 796 mv-

782 887 840 953 Ο
886 885 1064 961 diva,
1112 895 1363 972 gratum
1407 905 1578 973 quae
1622 885 1795 971 regis
1841 885 2130 958 Antium,

576 1046 772 1096 XXXV.
811 1048 978 1097 lusor.
1017 1044 1153 1109 volg.
1193 1049 1247 1096 et
1279 1047 1380 1096 ST:
1423 1047 1498 1096 Aa
1529 1046 1824 1096 Fortunam.

1897 1047 1972 1110 (In
2006 1058 2157 1109 marg
2190 1047 2257 1096 T:
2293 1048 2428 1098 Haec
2461 1051 2552 1099 ode

510 1123 565 1170 in
583 1122 842 1185 fortunam
856 1122 1135 1184 potentium
1156 1122 1347 1184 scripta
1362 1126 1450 1182 est,
1476 1122 1557 1170 eui
1576 1121 1813 1171 Caesaris
1825 1121 2182 1183 profectionem
2196 1124 2550 1187 cormnendat.)

512 1260 708 1311 XXXV.
781 1262 1022 1324 Hymnus
1078 1262 1131 1310 in
1188 1261 1491 1321 Fortunam,

449 1348 585 1399 quo,
637 1334 943 1399 praedicata
993 1348 1205 1387 summa
1258 1336 1371 1385 eius
1405 1347 1498 1398 po-

450 1410 639 1472 tentia,
693 1413 839 1471 orat,
895 1412 953 1460 ut
986 1413 1167 1461 servet
1198 1410 1495 1472 Augustum

450 1486 506 1533 et
537 1483 794 1536 adversus
839 1485 1117 1535 Britannos
1151 1486 1207 1534 et
1239 1484 1498 1534 adversus

450 1557 654 1609 Arabas
712 1558 850 1610 bella
906 1558 1242 1619 molientem,
1301 1556 1497 1622 quibus

451 1645 518 1683 ex
556 1634 748 1696 poetae
790 1636 971 1683 mente
1007 1633 1285 1697 expientur
1319 1630 1498 1681 civiles

450 1705 567 1757 illae
602 1708 971 1757 contentiones
995 1705 1255 1757 scelestae
1280 1706 1403 1757 inde
1428 1704 1496 1756 ab

452 1793 501 1829 a.
547 1793 598 1829 u.
638 1793 686 1829 c.
725 1778 840 1830 694.
887 1781 1054 1829 ortae.
1096 1779 1208 1844 (Od.
1234 1781 1292 1841 2,
1333 1781 1389 1840 4,
1429 1780 1497 1841 4.)

456 1881 511 1891 -
534 1849 694 1918 Τύχη
711 1856 945 1918 primum
963 1854 1031 1906 ab
1051 1854 1281 1906 Hesiodo
1299 1855 1495 1915 Theog.

452 1928 566 1979 360.
626 1932 954 1979 memoratur
1013 1930 1151 1978 inter
1204 1928 1496 1992 Nymphas,

453 2003 647 2053 Oceani
703 2002 864 2062 filias;
935 2002 1281 2067 similiterque
1343 2004 1498 2053 Hom.

455 2079 648 2141 Hymn.
698 2079 816 2128 Cer.
865 2079 981 2129 420.
1031 2081 1257 2129 Pausan.
1301 2076 1364 2139 4,
1415 2077 1496 2127 30.

453 2154 514 2202 ln
536 2155 739 2202 tessera
768 2152 1011 2217 hospitali
1034 2153 1289 2215 Borgiana
1314 2151 1500 2214 (zoega

454 2226 693 2275 Abhandl.
753 2239 805 2290 p.
865 2227 946 2277 35.
962 2228 1005 2290 ):
1066 2225 1259 2278 ΘΕΟΣ
1310 2223 1501 2276 ΤΤΧΑ

455 2297 730 2349 ΣΛΩΤΙΣ
762 2296 1076 2371 (Σώτειρα).
1116 2301 1264 2351 Pind.
1303 2299 1378 2350 Ol.
1416 2301 1497 2359 42,

459 2376 516 2423 4;
554 2373 870 2440 Δισσομαι,
907 2403 937 2414 -
967 2404 996 2414 -
1030 2372 1284 2447 Σώτειρα
1318 2370 1498 2433 Τύχα.

457 2448 557 2500 Τὶν
604 2444 716 2521 γὰρ
764 2448 828 2502 ἐν
876 2446 1069 2518 πόντῳ
1113 2447 1504 2522 κυβερνῶνται

454 2524 597 2575 θοαὶ
628 2522 800 2589 Νᾶες,
836 2525 899 2577 ἐν
921 2526 1111 2596 χέρσῳ
1133 2524 1197 2577 δὲ
1219 2525 1505 2598 λαιψηροὶ

459 2595 704 2665 πόλεμοι
778 2595 1039 2672 Κάγοραὶ
1113 2597 1500 2674 βουλαφόροι.

457 2676 684 2725 Pausan.
722 2674 780 2736 7,
831 2676 926 2735 26,
1095 2671 1207 2741 ἐγώ
1253 2674 1362 2740 μὲν
1400 2666 1507 2725 οὖν

457 2743 747 2833 Πινδάρου
780 2746 854 2799 τά
887 2750 931 2799 τ
963 2742 1112 2799 ἄλλα
1132 2749 1411 2815 πείθομαι
1432 2747 1504 2820 τῇ

459 2814 610 2910 ᾠδῇ,
662 2823 764 2873 καὶ
808 2820 1038 2911 Μοιρῶν
1082 2838 1144 2873 τε
1177 2819 1322 2875 εἶναι
1367 2825 1509 2889 μίαν

459 2892 566 2961 τὴν
601 2894 795 2963 Τυχην
828 2900 927 2949 καὶ.
961 2892 1105 2970 ὑπὲρ
1126 2894 1232 2962 τὰς
1253 2894 1509 2963 ἀδελφάς

460 2986 515 3022 τι
551 2968 788 3031 ῖσχυειν.
816 2973 1229 3037 Pseudaeschyli
1253 2989 1337 3025 vv.
1365 2974 1509 3039 apud

461 3047 608 3097 Stob.
654 3047 761 3099 Ecl.
802 3049 964 3134 phys
1011 3050 1068 3100 T.
1114 3050 1161 3098 4.
1198 3064 1252 3114 p.
1292 3050 1403 3099 499.
1443 3051 1504 3099 Η.

460 3122 736 3187 praeclare
770 3124 849 3174 sic
879 3124 1040 3174 vertit
1082 3125 1316 3174 Grotius·
1373 3124 1509 3174 Cun-

461 3197 554 3247 ctis
586 3197 898 3260 principium
938 3196 1085 3247 rebus
1131 3203 1179 3248 et
1225 3199 1414 3260 emittas,
1470 3199 1511 3248 Ο

463 3272 691 3321 Fortuna
715 3276 915 3334 potens,
952 3284 1083 3333 quae
1113 3273 1388 3334 sapientiae
1415 3274 1514 3322 Fa·-

461 3360 600 3396 mam
634 3347 725 3395 das
755 3347 1029 3408 hminum,
1066 3347 1202 3408 diva,
1239 3346 1512 3397 laboribus:

461 3420 623 3471 Multo
663 3421 822 3483 plura
872 3420 961 3470 tibi
1000 3434 1253 3483 prospera
1293 3422 1514 3472 tristibus

462 3494 732 3545 Debentur.
782 3495 1023 3557 Sequitur
1051 3497 1251 3561 qratia,
1290 3510 1388 3560 quo
1420 3496 1517 3546 loci

463 3569 660 3618 Pennas
706 3571 976 3633 remiyium
1030 3575 1077 3619 te
1122 3571 1253 3620 vehit
1305 3583 1509 3621 aureae.

463 3642 552 3691 Nil
591 3647 661 3692 est
694 3645 987 3706 prosperius
1026 3644 1196 3706 nilque
1235 3646 1513 3706 secundius,

469 3718 633 3778 Quam
680 3718 847 3769 lances
885 3719 1074 3769 homini
1118 3721 1251 3780 quod
1294 3719 1518 3770 tribuant

466 3796 598 3841 tuae.
641 3781 711 3842 Tu
742 3805 851 3855 spes
876 3792 1099 3842 sollicitis
1117 3807 1225 3843 una
1245 3793 1516 3854 laboribus;

470 3864 542 3914 Tu
562 3870 754 3917 noctem
772 3866 932 3916 subito
953 3867 1139 3917 lumine
1160 3868 1389 3918 discutis:
1412 3869 1519 3918 Nu-

466 3951 581 3989 men
630 3945 677 3989 te
723 3941 900 3991 melius
946 3954 1148 3992 noscere
1194 3956 1296 3992 non
1345 3944 1513 3993 datur.

465 4010 688 4065 Illustris
722 4014 789 4064 de
824 4016 1053 4066 Fortuna
1078 4014 1228 4067 locus
1252 4018 1335 4068 est
1357 4018 1518 4067 etiam

470 4086 614 4150 apud
649 4087 777 4138 Plin.
804 4090 865 4139 H.
894 4091 953 4140 N.
980 4092 1032 4151 2,
1069 4091 1117 4140 7.
1167 4118 1221 4127 —
1261 4091 1523 4155 «Compo-

471 4161 630 4212 situm
656 4165 741 4214 est
763 4176 979 4214 carmen
1004 4177 1052 4213 a.
1080 4177 1133 4215 u.
1162 4177 1209 4215 c.
1237 4165 1372 4226 727„
1412 4178 1516 4216 non

471 4249 598 4286 vero
608 4238 903 4301 posteriore
913 4236 1089 4302 aliquo
1100 4239 1359 4303 tempore,
1376 4238 1521 4302 quod

1568 1260 1883 1310 dissuadent
1924 1261 2085 1310 etiam
2118 1273 2205 1310 vv.
2243 1260 2307 1311 35
2341 1274 2524 1325 seqq.,
2563 1264 2616 1313 in

1569 1333 1765 1398 quibus
1805 1338 1963 1398 poeta
2007 1346 2198 1385 recens
2232 1348 2263 1384 a
2297 1336 2513 1387 miseria
2547 1336 2616 1387 de

1568 1407 1832 1459 bellorum
1875 1407 2106 1459 civilium
2143 1407 2295 1460 malis
2334 1413 2618 1474 conqueri-

1569 1485 1706 1532 tur.»
1743 1484 1960 1533 Fiunt.

1638 1558 1683 1607 4.
1740 1558 1781 1606 0
1830 1557 1964 1622 diva]
2008 1558 2255 1609 Libanius
2301 1559 2432 1647 περὶ
2480 1555 2618 1610 δου-

1569 1631 1727 1695 λείας
1757 1633 1812 1683 Τ.
1839 1633 1899 1683 11.
1926 1645 2046 1696 pag.
2076 1632 2163 1682 66:
2209 1628 2321 1703 χρὴ
2355 1629 2466 1705 γὰρ
2501 1633 2618 1685 οἴε-

1570 1707 1714 1758 σθαι
1745 1706 1844 1756 καὶ
1877 1702 1948 1777 τῇ
1987 1703 2147 1777 Τυχῃ
2177 1708 2409 1758 κεῖσθαι
2431 1708 2494 1759 ἐν
2517 1703 2617 1760 οὗ·

1570 1776 1725 1870 ρανῷ
1762 1759 2004 1851 θρόνον,
2052 1784 2106 1830 εἰ
2144 1782 2244 1831 καὶ
2274 1777 2361 1847 μὴ
2396 1782 2459 1834 ἐν
2496 1788 2619 1846 τοῖς

1569 1852 1792 1906 δώδεκα
1824 1855 1987 1917 θεοῖς
2021 1849 2356 1927 ἢριθμηται.
2399 1885 2454 1893 -
2491 1873 2620 1923 qra-

1570 1931 1692 1997 tum]
1728 1930 1841 1991 tibi,
1878 1932 1938 1980 ut
1959 1930 2054 1980 Od.
2085 1931 2130 1992 4,
2170 1932 2259 1994 30,
2296 1933 2353 1983 2:
2393 1933 2622 1983 dilectam

1572 2007 1801 2068 Cypron,
1833 2007 1890 2055 et
1920 2005 2061 2068 Virg.
2098 2009 2230 2056 Aen.
2269 2006 2330 2067 3,
2368 2007 2457 2057 73:
2494 2021 2622 2070 qra-

1569 2082 1764 2131 tissima
1785 2079 1927 2129 tellus
1946 2077 2138 2141 (Delus)
2157 2080 2427 2131 Nereidum
2446 2083 2619 2132 matri.

1572 2157 1657 2205 Sic
1715 2155 1859 2204 enim
1922 2153 2063 2203 malo
2127 2153 2393 2218 explicare
2461 2170 2622 2220 quam

1575 2241 1945 2279 «amoenum».
1988 2255 2044 2265 —-
2080 2229 2298 2293 Antium]
2325 2234 2485 2294 caput
2505 2230 2625 2281 Vol—

1573 2316 1808 2363 scorum,
1835 2301 1993 2352 hodie
2014 2302 2154 2353 Anzo
2173 2304 2424 2365 rovinaco,
2454 2318 2622 2369 prope

1574 2376 1830 2442 oppidum
1865 2389 2006 2426 nunc
2038 2377 2355 2427 Porto-Anto
2390 2378 2626 2442 appella—

1575 2455 1708 2502 tum.
1735 2449 1924 2501 Strabo
1948 2453 1995 2501 5.
2025 2464 2078 2515 p.
2107 2451 2233 2501 232:
2258 2445 2478 2503 Ἄντιον
2500 2454 2627 2505 νυνὶ

1576 2520 1800 2576 ἀνεῖται
1822 2530 1944 2587 τοῖς
1980 2520 2264 2592 ἡγεμόσιν
2293 2529 2375 2590 εἰς
2404 2525 2628 2593 σχολὴν

1577 2601 1678 2651 καὶ
1700 2594 1901 2650 ἄνεσιν
1923 2596 2036 2649 τῶν
2060 2597 2386 2662 πολιτικῶν,
2413 2595 2510 2653 ὅτε
2532 2600 2630 2652 λά-

1577 2673 1744 2736 βοιεν
1777 2670 1983 2744 καιρὸν
2015 2672 2134 2723 κτλ.
2187 2676 2296 2725 Cic.
2333 2675 2402 2726 ad
2435 2679 2538 2727 Att.
2575 2676 2623 2738 4,

1579 2751 1639 2800 8:
1662 2750 1810 2799 Antio
1825 2749 1948 2799 nihil
1964 2750 2193 2810 metius,
2219 2750 2343 2799 nihil
2358 2750 2529 2810 alsius,
2553 2753 2633 2800 ni-

1579 2826 1651 2875 hil
1665 2824 1937 2874 amoenius.
1962 2824 2023 2875 Ut
2039 2825 2327 2873 Praeneste
2342 2824 2484 2887 (Stat.
2502 2824 2623 2876 Silv.

1582 2902 1640 2960 4,
1678 2898 1736 2958 3,
1782 2898 1870 2948 80:
1915 2898 2267 2948 Praenestinae
2286 2899 2524 2964 sorores.)
2553 2900 2632 2950 sic

1582 2973 1720 3024 Antii
1766 2974 1919 3022 eraut
1963 2973 2224 3022 Fortunae
2271 2971 2410 3023 duae
2456 2973 2627 3035 (Suet.

1583 3048 1745 3111 Calig.
1783 3047 1914 3109 δί),
1965 3059 2103 3109 quae
2147 3060 2246 3111 per
2286 3051 2458 3098 sortes
2502 3061 2633 3098 con-

1583 3121 1922 3181 sulebantur,
1970 3133 2105 3183 quas
2149 3122 2397 3171 veridicas
2439 3136 2635 3172 sorores

1582 3194 1814 3261 appellat
1836 3193 2083 3245 Martialis
2106 3196 2156 3256 ὅ,
2197 3195 2243 3254 4,
2283 3195 2329 3245 3.
2368 3197 2630 3260 Inscriptt.

1584 3283 1754 3320 mear.
1777 3271 1888 3319 Lat.
1911 3270 1970 3318 N.
1994 3269 2147 3320 4738:
2171 3282 2427 3323 rourum.
2451 3284 2637 3323 νισι-ιυ-

1582 3355 1742 3397 mvs.
1767 3354 2074 3395 muz-mys.
2115 3343 2376 3395 Fortunae
2399 3346 2636 3396 Antiates

1587 3431 1875 3483 expressae
1926 3421 2050 3468 suut
2099 3419 2153 3468 in
2204 3420 2374 3481 gentis
2425 3420 2635 3469 Rustiae

1587 3494 1808 3545 denario
1855 3493 1998 3556 apud
2044 3492 2239 3543 Eckhel
2282 3494 2343 3543 D.
2380 3495 2441 3544 N.
2478 3493 2541 3541 V.
2578 3507 2632 3557 p.

1586 3568 1703 3620 298.
1755 3569 1929 3618 Riccio
1973 3568 2045 3617 M.
2089 3567 2247 3618 an.
2283 3580 2337 3631 p.
2378 3567 2489 3616 499.
2530 3565 2634 3616 Cfr.

1589 3640 1828 3692 Gerhard
1877 3642 1999 3692 Text
2039 3655 2107 3690 zu
2138 3643 2187 3690 d.
2223 3646 2330 3690 ant.
2363 3640 2541 3689 Bildw.
2596 3642 2634 3690 1.

1587 3731 1642 3782 p.
1682 3718 1762 3767 62.
1801 3714 1941 3767 Alias
1987 3716 2338 3765 Fortunarum
2382 3715 2639 3777 imagines

1589 3791 1712 3841 vide
1759 3791 1810 3841 in
1856 3791 2023 3841 Musei
2068 3787 2297 3838 Borbon.
2336 3789 2421 3839 111.
2460 3789 2515 3838 Τ.
2553 3789 2635 3839 26.

1592 3865 1698 3917 Cir.
1738 3864 1927 3915 Schulz
1961 3865 2013 3914 in
2046 3863 2230 3914 Annali
2263 3863 2373 3913 dell'
2407 3864 2522 3913 inst.
2548 3878 2642 3912 ar—

1589 3940 1740 3991 aheol.
1780 3940 1836 3989 T.
1874 3940 1958 3989 XI.
1995 3951 2048 4002 p.
2078 3938 2190 3987 444.
2244 3938 2440 3988 Earum
2469 3937 2641 3988 cultus

1592 4014 1816 4065 durasse
1838 4013 2048 4064 videtur
2073 4024 2245 4076 usque
2269 4013 2339 4062 ad
2361 4012 2641 4063 Theodosii

1593 4090 1661 4139 M.
1690 4092 1950 4152 tempora.
1989 4087 2222 4140 Macrob.
2251 4090 2356 4138 Sat.
2386 4089 2433 4148 4,
2458 4087 2539 4137 23.
2570 4088 2636 4150 (p.

1592 4163 1649 4213 34
1662 4165 1684 4213 4
1699 4164 1749 4226 .):
1768 4163 1827 4213 Ut
1839 4163 2062 4213 videmia
2077 4164 2215 4226 apud
2229 4164 2432 4213 Antium
2440 4175 2646 4224 promo-

1591 4239 1702 4289 veri
1723 4235 1846 4302 (sich
1864 4243 2117 4289 vonoarts
2138 4237 2344 4303 beuqen)
2369 4237 2644 4288 simulacra
