3234 4975
1211 408 1414 458 LIBER.
1476 408 1671 458 CARM.
1710 408 1861 459 xvn.

2507 402 2639 520 74⁴⁰

713 563 982 630 Centum
1034 562 1371 636 iuvencos,
1421 561 1558 628 sive
1604 561 1902 630 mendaci
1952 561 2094 651 lyra

710 682 899 750 Voles
946 683 1196 749 sonari:
1244 683 1335 748 Tu
1393 681 1660 769 pudica,
1707 691 1776 748 tu
1825 681 2031 769 proba

2547 682 2630 747 40

710 801 1198 875 Perambulabis
1247 810 1421 868 astra
1463 802 1648 869 sidus
1694 822 1986 869 aureum.

713 924 968 990 Infamis
1009 921 1295 990 Helenae
1341 922 1568 989 Castor
1609 921 1898 989 offensus
1942 922 2151 990 vicem

711 1048 1062 1132 Fraterque
1108 1043 1321 1131 magni
1363 1043 1677 1120 CastoriS,
1727 1043 1874 1110 victi
1919 1063 2149 1130 prece,

709 1164 1021 1252 Adempta
1071 1164 1199 1231 vati
1250 1161 1596 1230 reddidere
1645 1162 1904 1230 lumina.

588 1343 670 1393 39.
704 1341 926 1391 σὐυοηοίε
958 1354 989 1391 e
1022 1352 1135 1390 var.
1175 1338 1298 1391 lect.
1338 1339 1468 1390 Cod.
1506 1337 1693 1390 Battel.
1730 1339 1819 1403 (ω)
1854 1338 2021 1390 Bentl.
2082 1365 2137 1376 -—
2192 1340 2274 1391 42.
2310 1342 2467 1392 vicem
2499 1357 2563 1393 ex

527 1431 634 1467 uno
685 1413 929 1466 Mechlin.
977 1414 1236 1464 Tor-rentii
1287 1412 1590 1465 Bentleius:
1656 1413 1767 1465 vice
1813 1412 1990 1475 Bch,
2058 1414 2280 1466 Bentleii
2340 1428 2560 1477 omnes,

527 1490 765 1541 LCtFMJ.
807 1489 886 1551 (Ut
916 1501 1043 1549 noe,
1080 1486 1483 1550 Dilienburger.)
1528 1511 1584 1524 -
1623 1487 1705 1539 44.
1742 1489 1950 1539 reddero
1981 1490 2038 1539 T.

463 1656 713 1707 Similiter
764 1653 951 1706 Catuli.
989 1655 1078 1716 42,
1119 1654 1214 1704 49;
1275 1654 1511 1704 «Moecha

452 1731 660 1793 putida,
697 1730 849 1780 redde
876 1729 1175 1779 codicillos.»
1208 1755 1237 1765 -
1257 1755 1287 1764 -
1308 1729 1406 1778 Sed
1435 1728 1511 1777 nil

453 1805 772 1869 proficimus,
807 1803 932 1852 nihil
977 1808 1220 1853 movetur.
1259 1803 1510 1853 Mummio

461 1884 532 1928 est
573 1879 709 1928 ratio
756 1878 1029 1939 modic-sque
1066 1875 1224 1938 vobis,
1283 1876 1340 1926 St
1387 1877 1509 1939 quid

458 1954 703 2017 proficere
724 1952 942 2014 amplius
951 1953 1154 2014 potestis
1171 1964 1189 2000 .·
1225 1952 1444 2001 «Ridica
1463 1954 1509 2000 ot

454 2027 649 2089 proba,
688 2027 838 2076 reddo
858 2025 1160 2096 codiciltos.»
1195 2027 1305 2074 Nec
1328 2027 1506 2075 tamen

461 2101 695 2151 imitatus
729 2101 812 2149 est
845 2100 1089 2150 Horatius
1125 2097 1407 2149 Catullum.

523 2247 588 2299 42
611 2274 641 2284 -
662 2245 745 2298 44.
781 2246 1010 2310 Infantis]
1048 2246 1217 2304 Quam
1251 2247 1311 2294 ut
1332 2245 1508 2294 minus

461 2324 666 2373 castam
725 2320 1005 2370 infamarat
1053 2317 1386 2368 Stesichorus
1438 2319 1503 2380 (a.

461 2394 586 2444 Chr.
614 2393 710 2444 630
728 2392 909 2455 -555.)
938 2386 1109 2443 Ἰλίου
1132 2392 1357 2460 napea,
1394 2403 1511 2440 car-

462 2468 607 2518 mine
641 2466 983 2530 lyricoepico.
1052 2467 1273 2527 Postea,
1310 2466 1370 2515 ut
1391 2477 1512 2516 nar-

460 2544 580 2593 rant
613 2541 724 2604 (cfr.
761 2540 910 2591 Plato
953 2540 1177 2591 Phaedr.
1224 2552 1343 2603 pag.
1387 2538 1503 2590 243.

460 2619 521 2667 Α.
548 2617 765 2666 Isocrat.
793 2613 906 2665 Hel.
940 2615 1067 2664 Enc.
1103 2614 1151 2677 S.
1189 2614 1271 2665 64.
1309 2616 1510 2664 Pausa-

462 2691 575 2740 nias
626 2690 684 2750 3,
730 2689 819 2749 49,
873 2688 953 2738 43.
1024 2688 1121 2738 Dio
1156 2689 1280 2738 Chr.
1320 2687 1400 2737 44.
1449 2700 1503 2751 p.

463 2764 575 2815 487.
629 2762 809 2826 Emp.)
870 2761 941 2811 ob
993 2762 1048 2811 id
1110 2760 1364 2813 delictum
1412 2773 1509 2810 oc-

463 2837 713 2886 caecatus
754 2831 1043 2901 ἐγκώμιον
1085 2834 1316 2886 Helenae
1363 2846 1509 2885 com-

461 2910 640 2973 posuit
685 2907 927 2972 pluribus
978 2909 1192 2972 hymnis
1225 2910 1503 2969 constans,

463 2985 515 3033 in
550 2996 658 3047 quo
692 2980 1038 3050 παλινῳδίαν
1084 2984 1277 3034 cecinit
1308 2983 1391 3033 his
1424 2983 1509 3032 in-

464 3061 546 3107 ter
577 3056 707 3107 alios
742 3050 1207 3109 versiculis:0132e
1240 3047 1407 3108 zor*
1378 3070 1508 3107 erv-

460 3144 574 3196 μσς
618 3127 792 3198 λόγος
842 3120 1036 3195 οὗτος·
1074 3126 1205 3182 Οὐδ’
1256 3124 1400 3193 ἔβας
1446 3129 1508 3182 ἐν

461 3205 669 3271 νηυσὶν
690 3203 1060 3272 ἐϋσσέλμοις,
1085 3199 1214 3257 Οὐδ’
1237 3204 1360 3256 ἵκεο
1382 3206 1511 3276 κέρ-

462 3295 625 3346 γαμα
656 3281 881 3351 Τροίας.
932 3281 1262 3333 Schneidew.
1300 3279 1413 3331 Del.
1448 3292 1503 3344 p.

464 3354 578 3404 330.
649 3355 820 3418 Bergk
855 3356 979 3417 Lyr.
1016 3369 1136 3420 pag.
1180 3354 1294 3407 644.
1343 3355 1511 3404 Finxit

464 3430 646 3479 autem
695 3441 728 3478 a
777 3429 963 3479 Paride
1016 3430 1246 3481 Helenae
1302 3431 1510 3479 tantum

464 3503 751 3566 imaginem
793 3500 1068 3568 (εἴδωλον)
1103 3504 1507 3556 Lacedaemone

465 3577 676 3626 Troiam
709 3576 1001 3627 abductam
1035 3590 1173 3628 esse.
1228 3577 1335 3628 Cir.
1370 3579 1510 3627 Gee-

464 3649 593 3701 lium
650 3649 718 3699 de
774 3650 1058 3702 Stesichori
1121 3651 1389 3702 Palinodia
1455 3651 1509 3702 in

465 3718 934 3774 Museo'lthenano
977 3725 1123 3776 4838.
1160 3726 1199 3775 1.
1234 3737 1289 3789 p.
1327 3726 1376 3776 8.
1435 3727 1511 3777 Ex

466 3798 664 3847 Horatii
722 3795 842 3848 loco
897 3796 1065 3862 liquet
1113 3801 1328 3863 poetam
1380 3812 1513 3864 apo-

467 3872 686 3935 strophe
737 3870 807 3921 ad
855 3872 1141 3922 Dioscuros
1193 3873 1327 3923 iacta
1383 3885 1513 3937 pre-

467 3948 649 3996 catum
686 3957 842 4005 esse,
905 3948 965 3995 ut
1016 3946 1117 3997 sibi
1157 3947 1508 4010 ignoscerent,

467 4031 608 4082 quae
672 4020 725 4069 in
793 4031 981 4069 eorum
1045 4032 1292 4071 sororem
1357 4032 1514 4071 com-

468 4092 717 4142 misisset.
754 4093 835 4143 Ad
868 4091 1208 4144 clementiam
1243 4094 1366 4144 ssexi
1389 4106 1512 4145 cum

469 4167 651 4216 essent
670 4204 682 4227 ‚
767 4166 942 4217 visum
1007 4165 1091 4217 ille
1159 4168 1510 4231 recuperavit.

470 4240 721 4292 Ceterum
788 4239 968 4302 Plato,
1042 4242 1340 4301 IsocrateS,
1417 4242 1514 4292 Dio

1582 1654 2027 1718 chrysostomus,
2075 1656 2361 1706 Pausanias
2397 1654 2628 1707 Helenae

1580 1728 1682 1791 ipsi
1736 1727 1833 1778 soli
1905 1730 2192 1780 Stesichori
2247 1731 2302 1779 et
2368 1743 2629 1780 excaeca-

1582 1802 1783 1852 tionem
1856 1804 1912 1852 et
1981 1803 2312 1853 sanationem
2369 1804 2625 1854 tribuunt.

1583 1876 1690 1927 Cir.
1743 1877 1894 1926 Estre
1946 1877 2069 1927 Hor.
2125 1879 2207 1927 Pr.
2262 1890 2382 1941 pag.
2442 1877 2525 1927 30.
2571 1905 2624 1913 -

1578 1948 1752 2013 vicem]
1777 1949 1863 1999 Sic
1878 1949 2176 2001 Bentleium
2200 1954 2419 2002 secutus
2441 1951 2628 2016 scripsi

1581 2036 1708 2073 cum
1742 2024 1874 2074 Cod.
1912 2025 2270 2076 mechliniensi
2313 2025 2458 2089 apud
2497 2026 2628 2075 Tor·

1581 2097 1815 2147 rentium
1850 2100 1906 2148 et
1936 2111 2045 2149 uno
2078 2100 2233 2149 Fene.
2295 2099 2403 2149 Ci'r.
2439 2100 2632 2162 Zumpt

1581 2172 1816 2221 Gramm.
1872 2172 1984 2222 Lat.
2022 2172 2069 2235 g.
2108 2172 2222 2224 453.
2293 2174 2431 2224 Cum
2476 2171 2630 2223 nobis

1582 2258 1687 2295 non
1740 2245 2064 2296 crediderint
2110 2247 2453 2309 Bernhardy,
2522 2247 2627 2296 Re-

1581 2316 1885 2380 gel,1ahn,
1923 2319 2170 2370 addenda
2204 2323 2329 2369 sunt
2365 2319 2627 2383 exempla.

1581 2390 1749 2442 Plaut.
1787 2390 1997 2442 Trucul.
2033 2406 2087 2442 v.
2126 2393 2256 2443 ⁴55:
2295 2394 2435 2455 Quae
2464 2394 2521 2442 in
2539 2406 2632 2442 nos

1580 2466 1810 2529 illosque,
1849 2480 1914 2518 ea
1943 2467 2117 2517 munia
2139 2467 2227 2517 tibi
2257 2467 2406 2530 dieis,
2442 2468 2632 2518 Dinar-

1581 2540 1693 2601 σΙιο,
1744 2541 1812 2591 Et
1853 2545 2085 2591 nostram
2124 2546 2172 2590 et
2213 2541 2416 2591 illem
2452 2543 2626 2590 vicena.

1582 2577 1716 2664 Rufi.
1770 2615 1830 2673 3,
1871 2616 1927 2673 ὅ,
1985 2614 2083 2665 34:
2163 2616 2256 2665 Vos
2294 2616 2632 2677 respondetote

1579 2689 1726 2739 istinc
1758 2689 1975 2738 istam
2003 2690 2176 2739 υᾶοοηι.
2225 2690 2334 2740 Cic.
2378 2688 2448 2739 ad
2480 2690 2626 2738 Fam.

1584 2762 1643 2823 4,
1670 2762 1726 2822 9,
1758 2763 1815 2811 2:
1852 2768 2081 2813 nostram
2106 2763 2419 2813 υἰοοιπαὶιω
2438 2767 2509 2813 est
2528 2763 2633 2823 ipso

1579 2848 1698 2885 seso.
1724 2834 1985 2900 Sulpicius
2007 2836 2077 2886 ad
2101 2838 2209 2887 Cic.
2232 2838 2374 2887 Fam.
2395 2836 2446 2898 4,
2471 2837 2529 2885 δε
2554 2836 2633 2885 An

1579 2909 1716 2958 iltius
1744 2910 1929 2971 vicera,
1964 2912 2136 2972 credo,
2172 2909 2343 2960 dolos?
2393 2911 2456 2960 D.
2494 2910 2631 2959 Bru-

1581 2984 1669 3033 tus
1696 2984 1841 3033 Fam.
1877 2985 1965 3047 44,
2003 2984 2099 3033 49;
2133 2996 2301 3034 meam
2329 2988 2376 3034 et
2405 2987 2627 3033 vostram

1578 3058 1737 3107 vicem
1783 3058 1988 3108 timeam
2034 3070 2225 3108 necesso
2289 3062 2374 3108 ost.
2461 3056 2624 3107 Tacit.

1582 3132 1715 3183 nist.
1753 3133 1807 3192 ⁴,
1844 3132 1943 3182 29:
2018 3133 2216 3195 amma·
2260 3133 2420 3183 vicem
2466 3132 2624 3182 αοιοο.
2728 3102 2752 3123 “

1581 3203 1736 3270 Apul.
1761 3206 1884 3257 Met.
1909 3206 1969 3267 9,
2008 3205 2104 3257 442
2146 3211 2250 3257 ut-
2265 3206 2634 3256 aimoinum--

1579 3281 1965 3344 &suammet-om.
2011 3278 2258 3330 Similiter
2291 3281 2497 3330 Graeci.
2542 3280 2626 3328 Si-

1583 3354 1785 3407 monid.
1813 3357 2024 3419 Amorg.
2051 3356 2114 3416 7,
2142 3355 2256 3404 403.
2295 3352 2623 3404 Schneidew.

1580 3429 1753 3492 Bergk
1803 3429 1852 3478 6.
1892 3441 1949 3493 p.
1989 3429 2114 3478 506.
2176 3422 2340 3497 Ἀνὴρ
2389 3424 2438 3476 δ’
2488 3418 2633 3475 ὅτων

1580 3498 1840 3567 μάλιστα
1913 3498 2197 3566 &amictv
2275 3495 2431 3589 δοκῇ
2488 3498 2628 3550 Κατ’

1582 3573 1749 3627 οἶκον
1799 3569 1841 3640 ἧ
1889 3571 2033 3626 θεοῦ
2072 3578 2288 3645 μοῖραν
2321 3568 2363 3638 ἢ
2381 3555 2628 3643 ἀνθρώ-

1583 3665 1698 3702 που
1733 3646 1904 3720 χάριν
1936 3646 2055 3699 κτλ.
2104 3650 2231 3699 Est:
2269 3647 2497 3698 «sororis
2532 3661 2634 3698 no-

1583 3727 1729 3777 mine
1747 3738 1884 3789 „pro
1905 3736 2091 3775 sorore
2113 3736 2263 3773 sua.»
2299 3721 2561 3785 Plerique·
2566 3734 2633 3772 ex

1584 3812 1688 3849 usn
1731 3798 2041 3863 posterioris
2086 3796 2373 3847 Latinitatis
2419 3796 2628 3858 (Minue.

1587 3871 1692 3924 Fel.
1719 3871 1818 3924 40:
1853 3872 2076 3921 onmium
2105 3876 2333 3921 nemnem
2361 3869 2469 3919 vice
2498 3882 2633 3932 qau-

1586 3946 1718 4010 doo.)
1769 3944 2059 3996 ablativum
2091 3944 2397 3996 accusativo
2430 3942 2632 3994 substi-

1589 4023 1821 4071 tuerunt.
1896 4019 2109 4071 Minime
2171 4031 2303 4069 vero
2371 4019 2633 4068 teretiori-

1588 4095 1693 4145 hus
1741 4094 1963 4145 auribus
2010 4091 2225 4157 placere
2264 4095 2444 4157 potest
2477 4094 2632 4143 nimis

1589 4167 1773 4219 similis
1821 4168 2099 4231 utriusque
2150 4166 2397 4219 versiculi
2463 4167 2632 4216 exitus

1588 4243 1722 4303 vico,
1752 4254 1918 4303 preco.
