3234 4975
642 387 767 450 230

1410 388 1667 437 HORATu
1705 387 2039 438 CARMINUM

980 545 1121 610 Huc
1165 543 1313 609 vina
1356 552 1421 608 et
1462 553 1792 630 unguenta
1835 552 1899 609 et
1942 541 2210 607 nimium
2255 541 2492 607 breves

978 664 1200 731 Flores
1246 682 1558 731 amoenae
1605 665 1772 730 ferre
1819 665 1971 732 iube
2014 663 2235 743 rosae,

1063 787 1232 850 Dum
1276 806 1381 852 res
1426 796 1491 852 et
1534 797 1711 852 aetas
1757 797 1821 852 et
1865 807 2163 853 sororum

2735 788 2813 853 ⁴5

1044 935 1049 939 ·
1148 906 1281 971 Fila
1327 907 1518 971 trium
1562 906 1888 994 patiuntur
1932 918 2086 974 atra.

980 1064 1189 1131 Cedes
1235 1065 1548 1150 coemptis
1594 1064 1866 1130 saltibus
1912 1076 1978 1131 et
2021 1065 2219 1131 domo

978 1184 1269 1272 villaque
1315 1183 1521 1251 ssavus
1566 1206 1763 1273 quam
1807 1185 2053 1252 Tiberis
2098 1186 2281 1261 lavit,

1067 1305 1278 1372 Cedes
1324 1316 1387 1372 et
1430 1306 1771 1372 exstructis
1816 1307 1880 1371 in
1926 1306 2122 1372 altum

775 1524 853 1573 43.
901 1524 1061 1572 brevis
1101 1524 1183 1573 ΒΤ
1219 1523 1526 1584 (retinentes
1565 1522 1844 1586 amoenae),
1881 1522 2397 1572 brevis--amoenos
2431 1522 2469 1572 C
2509 1536 2538 1572 e
2576 1523 2745 1574 Codd.

712 1597 902 1660 (Habet
935 1596 1200 1647 breves-—
1224 1610 1464 1646 anzoenae
1496 1596 1570 1659 d.)
1623 1624 1677 1631 —
1728 1596 1806 1644 47.
1844 1596 1995 1645 amma
2028 1597 2080 1645 F.
2125 1623 2179 1632 —
2220 1596 2298 1646 48.
2334 1599 2495 1661 flavos
2527 1598 2745 1660 antiqua

709 1674 970 1735 scriptura
1005 1673 1062 1721 B.
1106 1699 1158 1707 --
1198 1671 1337 1721 lavat
1371 1672 1470 1732 BT,
1507 1672 1640 1721 item
1671 1666 1705 1718 δ
1741 1682 1826 1733 ap.
1864 1670 2074 1719 Kirchn.
2115 1672 2176 1720 N.
2217 1671 2278 1729 Q.
2318 1671 2442 1720 Hor.
2481 1685 2533 1735 p.
2574 1672 2656 1720 56.

642 1869 739 1917 rivi
773 1880 1016 1918 murmur
1049 1868 1266 1917 oritur.»
1335 1866 1468 1930 Epp.
1508 1866 1565 1925 4,
1605 1865 1686 1924 40,
1765 1862 1832 1912 ad
1883 1864 2188 1916 huiusmodi
2235 1867 2533 1929 potationes
2578 1881 2814 1931 unquam

643 1944 698 1993 24
726 1956 738 1990 :
785 1955 916 2003 quae
943 1953 1037 2003 per
1071 1955 1291 2003 pronum
1325 1942 1544 2002 trepidat
1575 1952 1691 1988 eum

639 2029 901 2066 mnu-mure
953 2016 1137 2065 rivwn.
1224 2017 1428 2065 Seneca
1485 2015 1685 2064 Phoen.

643 2093 756 2141 446.
794 2090 998 2140 Baden:
1036 2092 1150 2140 Duc
1172 2117 1200 2127 -
1222 2116 1252 2126 -
1279 2090 1367 2138 Ubi
1399 2103 1561 2139 curva
1592 2103 1691 2138 ra-

633 2165 787 2228 pidus
852 2166 1006 2213 ducat
1071 2165 1290 2214 Ismenos
1350 2164 1507 2212 vada.
1579 2162 1685 2213 Csr.

641 2237 937 2290 Wakefield
971 2236 1092 2287 Silv.
1131 2238 1244 2286 crit.
1281 2238 1366 2287 111.
1404 2251 1457 2301 p.
1495 2237 1576 2286 54.

711 2350 791 2400 43.
827 2350 952 2413 Huc]
993 2350 1137 2399 «Huc
1162 2349 1342 2411 igitur,
1380 2362 1455 2398 no
1473 2349 1560 2398 hic
1585 2347 1694 2398 alii-

644 2438 750 2488 que
786 2423 986 2475 similes
1020 2422 1149 2483 loci,
1187 2426 1297 2472 tam
1320 2424 1549 2483 amoeni,
1588 2422 1695 2472 fru-

644 2501 753 2548 stra
788 2509 886 2549 nos
932 2499 1181 2548 invitasse
1214 2498 1533 2548 videantur»
1583 2500 1686 2547 cet.

651 2601 703 2608 —
731 2572 913 2636 breves]
939 2572 1044 2623 Csr.
1072 2572 1167 2621 Od.
1198 2575 1252 2634 4,
1292 2572 1383 2632 36,
1424 2573 1510 2622 46;
1549 2571 1692 2620 breve

641 2647 819 2697 lilimn.
855 2647 1051 2708 Σοφία
1083 2645 1219 2696 Σαλ.
1258 2648 1318 2708 2,
1356 2647 1415 2698 8:
1455 2641 1691 2709 στεψώ-

641 2720 798 2786 ‘aava
830 2716 1015 2792 ῥόδων
1049 2718 1252 2785 κάλυξι
1310 2721 1442 2792 πρὶν
1488 2715 1527 2786 ἢ
1574 2736 1692 2785 μα-

642 2792 942 2866 ρανθῆναι.
971 2799 1106 2847 Cum
1131 2798 1291 2846 brevis
1317 2810 1496 2847 accus.
1525 2796 1687 2859 antiq.

642 2884 741 2935 pro
775 2872 1003 2934 genitivo
1048 2870 1297 2933 singulari
1331 2870 1594 2920 haberent
1628 2869 1692 2919 li-

643 2944 830 3006 brarii,
891 2958 1159 3004 amoenae,
1221 2958 1358 3008 quae
1409 2944 1692 2994 manifesto

643 3032 836 3069 manus
893 3023 976 3069 est
1030 3019 1257 3078 Horatii,
1318 3019 1589 3068 mutarunt
1639 3018 1691 3067 in

644 3106 894 3143 amoenos.
964 3093 1236 3156 Frequens
1269 3094 1450 3142 autem
1484 3092 1588 3142 hoc
1613 3093 1697 3142 est

644 3179 890 3217 rosarum
924 3164 1204 3218 ἐπίθετον.
1254 3164 1406 3231 Apul.
1456 3166 1576 3218 Met.
1631 3164 1692 3227 4,

644 3241 705 3291 2:
741 3253 889 3291 rosas
922 3246 1120 3291 teneras
1151 3246 1198 3291 et
1230 3254 1486 3291 amoenas.
1542 3239 1692 3290 ovid.

647 3315 799 3366 Trist.
847 3317 903 3376 ὅ,
954 3316 1012 3375 2,
1061 3315 1151 3366 23:
1207 3329 1423 3365 αηιοσηα
1467 3316 1692 3365 rosaria.

644 3389 815 3439 Floras
848 3391 1028 3440 autem
1059 3403 1231 3451 rosae,
1270 3391 1330 3438 ut
1361 3390 1456 3439 Od.
1497 3389 1551 3450 3,
1601 3389 1692 3450 29,

647 3463 706 3514 3:
759 3465 883 3515 Cum
912 3467 1066 3530 flore,
1101 3467 1393 3524 Maecena-5,
1439 3477 1692 3514 rosarum.

648 3540 702 3589 et
728 3537 1029 3590 Archiloch.
1057 3539 1138 3588 Fr.
1166 3539 1212 3588 7.
1238 3551 1291 3601 p.
1319 3538 1400 3587 76.
1432 3537 1583 3594 Lieb.
1610 3537 1692 3587 82.

648 3614 998 3666 Schneidew.:
1019 3607 1287 3673 δἘχουσοι
1308 3608 1525 3662 θαλλὸν
1546 3626 1697 3681 μυρ-

646 3689 814 3753 σίνης
854 3689 1118 3759 ἐτέρπετο
1144 3681 1371 3752 Ῥοδέης
1414 3701 1475 3736 τε
1514 3682 1696 3736 καλὸν

645 3757 846 3826 ἄνθος.
898 3793 953 3801 -
990 3765 1287 3814 venustum
1332 3764 1595 3826 hymnum
1645 3763 1696 3811 in

652 3837 892 3888 «Florum
916 3839 1183 3901 reginam»
1210 3837 1326 3899 lege
1360 3837 1500 3900 apud
1525 3835 1700 3887 Achil-

650 3911 760 3961 lem
794 3912 1001 3961 Tatium
1035 3926 1087 3975 p.
1125 3913 1206 3962 26.
1246 3910 1453 3962 IacobS.

716 4023 795 4072 ⁴5.
833 4022 929 4086 res]
970 4024 1107 4072 «tota
1139 4023 1279 4073 vitae
1306 4025 1428 4072 tuae
1453 4023 1698 4073 condicio

650 4111 713 4147 ac
737 4095 973 4160 singulae
1000 4097 1363 4156 occasiones3»
1396 4110 1529 4147 non:
1565 4090 1700 4148 «οὗ-

650 4174 779 4233 σία,
829 4171 1279 4236 patrimonium»
1334 4183 1508 4234 neque
1556 4173 1698 4222 enim

651 4246 1003 4298 metuendum
1039 4248 1176 4308 erat,
1215 4260 1281 4296 ne
1306 4244 1533 4296 Dellium
1568 4257 1700 4309 opes

1764 1938 2074 1989 deficerent.
2145 1941 2356 1989 Terent.
2394 1939 2619 2005 Adelph.
2657 1944 2716 2004 5,
2759 1941 2808 2001 4,

1762 2014 1821 2063 2:
1894 2013 2024 2075 Quin
2066 2027 2177 2074 res,
2244 2019 2415 2075 aetas,
2465 2029 2586 2065 usus
2625 2029 2818 2078 semper

1763 2088 1958 2148 aliquid
1996 2092 2230 2149 apportet
2268 2090 2403 2137 novi.
2457 2116 2510 2125 -
2563 2090 2814 2155 serenan]

1764 2164 1976 2212 «Donec
2004 2164 2200 2212 Parcae
2224 2163 2451 2214 sinent.»
2489 2163 2646 2226 (virg.
2673 2166 2804 2214 Aen.

1766 2238 1845 2297 42,
1885 2236 2019 2299 447.)
2071 2238 2359 2287 Parcarum
2403 2242 2526 2287 atra
2570 2238 2820 2288 dicuntur

1766 2309 1878 2371 fila,
1944 2310 2111 2373 «quia
2164 2324 2306 2360 nunc
2357 2310 2576 2374 quidem
2627 2313 2819 2362 nentur

1765 2383 1958 2445 Delli0‚
1997 2383 2094 2433 sed
2123 2385 2427 2435 necessario
2453 2387 2684 2435 mortem
2707 2388 2819 2436 tan-

1766 2458 1891 2509 dem
1923 2459 1970 2508 ei
1995 2458 2269 2510 afferent.»
2329 2461 2553 2525 Propter
2576 2459 2815 2512 ultimam

1765 2536 1905 2584 hanc
1941 2535 2318 2584 necessitatem
2354 2535 2514 2584 etiam
2542 2533 2672 2585 dum
2693 2535 2821 2584 vivit

1766 2607 1953 2670 aliquis
2008 2609 2233 2656 stamina
2279 2609 2431 2670 pulla
2488 2609 2737 2659 dicuntur
2785 2622 2817 2658 a

1767 2680 1998 2732 Martiale
2050 2694 2264 2745 quoque
2315 2681 2373 2742 4,
2427 2682 2518 2743 73,
2572 2681 2621 2733 4.
2683 2684 2809 2732 Stat.

1765 2756 1931 2807 Theb.
1971 2757 2029 2816 6,
2068 2756 2192 2806 369:
2236 2756 2321 2806 Sic
2351 2758 2483 2806 Iovis
2513 2757 2730 2818 imperia
2768 2761 2813 2806 et

1766 2833 1945 2894 nigrae
1990 2831 2193 2880 voluere
2249 2845 2460 2880 sorores,
2535 2830 2819 2894 (Schrade—

1767 2919 1859 2956 rus
1911 2903 2144 2954 malebat
2193 2905 2338 2966 alba,
2391 2905 2453 2955 H.
2505 2903 2817 2967 Peerlkamp

1767 2985 1917 3041 arta,
1968 2978 2100 3029 alius
2148 2978 2366 3042 quidam
2409 2979 2575 3040 hirta,
2629 2990 2821 3028 omnes

1767 3053 1996 3116 frustra.)

1837 3166 1915 3215 47.
1961 3165 2216 3230 coemptis]
2256 3164 2647 3229 «emptionibus
2681 3165 2823 3215 inter

1770 3253 1830 3302 se
1879 3252 1980 3302 per
2027 3237 2243 3301 longum
2296 3241 2519 3288 tractum
2576 3239 2818 3296 iunctis»,

1771 3327 1908 3376 quae
1945 3315 2072 3363 tunc
2105 3310 2435 3375 locupletum
2465 3314 2581 3362 erat
2609 3313 2822 3378 eupidi-

1770 3391 1868 3439 tas.
1923 3414 1977 3424 ——-
2025 3386 2247 3451 saltibus]
2300 3389 2501 3436 Pascua
2555 3385 2684 3436 dicit
2733 3388 2822 3437 hic

1768 3460 2053 3513 arboribus
2088 3460 2259 3511 obsita
2295 3461 2524 3511 maxime
2559 3461 2613 3511 in
2653 3461 2824 3524 regio-

1770 3538 1926 3589 nibus
1962 3536 2275 3594 montuosi3‚
2316 3532 2488 3597 qualia
2512 3534 2702 3585 divites
2725 3535 2824 3584 Ro-

1772 3612 1913 3662 mani
1955 3623 2056 3674 per
2097 3608 2398 3660 Calabriam
2444 3611 2497 3658 et
2538 3609 2821 3659 Lucaniam

1769 3684 2134 3750 possidebant,
2171 3685 2301 3747 Epp.
2340 3684 2388 3743 2,
2429 3684 2478 3744 2,
2518 3682 2646 3732 ⁴76:
2691 3681 2822 3744 Quid

1767 3762 1866 3810 vici
1895 3763 2107 3822 prosunt
2147 3763 2239 3808 aut
2278 3758 2464 3807 Ιιοιτοα
2497 3757 2678 3818 quidve
2717 3757 2820 3806 Ca-

1771 3835 1929 3886 labris
1984 3833 2204 3883 Saltibus
2258 3832 2442 3881 adiecti
2496 3831 2722 3892 Lucani,
2780 3831 2822 3878 ει·

1770 3910 1908 3960 metit
1941 3909 2098 3957 Orcus
2133 3908 2367 3958 Grandia
2400 3920 2514 3955 cum
2538 3903 2757 3967 pamas?

1841 4021 1920 4071 48.
1971 4018 2151 4084 flavus]
2205 4017 2310 4068 Cir.
2365 4016 2461 4066 Od.
2513 4018 2571 4077 4,
2626 4017 2687 4076 2,
2741 4015 2820 4063 43.

1770 4097 1932 4159 flavos
1993 4094 2044 4143 in
2108 4092 2240 4142 Cod.
2304 4092 2362 4140 Β.
2420 4091 2684 4153 antiquior
2743 4091 2824 4138 est

1774 4169 2064 4230 scriptura.
2119 4180 2226 4216 non
2273 4178 2441 4215 error.
2486 4191 2539 4200 —
2577 4162 2718 4225 lavit]
2767 4162 2825 4211 In

1773 4240 2006 4308 μέλεσιν
2075 4241 2320 4291 Horatius
2387 4250 2604 4304 semper
2663 4237 2828 4287 utitur
