3234 4975
1290 392 1408 442 Lm.
1447 392 1530 441 111.

1603 392 1663 441 c.
1703 392 1741 441 1.
2520 390 2644 453 333

723 548 959 612 Favete
1005 544 1270 633 linguis:
1321 546 1606 612 carmina
1653 566 1781 611 non
1828 546 2009 633 prius

809 667 1039 733 Audita
1086 668 1412 732 Musarum
1456 667 1768 733 sacerdos

892 787 1256 874 Virginibus
1301 789 1655 876 puerisque
1702 799 1910 855 canto.

719 952 964 1038 Regum
1011 948 1441 1016 timendorum
1487 949 1549 1013 in
1594 947 1896 1034 proprios
1940 967 2212 1034 gregeS,
2606 951 2646 1012 ὕ

720 1072 929 1157 Reges
979 1071 1044 1134 in
1096 1071 1270 1157 ipsos
1318 1071 1665 1158 imperium
1710 1080 1810 1135 est
1854 1069 2020 1134 lovis

468 1272 597 1325 tiae.
636 1280 798 1332 quam
833 1268 884 1316 in
919 1268 1025 1317 vita
1051 1268 1203 1330 sequi
1229 1267 1511 1329 debemus,

471 1354 812 1406 nequaquam
847 1354 1012 1405 capax
1050 1341 1290 1405 despicio
1335 1340 1521 1405 longe-

469 1431 573 1481 que
618 1429 648 1465 a
693 1429 781 1465 me
817 1415 1075 1465 recedere
1114 1414 1324 1465 iubeo.»
1391 1418 1521 1466 Pro-

465 1493 576 1555 [σοι’
610 1490 823 1555 proprie
858 1491 982 1539 sunt
1013 1481 1301 1553 ἀμύητοι,
1350 1492 1518 1540 sacris

468 1580 574 1616 non
617 1564 816 1615 initiati.
886 1564 1129 1627 Orpheus
1175 1565 1317 1629 apud
1364 1566 1521 1615 lusti-

471 1652 596 1690 num
623 1640 837 1690 Cohort.
865 1638 933 1688 ad
958 1641 1190 1690 Graecos
1216 1640 1306 1688 45ε
1334 1640 1519 1706 φθέγ-

468 1710 644 1778 ξομαι
696 1707 785 1774 οἷς
829 1712 1000 1775 θέμις
1040 1712 1198 1773 ἐστι,
1251 1709 1462 1800 θύρας-
1468 1711 1516 1762 δ

476 1786 750 1838 ἐπίθεσθε
781 1784 1026 1851 βέβηλοι
1056 1782 1279 1850 Πάντες
1335 1783 1514 1853 ὅμως.

473 1862 605 1925 (scil.
631 1866 754 1924 τοῖς
775 1855 923 1924 ὦσι.)
962 1860 1163 1912 Callim.
1192 1864 1253 1912 H.
1281 1864 1333 1913 in
1346 1863 1512 1928 Apoll.

467 1938 525 1992 2.
554 1938 619 1986 2:
657 1932 827 1998 ἑκάς,
863 1932 1031 1997 ἑκάς,
1069 1929 1231 1998 ὅστις
1263 1930 1513 2008 ἀλιτρός.

468 2011 519 2060 in
544 2011 664 2061 Cer.
709 2010 757 2060 3.
801 2009 986 2060 Blomf.
1023 2006 1210 2080 θύρας
1243 2009 1517 2062 ἐπίθεσθε

467 2082 725 2144 βέβαλοι.
798 2083 978 2147 (Volgo
1011 2085 1200 2149 χαμαὶ
1231 2085 1516 2138 θασεῒσθε

467 2157 752 2224 βέβαλοι.)
803 2160 943 2221 Virg.
970 2166 1101 2209 Aen.
1129 2160 1186 2220 6,
1211 2161 1335 2212 258:
1387 2164 1516 2212 Pro-

469 2235 578 2294 cul,
616 2248 645 2283 o
671 2234 854 2296 procul
884 2238 982 2283 este
1007 2234 1235 2295 profani.

531 2310 580 2359 2.
617 2306 666 2359 3'.
702 2309 883 2358 Favete
915 2308 1125 2373 linquis]
1164 2309 1300 2360 «Vos
1335 2312 1516 2360 autem

468 2383 639 2445 digni,
678 2384 768 2445 qui
792 2382 860 2431 ad
883 2382 1019 2431 haec
1043 2395 1196 2432 sacra
1228 2383 1513 2443 accedatiS,

468 2452 782 2523 εὐφημεῖτε
814 2455 897 2507 vel
932 2455 1074 2507 bona
1097 2456 1263 2508 verba
1289 2458 1516 2509 dicendo

465 2531 549 2581 vel
582 2533 758 2596 potius
793 2544 1011 2594 prorsus
1062 2532 1340 2581 tacendo.»
1397 2534 1517 2583 Ari-

466 2606 639 2670 stoph.
697 2606 1020 2669 Thesmoph.
1075 2606 1164 2655 39:
1227 2600 1517 2672 Εὔφημος

466 2677 578 2742 πᾶς
611 2673 759 2730 ἔστω
793 2674 966 2740 λεώς,
1010 2675 1212 2743 Στόμα
1252 2680 1516 2747 συγκλεί-

465 2769 594 2816 σας.
664 2755 792 2802 Rau
852 2752 982 2803 354:
1041 2749 1347 2818 Εὐφημεῖν
1401 2751 1514 2826 χρὴ

464 2823 856 2912 κάξίστασθαι
889 2831 1012 2889 τοῖς
1047 2821 1379 2898 ἡμετέροισι
1410 2844 1517 2888 χο-

464 2908 655 2973 ροῖσιν
678 2891 866 2963 Ὅστις
886 2894 1125 2972 ἄπειρος
1146 2899 1382 2953 τοιῶνδε
1415 2900 1516 2953 λό-

465 2993 581 3044 γων
602 2975 722 3026 κτλ.
761 2977 939 3039 Eurip.
967 2977 1297 3030 F1·.Pbaeth.
1327 2979 1386 3028 ll.
1415 2979 1513 3028 60.

468 3047 621 3113 ἔχειν
653 3047 767 3138 χρὴ
791 3048 970 3116 Στόμ’
1007 3051 1068 3102 ἐν
1103 3048 1338 3120 ἡσυχίᾳ.
1378 3053 1511 3103 ibid.

466 3127 554 3178 74;
591 3120 738 3182 ἀλλὰ
773 3128 885 3192 σῖγ’
921 3119 1070 3176 ἔστω
1105 3123 1264 3189 λεώς.
1326 3126 1510 3177 Tibull.

465 3202 524 3261 2,
561 3202 617 3262 2,
658 3203 715 3251 ⁴:
777 3202 1020 3252 Dicamus
1063 3202 1194 3252 bona
1224 3202 1413 3252 v:erba
1434 3229 1464 3239 -
1486 3228 1516 3238 -

467 3277 699 3337 Quisquis
728 3277 880 3337 ades,
939 3276 1141 3341 linqua,
1192 3279 1275 3326 vir
1305 3278 1516 3327 mulier-

465 3363 586 3411 que,
609 3351 740 3412 fave.
778 3350 995 3401 Solitum
1019 3350 1298 3401 formulam
1323 3350 1515 3415 ampli-

467 3423 643 3473 ficavit
664 3423 811 3473 Ovid.
838 3424 974 3474 Fast.
1005 3425 1025 3472 4
1049 3462 1062 3484 ,
1088 3426 1142 3474 74
1165 3440 1176 3474 :
1214 3426 1517 3490 Linqui-sque

465 3498 744 3558 animisque
755 3497 918 3560 favete
935 3500 953 3545 Ι
987 3499 1208 3548 variavit
1223 3500 1365 3563 Virg.
1379 3502 1512 3550 Aen.

465 3574 529 3632 5,
566 3572 653 3620 7⁴:
732 3571 831 3620 Ore
876 3570 1075 3633 favete!
1126 3572 1308 3636 sicque
1361 3573 1512 3624 Ovid.

466 3649 584 3695 Am.
621 3644 680 3706 3,
719 3644 808 3705 ⁴3,
844 3644 944 3695 29:
996 3644 1093 3694 Ore
1123 3644 1292 3707 favent
1317 3648 1511 3709 populi.

467 3720 707 3782 Propert.
744 3718 807 3780 4,
846 3719 906 3780 6,
946 3719 1010 3766 4ι
1068 3718 1234 3767 Sat-ra
1263 3719 1387 3782 facit
1417 3734 1514 3769 va-

467 3798 571 3842 tes:
622 3794 721 3843 sint
752 3807 849 3842 ora
880 3792 1108 3857 faventia
1139 3793 1318 3841 sacris.
1401 3795 1508 3844 Cic.

466 3867 535 3916 de
589 3868 702 3917 Div.
742 3869 801 3929 ⁴,
854 3867 947 3929 45,
1004 3868 1117 3917 ⁴02.
1189 3868 1393 3916 Seneca
1445 3868 1513 3916 de

465 3943 579 3991 Vita
617 3941 773 3992 beata
795 3942 891 3992 26:
928 3943 1213 4004 imperatur
1245 3941 1513 4001 silentium,

463 4022 520 4067 ut
551 4018 648 4067 rite
673 4017 856 4081 peram·
883 4017 1040 4078 possit
1090 4029 1320 4076 sacrum,
1373 4016 1516 4064 nulla

462 4104 581 4141 voce
610 4092 753 4141 mata
784 4091 1100 4153 obstrepente.
1145 4114 1199 4125 —
1243 4103 1344 4138 non
1372 4089 1518 4150 prius

462 4166 670 4231 Audita]
731 4167 1145 4229 Praeceptomm
1179 4176 1210 4213 a
1245 4161 1515 4213 communi

465 4240 740 4290 hominum
789 4238 1082 4302 volgarium
1125 4250 1288 4289 sensu
1322 4235 1517 4286 abhor-

1578 3597 1638 3650 Ὁ
1688 3599 1825 3664 θεὸς
1877 3596 2152 3668 ἀνάγκης.

1591 1267 1821 1316 rentium
1866 1266 2177 1329 gravitatem
2213 1266 2487 1329 significat.
2543 1268 2648 1318 Ma-

1590 1342 1866 1404 ximopere
1904 1340 2047 1389 enim
2083 1353 2176 1391 eas
2227 1341 2370 1404 ipsas
2402 1342 2641 1401 virtutes,

1591 1427 1731 1477 quae
1782 1415 1909 1463 tunc
1959 1426 1990 1463 a
2026 1413 2294 1478 plerisque
2330 1414 2520 1478 negligi
2554 1428 2646 1465 so-

1590 1485 1796 1547 lebant,
1839 1488 2200 1538 commendat.
2266 1514 2320 1525 -
2379 1491 2646 1539 Musarum

1589 1561 1847 1626 sacerdos]
1907 1560 2110 1612 Gallim.
2150 1562 2231 1612 Fr.
2285 1562 2367 1613 83.
2431 1562 2639 1614 Bentl.:

1589 1631 1822 1685 Μοῦσαι
1855 1634 2027 1685 καλαὶ
2050 1628 2381 1697 κἈπολλον,
2420 1632 2509 1699 οἷς
2531 1634 2642 1704 ἐγώ

1590 1707 1836 1760 σπένδω.
1889 1710 2239 1762 Ovid.1bidis
2290 1725 2342 1761 v.
2381 1712 2468 1763 98:
2520 1726 2645 1774 per-

1590 1799 1765 1863 aqam
1794 1791 1916 1835 rata
1945 1791 2065 1835 vota
2104 1787 2366 1836 sacerdos:
2414 1787 2646 1849 Quisquis

1588 1848 1917 1922 adessacm's,
1955 1874 2046 1910 oro
2075 1860 2266 1923 favete,
2300 1861 2438 1911 meis
2494 1860 2641 1911 Idem

1589 1935 1708 1984 Am.
1745 1934 1806 1995 3,
1861 1935 1918 1995 8,
1971 1934 2064 1984 23:
2122 1935 2334 1998 1110090
2377 1936 2644 1985 Musarum

1581 1972 2049 2071 purusPhoebique
2078 2010 2327 2060 sacerdos.

1654 2119 1703 2171 4.
1773 2121 1821 2170 5.
1920 2119 2224 2184 Virqinibus]
2299 2121 2641 2170 Recentiores

1587 2194 1907 2258 interpretes
1954 2192 2354 2257 explicaverunt
2404 2194 2471 2243 de
2505 2207 2641 2258 pue-

1587 2280 1770 2316 rorum
1804 2267 2174 2331 virginumque
2204 2268 2398 2328 choro,
2436 2269 2527 2331 qui
2551 2280 2641 2318 sa-

1589 2341 1866 2392 cerdotem
1891 2342 2067 2403 cingat
2094 2340 2388 2404 laudesque
2413 2341 2639 2391 deorum

1590 2417 1762 2465 canat.
1821 2417 1888 2464 At
1911 2426 2035 2464 cum
2068 2415 2120 2463 in
2145 2416 2254 2464 toto
2278 2416 2380 2464 hoc
2404 2416 2638 2465 carmine

1587 2486 1856 2556 γνωμικῷ
1907 2491 2009 2539 καὶ
2061 2482 2245 2555 ἧθικῷ
2298 2489 2421 2540 nihil
2479 2489 2638 2554 plane

1589 2566 1741 2624 insit,
1797 2564 1942 2626 quod
1994 2577 2025 2612 a
2072 2564 2248 2613 choris
2284 2565 2400 2613 cani
2436 2565 2635 2627 possit,

1590 2651 1716 2687 cum
1740 2636 2142 2698 Dillenburgero
2178 2636 2342 2686 redeo
2377 2638 2445 2686 ad
2480 2638 2643 2686 Scho-

1589 2711 1862 2761 liastarum
1898 2711 2314 2774 expositionem:
2376 2711 2543 2760 «Dicit
2577 2724 2637 2761 se

1590 2798 1808 2835 carmen
1843 2784 2227 2848 proditurum‚-
2268 2797 2376 2846 quo
2425 2786 2640 2834 teneras

1589 2861 1794 2909 aetates
1826 2860 2065 2909 instituat
2098 2859 2167 2908 ad
2199 2859 2422 2908 honesta
2444 2859 2636 2919 studia,

1589 2933 1786 2996 quibus
1819 2933 1887 2984 ad
1920 2932 2137 2982 beatam
2172 2933 2332 2982 vitam
2357 2934 2638 2996 pervenire

1589 3008 1845 3070 possint.»
1930 3007 2116 3070 Utique
2153 3007 2296 3056 enim
2331 3005 2400 3055 de
2436 3019 2526 3066 eo,
2582 3010 2641 3055 ut

1587 3080 1782 3131 talibus
1834 3081 2160 3131 carminibus
2211 3079 2461 3144 aequales
2511 3093 2638 3130 suos

1586 3156 1934 3220 provectioris
1951 3156 2139 3206 aetatis
2157 3168 2499 3205 commovere
2517 3168 2638 3218 pra-

1586 3243 1790 3293 vosque
1816 3243 2003 3280 eorum
2028 3243 2206 3280 mores
2231 3231 2497 3294 corrigere
2516 3243 2638 3294 pos-

1586 3307 1670 3354 set
1688 3343 1699 3363 ,
1738 3306 1911 3354 omnis
1935 3318 2060 3368 spes
2084 3304 2401 3369 deponenda
2425 3306 2558 3353 erat.
2579 3331 2634 3339 --

1584 3379 1787 3442 qreqes]
1825 3378 1949 3441 quia
1988 3392 2145 3441 reges
2168 3380 2437 3442 ποιμένες
2461 3373 2633 3425 λαῶν.

1586 3454 1879 3506 Philemon.
1920 3456 2076 3504 Mein.
2116 3468 2235 3518 pag.
2275 3455 2398 3504 366:
2436 3450 2637 3502 δοῦλοι

1585 3527 1873 3588 βασιλέων
1896 3530 2070 3589 εἰσίν,
2109 3523 2143 3577 ὁ
2165 3522 2440 3588 βασιλεὺς
2462 3522 2634 3586 θεῶν,

2245 3603 2445 3651 Caesar
2494 3600 2637 3664 apud

1586 3680 1731 3728 Suet.
1771 3681 1923 3727 Caes.
1965 3677 2031 3726 6:
2068 3677 2241 3725 Est-in
2274 3688 2453 3738 genere
2477 3675 2633 3738 (meo)

1585 3757 1633 3801 et
1682 3753 1922 3802 sanctitas
1969 3763 2146 3815 regum
2163 3789 2174 3811 ‚
2231 3750 2316 3812 qui
2360 3749 2638 3811 plurimum

1584 3826 1716 3875 inter
1747 3826 1965 3875 homines
1992 3826 2209 3887 pollent,
2248 3829 2295 3873 et
2328 3824 2638 3874 caerimonia

1586 3901 1792 3950 dommi
1808 3939 1824 3960 ,
1890 3912 2105 3961 quorum
2154 3900 2249 3960 ipsi
2297 3899 2352 3948 in
2394 3903 2637 3961 potestate

1585 3979 1700 4024 sunt
1730 3988 1885 4037 reyes.

1654 4085 1701 4133 6.
1740 4086 1786 4134 7.
1845 4086 1901 4134 in
1932 4086 2063 4147 ipsos
2096 4085 2384 4150 imper-ima]
2444 4085 2634 4135 Nescio

1586 4171 1684 4208 cur
1698 4171 1968 4210 nonnemo
1980 4158 2233 4210 dubitarit
2250 4160 2318 4210 de
2337 4160 2493 4210 huius
2511 4173 2637 4210 con·

1585 4232 1890 4284 structionis
1930 4234 2221 4285 Latinitate.
2283 4233 2449 4284 Plaut.
2492 4234 2630 4284 Men.
