3234 4975
637 395 760 459 524

808 554 906 620 Me
952 573 1073 619 nec
1118 553 1350 619 semina
1395 573 1517 620 nec
1560 573 1727 640 puer

888 676 1017 739 lam
1061 695 1183 740 nec
1224 694 1377 762 spes
1423 674 1616 740 animi
1659 673 1925 741 credula
1978 676 2214 752 mutui,

803 796 934 860 Nec
977 803 1225 860 certare
1270 793 1442 861 iuvat
1483 815 1697 871 mero,

1402 398 1664 450 HORATII
1700 397 2039 450 CARwNuM

883 916 1015 980 Nec
1057 914 1299 981 vincire
1342 914 1526 980 novis
1568 925 1862 1002 tempora
1913 913 2198 984 floribus.

801 1071 933 1139 Sed
974 1092 1093 1138 cur
1133 1070 1292 1147 heu,
1340 1070 1669 1158 Ligurine,
1716 1091 1834 1137 cur

884 1193 1095 1258 Manat
1134 1211 1280 1258 rara
1321 1210 1502 1257 meas
1543 1189 1808 1257 lacrima
1849 1211 1969 1278 per
2018 1192 2266 1278 genas?

810 1313 940 1379 Cur
982 1311 1257 1379 facunda
1296 1332 1527 1399 parum
1574 1310 1817 1378 decoro

2731 1291 2876 1379 35‘

891 1435 1060 1499 Inter
1101 1431 1302 1499 verba
1346 1431 1517 1499 cedit
1557 1430 1776 1519 lingua
1818 1430 2113 1500 silentio?

805 1590 1144 1657 Nocturnis
1188 1611 1312 1678 ego
1356 1589 1624 1656 somniis

888 1714 1021 1777 lam
1062 1721 1321 1798 captum
1362 1721 1582 1787 teneo,
1631 1710 1757 1776 iam
1803 1709 2134 1777 volucrem
2178 1732 2420 1800 sequor

806 1836 893 1900 Te
937 1854 1057 1920 per
1100 1829 1389 1919 gramina
1429 1831 1636 1898 Martii

893 1952 1149 2039 Campi,
1196 1962 1259 2017 te
1303 1971 1421 2038 per
1465 1971 1701 2039 aquaS,
1749 1951 1950 2030 dure,
1997 1951 2333 2021 volubiles,

2727 1956 2813 2022 40

769 2096 849 2146 30.
887 2094 1047 2144 anim·
1078 2093 1259 2143 amnia
1300 2091 1463 2142 muci
1508 2091 1640 2143 Cod.
1688 2094 1828 2156 Lips.
1857 2096 2111 2157 quartus.
2158 2118 2211 2129 -
2273 2094 2353 2145 37.
2396 2096 2668 2146 Noctu-nis
2699 2102 2748 2147 te

701 2185 793 2235 eqo
825 2182 866 2219 s.
905 2170 982 2219 Lt.
1029 2166 1211 2232 (dllud
1243 2172 1288 2217 to
1320 2180 1428 2217 non
1461 2169 1742 2232 comperet
1790 2168 1843 2217 in
1893 2168 2166 2220 vetustis.»
2219 2170 2403 2219 Bau-rt..
2463 2184 2642 2235 neque
2692 2172 2746 2222 in

704 2244 917 2295 nostris.
953 2270 1009 2279 —
1048 2242 1320 2292 Nocturnis
1350 2254 1441 2306 eqo
1473 2245 1521 2291 te
1549 2254 1591 2291 s,
1635 2238 1739 2302 β,χ
1773 2239 1935 2302 alter,
1989 2244 2121 2292 Pott.
2160 2245 2423 2308 quinque,
2476 2245 2749 2296 Nocturnis

702 2324 749 2369 ω
782 2330 823 2367 s.
863 2317 943 2380 κ.)
980 2342 1036 2353 -
1083 2315 1164 2368 40.
1204 2315 1432 2366 volumus
1466 2316 1524 2365 Β.

703 2440 767 2491 30
790 2465 819 2476 -
841 2438 922 2490 32.
959 2451 1050 2490 nec
1081 2439 1217 2501 spes]
1262 2440 1401 2490 «Nec
1434 2451 1560 2503 spes
1594 2450 1684 2489 me

639 2516 785 2565 iuvet
835 2527 959 2564 cum
1004 2515 1348 2577 persuasione
1401 2513 1684 2564 coniuncta

641 2589 785 2649 sore,
821 2590 882 2638 ut
913 2590 1100 2637 mutuo
1133 2600 1285 2637 amer
1308 2587 1376 2636 ab
1401 2600 1495 2647 ea,
1533 2587 1686 2637 cuius

638 2676 823 2714 amore
848 2663 1034 2725 ceptus
1058 2673 1232 2712 sum.»
1260 2687 1316 2698 —-
1347 2661 1505 2710 antini
1528 2687 1558 2697 -
1575 2674 1688 2711 mu-

637 2739 728 2800 tui]
757 2736 853 2788 0d.
872 2737 923 2796 2,
945 2736 1027 2797 42,
1048 2736 1136 2786 45;
1174 2735 1291 2785 bene
1305 2736 1492 2785 mutuis
1506 2735 1686 2784 Fidum

634 2818 804 2874 pectus
835 2810 1107 2861 artioribus.
1149 2836 1202 2846 -
1261 2814 1457 2859 certare
1478 2836 1506 2846 -
1527 2809 1682 2870 mero]

639 2888 771 2950 Epp.
815 2885 870 2943 4,
915 2884 1004 2944 49,
1049 2885 1136 2933 44;
1189 2884 1447 2933 Noctua-no
1492 2888 1687 2933 certare

636 2973 792 3009 mero.
824 2986 879 2995 -
902 2957 1118 3021 vincire]
1156 2959 1241 3007 «in
1262 2958 1516 3008 conviviis
1540 2957 1686 3008 redi-

639 3035 773 3083 mire
810 3034 968 3095 ceput
1001 3029 1212 3082 corollis
1246 3031 1609 3082 recentibus.»

705 3106 786 3155 33.
826 3105 907 3155 34.
946 3105 1043 3154 Sed
1074 3118 1168 3154 cur
1198 3104 1315 3170 heu]
1366 3105 1428 3155 Vi
1465 3104 1685 3156 tandem

639 3179 839 3229 amoris
888 3179 1061 3229 victus
1111 3178 1305 3229 fatetur
1348 3192 1408 3229 se
1454 3180 1684 3241 Ligurini

640 3266 823 3304 amore
856 3253 1137 3303 incensum
1170 3265 1310 3303 esse.
1366 3253 1472 3303 Cir.
1509 3252 1605 3304 Od.
1633 3253 1683 3313 4,

643 3329 722 3378 40.
755 3355 808 3365 -
838 3328 1088 3392 imperite
1124 3341 1295 3392 nuper
1329 3327 1548 3392 quidam
1582 3329 1686 3377 hoc

641 3415 839 3453 nomen
873 3401 1021 3452 duxit
1053 3415 1085 3451 a
1118 3416 1169 3452 v.
1208 3403 1451 3467 liqu’re,
1487 3402 1542 3451 in
1576 3415 1685 3465 quo

639 3475 759 3541 syll.
783 3491 856 3542 qu
884 3476 1213 3542 producitur.
1256 3504 1311 3514 —-
1348 3475 1495 3540 rara]
1533 3478 1686 3539 «gut-

643 3554 791 3602 tatim
824 3564 889 3605 ac
921 3550 1101 3602 furtim
1138 3551 1394 3611 decidit»,
1448 3553 1507 3601 ut
1540 3550 1599 3601 fit
1633 3550 1686 3600 in

639 3625 879 3678 molliore
902 3626 1065 3677 animi
1082 3626 1293 3676 affectu.
1333 3625 1429 3676 Od.
1455 3626 1501 3685 4,
1523 3624 1603 3683 43,
1625 3624 1681 3674 6:

638 3702 819 3751 tamor
849 3706 897 3751 οι
926 3702 981 3750 in
1010 3713 1166 3765 oona-s
1202 3700 1397 3750 Furtim
1430 3699 1633 3749 labitur.

706 3775 788 3824 35.
815 3774 897 3825 36.
934 3776 1131 3837 decoro]
1175 3775 1377 3825 Versus
1398 3774 1688 3839 hyperme-

644 3852 726 3898 ter
748 3850 847 3899 est.
895 3848 1044 3899 Cous.
1073 3848 1143 3898 ad
1165 3847 1261 3898 Od.
1289 3848 1346 3907 3,
1372 3848 1463 3909 29,
1500 3848 1582 3898 35.
1627 3872 1680 3884 —-

637 3922 775 3972 Inter
791 3923 947 3973 verba
962 3923 1086 3988 cet]
1109 3924 1195 3974 Sic
1219 3923 1354 3974 Dido
1378 3922 1521 3988 apud
1539 3924 1682 3986 virg.

640 3997 770 4047 Aen.
806 3997 866 4055 4,
905 3998 1003 4046 76:
1040 3999 1218 4061 Incipit
1248 4000 1398 4062 effari
1426 3998 1689 4060 mediaque

1761 2436 1973 2503 Sappho
2006 2437 2176 2502 Bergk
2207 2451 2260 2503 p.
2309 2439 2440 2490 600:
2484 2431 2591 2505 ’Ὡς
2612 2455 2682 2493 σε
2702 2437 2814 2513 γὰρ

1759 2509 1904 2563 mm
1923 2550 1934 2570 ,
1986 2510 2248 2583 βροχέως
2285 2528 2362 2579 με
2394 2510 2595 2579 φώνας
2629 2510 2811 2568 Οὐδὲν

1761 2579 1837 2636 ’ἐτ’
1870 2584 1997 2636 ἵκει.
2060 2580 2222 2637 Ἀλλὰ
2262 2604 2382 2654 καμ
2415 2587 2526 2653 μὲν
2574 2588 2812 2657 γλῶσσα

1759 2661 1935 2728 Ρέαγε
1966 2659 2086 2710 κτλ.
2152 2690 2158 2695 -

1825 2735 1906 2785 37.
1944 2734 2162 2798 sommis]
2198 2733 2462 2799 Meleager
2498 2737 2655 2787 Anth.
2697 2737 2806 2788 Pal.

1759 2810 1822 2858 11.
1849 2822 1903 2871 p.
1931 2808 2056 2860 488:
2105 2803 2238 2859 Ἡδὺ
2263 2810 2318 2860 τί
2336 2824 2443 2874 μοι
2471 2805 2567 2860 διὰ
2599 2808 2810 2874 νυκτὸς

1759 2878 2027 2933 ἐνύπνιον
2072 2877 2230 2954 ἁβρὰ
2285 2880 2564 2948 γελῶντος
2603 2878 2810 2935 Ὀκτω-

1759 2954 2127 3020 κάιδεκέτους
2174 2952 2378 3020 παιδὸς
2426 2951 2502 3007 ἔτ’
2553 2957 2615 3009 ἐν
2666 2958 2810 3018 χλα-

1757 3026 1897 3098 μύδι
1927 3024 2124 3097 ’'Hyay'
2148 3023 2336 3101 Ἔρως
2381 3025 2496 3082 ὑπὸ
2541 3031 2805 3092 χλαῖναν.

1825 3105 1906 3156 39.
1933 3105 2014 3155 40.
2044 3118 2138 3166 ρον
2151 3106 2407 3171 munina]
2446 3119 2577 3170 «per
2597 3109 2810 3171 caespi—

1760 3182 1922 3230 tem.»
1961 3179 2125 3242 (ovid.
2153 3179 2306 3230 Trist.
2331 3181 2390 3239 5,
2414 3180 2470 3240 4,
2496 3180 2560 3230 32
2583 3195 2594 3229 :
2630 3183 2813 3232 Mollia

1760 3259 1879 3315 quot
1907 3254 2090 3304 Martis
2108 3254 2352 3317 qramina
2383 3268 2593 3317 campus
2621 3255 2810 3321 habet.)

1760 3328 1873 3377 lem
1923 3326 2104 3378 solitas
2154 3325 2573 3379 adolescentium
2609 3331 2812 3381 exerci-

1761 3403 1986 3453 tationes
2025 3399 2288 3465 ludosque
2321 3405 2654 3466 campestres
2689 3417 2809 3454 me-

1761 3477 1966 3536 moret,
2005 3489 2225 3526 cursum
2256 3489 2356 3541 per
2382 3477 2644 3541 Campum
2667 3479 2811 3528 Mer-

1761 3551 1892 3600 tium
1928 3553 1984 3600 et
2021 3551 2344 3601 notationem
2377 3551 2430 3600 in
2454 3550 2646 3602 Tiberi.
2698 3552 2805 3602 Cir.

1760 3624 1855 3675 Od.
1883 3626 1944 3685 3,
1973 3627 2063 3685 42,
2091 3627 2121 3676 7
2145 3638 2264 3689 sqq.
2295 3653 2348 3661 —
2388 3624 2532 3689 duro]
2564 3625 2808 3678 Eundem

1759 3700 2007 3749 crudelem
2053 3701 2210 3749 vocet
2253 3698 2348 3748 Od.
2398 3699 2457 3759 4,
2506 3699 2594 3760 40,
2644 3700 2693 3748 4.
2749 3726 2805 3737 -

1758 3773 2011 3837 volubiles]
2050 3786 2111 3823 «a
2146 3774 2358 3824 natante
2382 3773 2489 3822 huc
2510 3770 2632 3823 illuc
2655 3772 2807 3825 facile

1761 3847 1992 3911 pulses.»
2030 3849 2115 3897 Sic
2150 3845 2369 3910 quidem
2403 3845 2668 3911 explicent
2699 3845 2813 3911 ple-

1763 3923 1950 3986 rique;
2003 3922 2125 3972 vide
2178 3924 2356 3971 temen
2408 3934 2476 3970 ne
2521 3922 2589 3971 sit
2630 3921 2809 3986 potius

1762 4008 2023 4061 equarum
2037 3993 2284 4059 generale
2299 3993 2583 4055 ἐπίθετον,
2602 3997 2663 4045 ut
2671 3996 2806 4059 Epp.

641 4071 831 4121 invoco
852 4073 1048 4121 resistit.
1090 4073 1253 4137 Epod.
1284 4075 1373 4133 44,
1400 4074 1465 4123 9:
1503 4086 1687 4123 aman—
1765 4073 1821 4133 4,
1859 4071 1917 4131 2,
1955 4071 2048 4121 42:
2103 4071 2269 4120 anmi-3
2305 4096 2384 4107 --
2419 4069 2666 4119 volubilis.
2726 4067 2806 4118 Cr.

641 4151 739 4198 tem
801 4146 1018 4209 tanyuor
1080 4151 1126 4196 et
1180 4148 1428 4199 sitantum
1485 4148 1682 4212 Arquit.
1764 4146 2295 4209 Virg.Aen.4‚357:
2335 4146 2810 4197 odorannum&
