3234 4975
597 320 721 385 664

1394 320 1652 372 uonA'rn
1687 320 1943 370 EPODON

1023 474 1402 543 Siticulosae
1446 474 1752 564 Apuliae,

936 600 1066 664 Nec
1112 618 1345 663 munus
1389 597 1676 663 humeris
1719 594 2002 662 efficacis
2049 595 2343 663 Herculis

1022 718 1251 785 Inarsit
1294 718 1679 785 aestuosius.

934 839 1013 903 At
1058 840 1112 904 si
1157 838 1314 926 quid
1357 859 1645 925 unquam
1688 836 1813 903 tale
1858 837 2349 925 concupiveriS,

1025 961 1250 1025 Iocose
1296 960 1669 1033 Maecenas,

1717 978 1982 1046 precor,
2689 959 2773 1024 20

941 1081 1197 1145 Manum
1240 1078 1456 1167 puella
1500 1079 1681 1145 savio
1726 1089 2011 1167 opponat
2056 1088 2167 1146 tuo
2193 1130 2207 1156 ,

1026 1200 1324 1266 Extrema
1367 1210 1433 1266 et
1475 1199 1540 1264 in
1585 1198 1837 1286 sponda
1880 1198 2092 1266 cubet.

730 1399 809 1447 49.
848 1398 980 1460 quod
1008 1396 1053 1447 si
1085 1398 1119 1447 S
1156 1396 1279 1459 (11011
1312 1395 1458 1460 bcd).
1513 1421 1571 1434 —
1630 1397 1712 1448 20.
1748 1399 1923 1447 Iocosa
1955 1396 2226 1450 Markland
2270 1398 2324 1447 in
2358 1397 2483 1448 Eur.
2520 1397 2701 1462 suppl.

660 1487 714 1537 p.
750 1472 866 1523 258.
908 1498 960 1509 -
1001 1471 1083 1521 2⁴.
1120 1471 1260 1520 savio
1294 1483 1570 1535 superscr.
1605 1484 1644 1521 u
1676 1470 1741 1533 d,
1778 1473 1955 1522 suavia
1988 1473 2111 1523 LCt.
2152 1472 2231 1534 (Ut
2263 1484 2394 1535 nos,
2431 1471 2577 1533 bSc.)

599 1648 782 1712 oedip.
809 1647 897 1698 47:
947 1647 1046 1696 Sed
1075 1647 1249 1709 pravis
1278 1651 1326 1697 ot
1357 1651 1469 1696 ater
1500 1646 1650 1696 ὁπου-
1724 1647 1826 1698 dus
1859 1646 2165 1711 deceperat.
2235 1646 2348 1696 Hoc
2393 1647 2575 1696 autem
2615 1644 2773 1709 longe

599 1722 685 1772 bat
715 1721 865 1771 terris
904 1733 1083 1782 vapor.
1126 1747 1182 1756 —
1228 1720 1544 1784 siticulosae]
1590 1722 1652 1769 ut

599 1791 954 1858 πολυδίψιον
970 1787 1190 1863 Ἄργος.
1233 1819 1286 1829 -
1324 1794 1524 1858 munus]
1559 1808 1653 1844 ve-

600 1871 696 1921 stis
730 1870 884 1919 Nessi
920 1869 1168 1919 Centauri
1217 1881 1409 1918 cruore
1449 1869 1612 1919 tincta
1634 1907 1646 1930 ‚

598 1957 629 1994 a
681 1944 928 1994 Deianira
977 1941 1192 1992 Herculi
1254 1943 1463 2005 coniugi
1512 1941 1650 1993 Ioles

599 2030 783 2068 amore
831 2018 987 2081 capto
1033 2017 1243 2067 funesto
1285 2016 1428 2066 dono
1461 2018 1646 2066 missa.

603 2090 752 2140 ovid.
802 2091 923 2142 Met.
974 2090 1030 2150 9,
1085 2090 1199 2140 430.
1258 2116 1313 2126 -
1367 2089 1585 2140 humeris
1622 2116 1652 2126 -

598 2164 800 2227 Inar-sit]
838 2164 1106 2215 «humeris
1142 2163 1339 2214 ardens
1371 2165 1649 2214 inhaesit.»

603 2265 660 2274 —
707 2238 937 2303 efficacis]
987 2237 1337 2290 «difficillimis
1377 2237 1652 2290 laboribus

600 2313 859 2374 defuncti,
896 2311 1265 2384 δραστηρίου,
1301 2313 1648 2376 malki-dmg.»

600 2385 753 2452 Apul.
778 2385 928 2451 Apol.
953 2401 1005 2452 p.
1033 2386 1158 2438 442:
1194 2387 1428 2437 Hercules
1461 2388 1652 2435 lustra-

600 2465 682 2512 tor
722 2462 879 2524 orbis,
920 2467 1177 2526 purgator
1218 2462 1473 2526 fer-anun,
1524 2474 1651 2524 qen-

602 2536 731 2586 tium
777 2538 1007 2587 donator.
1079 2538 1164 2587 Sic
1214 2537 1471 2588 Maximus
1521 2535 1645 2597 Tyr.

603 2611 666 2660 D.
706 2610 762 2670 3,
799 2611 846 2661 7.
898 2610 1182 2662 Herculem
1215 2613 1373 2660 vocat
1404 2605 1508 2659 τὸν
1535 2605 1650 2658 τῶν

602 2679 828 2734 πολλῶν
887 2686 987 2735 καὶ
1045 2682 1402 2750 θαυμαστῶν
1457 2682 1650 2733 πόνων

602 2752 888 2824 ὁμιλητὴν
920 2760 1017 2809 καὶ
1041 2753 1367 2826 ἀγωνιστὴν
1397 2759 1495 2808 καὶ
1518 2753 1653 2808 ἐθά-

601 2829 697 2893 δα,
752 2835 808 2883 et
839 2833 1060 2884 similius
1094 2835 1257 2884 etiam
1289 2834 1427 2884 Diss.
1459 2833 1516 2883 24
1547 2870 1559 2893 ,
1598 2832 1647 2881 6.

601 2903 985 2975 καθορθωτὴν
1019 2901 1217 2978 ἔργων.
1296 2905 1527 2958 lulianus
1578 2906 1649 2956 ad

602 2979 952 3031 Themistium
995 2994 1046 3044 p.
1085 2980 1199 3032 264.
1239 2994 1304 3031 ex
1344 2981 1535 3043 Odyss.
1573 2996 1647 3042 φ,

601 3053 694 3102 26:
764 3050 1028 3119 μεγάλων
1094 3053 1394 3124 ἐπιΐστορα
1437 3048 1648 3125 ἔργων,

604 3120 1099 3196 ιαῦτουργότατον
1154 3123 1427 3178 ἁπάντων
1483 3125 1651 3194 γενό-

600 3214 829 3265 μενον.»
889 3200 968 3252 Ad
1018 3201 1459 3252 consuetudinem
1507 3204 1653 3253 Lati-

604 3288 726 3326 nam
752 3274 845 3325 cfr.
883 3273 1119 3326 Caelium
1155 3274 1222 3324 ad
1258 3276 1366 3325 Cic.
1405 3276 1548 3327 Fam.
1587 3276 1650 3338 8,

605 3349 694 3409 40,
722 3348 777 3399 3:
813 3349 955 3398 Nosti
988 3347 1315 3409 Marcellum,
1352 3363 1509 3412 quam
1540 3355 1655 3400 tar-

605 3425 697 3473 dus
730 3427 776 3472 et
803 3436 995 3485 parum
1026 3424 1211 3487 efficax
1242 3424 1321 3473 sit.

670 3498 866 3548 ⁴9-22.
903 3498 1267 3561 concupiveris]
1304 3500 1384 3549 «Si
1420 3500 1532 3549 tam
1555 3498 1655 3548 de-

604 3570 865 3623 testabilis
910 3571 1062 3624 cibus
1114 3586 1348 3637 unquam
1401 3573 1496 3623 tibi
1537 3586 1656 3622 rur-

606 3657 697 3695 sus
731 3644 1040 3709 placuerit.»
1082 3674 1135 3683 -
1173 3647 1351 3711 Iocose]
1388 3649 1652 3721 quatenus

603 3716 721 3768 allio
757 3718 894 3770 clam
928 3719 1107 3771 oblato
1131 3722 1363 3772 amicum
1398 3720 1652 3771 ludibun-

1723 1721 1899 1785 aptius
1942 1722 2036 1770 toti
2078 1721 2301 1771 carmini
2344 1732 2509 1783 quam
2542 1720 2773 1771 otiosum

1722 1792 1852 1845 illud
1903 1792 2110 1858 puellae
2160 1791 2427 1844 ἐπίθετον
2473 1795 2657 1844 iocosa.
2711 1818 2767 1829 —

1721 1868 1882 1932 savio]
1921 1870 2149 1919 «amoris
2182 1867 2418 1919 osculo».
2456 1869 2640 1919 801101..
2683 1882 2773 1918 sa-

1719 1944 1889 2004 vium,
1937 1941 2170 2008 φίλημα
2200 1938 2507 2013 ἑταιρικόν.
2567 1940 2770 1992 Philox.

1722 2017 1934 2067 Rectior
1976 2018 2157 2067 autem
2202 2016 2340 2067 haec
2384 2019 2471 2067 est
2510 2016 2774 2079 scriptura

1724 2103 1888 2153 quam
1921 2089 2086 2140 altera
2121 2091 2315 2140 saevio.
2352 2091 2468 2140 Non
2494 2090 2636 2141 enim
2671 2089 2773 2140 de·

1723 2165 1934 2215 ducitur
1983 2178 2014 2214 a
2062 2177 2115 2214 ν.
2168 2165 2363 2226 mavis,
2422 2163 2521 2215 sed
2574 2164 2773 2213 savem

1722 2240 1941 2303 proprie
1976 2240 2059 2289 est
2088 2237 2347 2298 labellum,
2400 2240 2462 2287 ut
2504 2236 2586 2287 bis
2621 2240 2772 2287 terve

1722 2314 1865 2379 apud
1912 2311 2171 2364 Plautum.
2223 2312 2329 2363 Cir.
2366 2313 2495 2363 Iahn
2530 2312 2597 2362 ad
2642 2311 2696 2362 h.
2731 2311 2767 2362 l.

1727 2413 1782 2423 —
1810 2388 2003 2449 sponda
2024 2386 2180 2451 cubet]
2216 2387 2295 2436 De
2316 2398 2518 2437 venere
2540 2399 2572 2434 a
2595 2385 2773 2449 puella

1724 2463 1914 2525 negata
1939 2461 2172 2526 accipie,
2210 2462 2269 2511 ut
2301 2463 2386 2512 est
2416 2460 2561 2525 apud
2583 2459 2769 2511 Tibull.

1724 2538 1784 2594 4.
1821 2537 1878 2596 9,
1916 2536 1998 2587 56.
2054 2537 2106 2587 in
2153 2534 2311 2587 simili
2353 2536 2769 2598 imprecatione:

1727 2611 1901 2660 Tecum
1933 2610 2229 2673 interposita
2262 2610 2508 2674 latique-‘da
2538 2614 2669 2659 veste
2687 2623 2776 2658 cw-

1722 2684 1813 2734 bct.
1874 2682 1997 2734 Alii:
2055 2698 2215 2736 «sese
2260 2696 2424 2748 quam
2466 2682 2773 2747 longissime

1723 2761 1841 2808 ate
1883 2761 2159 2808 removeat
2208 2759 2261 2808 in
2311 2756 2434 2808 lecti
2484 2756 2773 2808 convivalis

1723 2832 1981 2896 sponda.»
2061 2833 2197 2882 Sane
2251 2832 2437 2882 cubare
2486 2833 2648 2882 etiam
2699 2831 2770 2882 de

1724 2907 1961 2957 convivis
1994 2908 2300 2970 usurpatur.
2346 2906 2455 2956 Cic.
2493 2905 2561 2956 de
2597 2905 2683 2955 Or.
2709 2905 2770 2965 2,

1723 2981 1818 3032 86:
1855 2993 1953 3042 quo
1986 2993 2160 3031 eorwn
2191 2980 2297 3030 loco
2330 2980 2538 3042 quisquo
2567 2979 2772 3029 cubuis-

1723 3061 1810 3105 set.
1852 3083 1907 3091 —
1947 3053 2096 3104 Falso
2130 3056 2312 3105 autem
2343 3056 2517 3105 Acron
2550 3053 2775 3116 puellam

1725 3128 1953 3194 explicat
1998 3129 2067 3178 de
2119 3129 2365 3178 Terentia
2416 3129 2735 3180 Maecenatis
2757 3163 2770 3186 ,

1724 3203 1779 3255 id
1814 3202 1957 3267 quod
2000 3215 2168 3266 prope
2212 3201 2526 3253 indecenter
2568 3202 2775 3252 dictum

1726 3278 1859 3328 foret
1914 3276 1983 3326 de
2038 3276 2148 3325 tam
2198 3275 2478 3340 splendida
2528 3278 2773 3325 matrona

1726 3352 1987 3411 Romana,
2048 3350 2195 3413 prius
2250 3363 2282 3399 a
2334 3352 2567 3401 Caesare
2616 3350 2775 3400 Octa·

1725 3425 1883 3474 viano
1922 3428 2115 3474 amata.
2189 3423 2423 3486 (Sueton.
2449 3424 2629 3474 octav.
2668 3423 2771 3485 69.)

1724 3499 1896 3548 Immo
1932 3496 2212 3548 manifesto
2245 3496 2479 3561 loquitur
2511 3497 2580 3547 de
2615 3494 2774 3547 ἑται-

1725 3588 1828 3643 ρᾳ,
1899 3583 2135 3635 quacum
2190 3571 2529 3622 consueverit
2583 3573 2774 3635 potens

1725 3648 1932 3697 amicus
1965 3646 2088 3695 ante
2125 3645 2333 3710 nuptias
2367 3658 2494 3696 cum
2527 3646 2772 3696 Terentia

1727 3719 2044 3771 celebratas
2081 3718 2187 3770 Cfr.
2210 3720 2410 3770 Franke
2429 3719 2481 3770 F.
2498 3720 2559 3770 Η.
2580 3732 2633 3783 p.
2656 3718 2770 3770 ⁴25.

1573 4003 1912 4015 W
