3234 4975
1230 352 1347 401 ιιΒ.
1389 353 1426 401 ι.
1497 354 1556 401 ο.
1594 354 1633 401 1.
2478 351 2547 416 Η

400 508 487 571 qui
520 485 855 571 aequalibus,
891 520 1015 558 cum
1048 512 1264 571 praeter
1294 523 1464 574 pauca
1501 507 1584 558 illa
1610 508 1795 560 Catulli
1830 512 2018 560 conata
2049 514 2102 560 et
2125 511 2342 575 Epodon
2365 510 2559 562 librum

397 592 522 641 satis
564 591 831 640 interdum
873 590 1220 652 virulentum,
1267 591 1392 642 nihil
1436 591 1538 642 tale
1584 605 1821 657 unquam
1863 593 2143 655 vidissent,
2197 596 2558 660 maximopere

397 674 609 738 placere
645 673 896 725 debebat.
969 676 1113 726 Haec
1157 679 1365 736 autem,
1411 674 1607 740 quibus
1650 676 1986 739 potissimum
2020 676 2351 730 delectentur
2384 680 2558 729 homi-

397 772 520 819 neS,
570 762 875 809 enumerat:
921 758 1142 820 gloriam
1185 772 1251 809 ex
1292 759 1509 809 victoria
1545 758 1819 823 olympica
1854 763 2089 824 partam,
2135 762 2392 822 honores,
2442 760 2558 811 lati-

399 841 602 900 fundia3
641 841 774 892 alius
809 843 989 905 utique
1024 843 1144 891 aviti
1169 843 1278 904 agri
1303 842 1566 903 culturae,
1607 844 1766 892 etiam
1792 857 2068 908 operosae,
2106 842 2353 896 libentius
2375 848 2555 905 vacat3

398 927 759 975 mercatorum
792 923 922 974 lucri
957 926 1217 989 cupiditas
1249 925 1335 976 vel
1368 928 1420 976 in
1455 926 1732 977 manifesta
1754 926 1988 991 pericula
2023 929 2183 992 rapit;
2220 928 2353 979 alius
2376 942 2558 980 rursus

399 1007 677 1073 tranquillo
710 1009 848 1059 vitae
885 1009 1056 1059 fructu
1090 1008 1315 1059 laetatur
1348 1010 1619 1073 Genioque
1656 1009 1913 1073 indulget3
1958 1010 2042 1061 ille
2085 1011 2322 1063 bellicosi
2355 1012 2559 1062 ardoris

397 1091 589 1156 plenus
621 1093 699 1142 rei
734 1092 942 1143 militari
975 1093 1128 1142 unice
1154 1094 1383 1143 intentus
1420 1096 1526 1153 est;
1564 1094 1652 1143 bic
1673 1094 2043 1145 venationibus
2065 1097 2296 1146 maxime
2320 1095 2559 1146 oblecta-

398 1179 502 1225 tur.
576 1176 681 1226 Cfr.
726 1175 934 1227 Pindari
979 1178 1060 1227 Fr.
1108 1177 1220 1226 439.
1290 1178 1518 1227 Boeckh.
1564 1177 1661 1227 Ed.
1699 1178 1856 1227 min.:
1889 1171 2282 1229 Ἀελλοπόδων
2313 1180 2421 1245 μέν
2453 1182 2557 1231 τιν’

400 1253 800 1329 εὐφραίνωσιν
843 1259 1029 1310 ἵππων
1071 1261 1245 1324 Τὶμια
1285 1261 1383 1310 καὶ
1418 1263 1727 1322 στέφανοι,
1777 1257 1916 1325 τοὺς
1960 1259 2007 1310 δ’
2057 1261 2119 1312 ἐν
2170 1259 2559 1332 πολυχρύσοις

400 1341 690 1408 θαλάμοις
721 1341 913 1405 βιοτά.
985 1345 1255 1415 Τέρπεται
1287 1341 1349 1395 δὲ
1383 1347 1482 1396 καί
1516 1361 1600 1408 τις
1634 1345 1718 1396 ἐπ’
1756 1341 1905 1410 οἶδμ’
1942 1340 2110 1398 ἅλιον
2145 1347 2240 1396 ναῒ
2280 1343 2399 1413 θοᾷ
2432 1345 2561 1410 Σῶς

399 1425 755 1488 διαστείβων.
827 1429 986 1479 Cuius
1020 1428 1119 1479 loci
1154 1443 1362 1479 memor
1394 1428 1554 1480 fuisse
1589 1430 1772 1493 utique
1797 1430 2030 1490 videtur,
2067 1430 2164 1480 sed
2197 1428 2302 1480 leni
2325 1430 2559 1494 quadam

403 1526 467 1561 ac
500 1512 636 1563 facili
669 1514 926 1582 εἰρωνείᾳ
964 1526 1095 1564 usus
1129 1513 1410 1577 significat,
1457 1527 1620 1576 quam
1663 1515 1847 1564 inanes
1891 1527 1955 1563 ac
1989 1513 2201 1564 fallaces
2234 1514 2340 1564 sint
2371 1527 2559 1565 omnes

403 1596 503 1645 hae
538 1597 674 1646 vitae
707 1597 938 1647 rationes
970 1599 1184 1660 praeter
1217 1610 1335 1658 eaS,
1372 1610 1509 1660 quae
1534 1596 1601 1645 ad
1627 1597 1736 1646 veri
1760 1595 2072 1661 pulchrique
2096 1597 2332 1661 speciem
2370 1594 2556 1660 (ἰδέαν)

402 1681 725 1744 pertineant,
764 1694 1031 1744 quamque
1064 1683 1212 1745 parvi
1240 1672 1358 1730 'illas
1391 1682 1637 1730 aestimet
1668 1694 1797 1744 prae
1833 1681 2006 1731 studio
2041 1679 2151 1742 illo,
2189 1693 2295 1744 quo
2329 1681 2442 1744 ipse
2478 1681 2561 1729 in-

404 1777 596 1814 census
630 1765 712 1815 sit.
784 1762 1004 1826 (Similes
1035 1762 1181 1815 locos
1214 1765 1449 1814 invenies
1484 1765 1589 1814 Sat.
1630 1766 1677 1826 4,
1717 1766 1764 1824 4,
1804 1766 1850 1814 l.
1920 1765 2059 1827 virg.
2087 1766 2273 1826 Georg.
2310 1765 2361 1822 2,
2398 1763 2554 1814 475—

404 1849 538 1907 542,
576 1860 807 1911 quocum
842 1847 1019 1897 dicere
1052 1851 1285 1912 poterat:
1322 1849 1404 1897 Me
1434 1861 1553 1897 vero
1579 1849 1804 1909 primum
1838 1848 2002 1897 dulces
2035 1854 2151 1898 ante
2172 1849 2342 1898 omnia
2361 1851 2556 1908 Musae,

407 1933 633 2004 Quanam
663 1945 814 1981 sacra
844 1931 952 1993 fero
983 1932 1170 1995 inqenti
1196 1945 1460 1993 percussus
1492 1946 1691 1993 amore,
1729 1932 1986 1994 Accipiunt
1998 1930 2037 1995 l)
2089 1959 2142 1966 —
2202 1933 2279 1981 De
2315 1934 2558 1996 tempore

404 2028 555 2074 vero,
593 2028 700 2078 quo
732 2015 787 2064 hi
822 2017 931 2064 tres
953 2013 1069 2064 libri
1104 2015 1227 2065 editi
1261 2016 1387 2074 sint,
1427 2028 1616 2078 magna
1641 2015 1816 2066 adhuc
1840 2018 1922 2066 est
1943 2016 2324 2073 controversia;
2363 2016 2559 2065 etenim

406 2100 603 2148 Franke
638 2098 908 2148 contendit
940 2099 1098 2149 Sosiis
1133 2112 1226 2148 eos
1261 2100 1576 2149 commissos
1611 2113 1730 2150 esse
1767 2113 1814 2149 a.
1853 2113 1905 2149 u.
1944 2112 1990 2148 c.
2028 2099 2172 2158 73⁴.‚
2210 2098 2560 2148 Walckenaer

405 2196 453 2231 a.
491 2182 635 2242 734„
670 2182 910 2247 plerique
945 2197 993 2233 a.
1031 2183 1174 2242 736.,
1211 2183 1442 2233 maxime
1476 2186 1696 2247 propter
1717 2181 1908 2245 Virgilii
1943 2183 2043 2232 iter
2064 2183 2290 2231 Atticum
2330 2181 2439 2244 (Od.
2466 2182 2554 2244 3.),

406 2267 492 2324 ita,
527 2268 587 2315 ut
617 2266 792 2330 paullo
826 2269 947 2330 post
981 2267 1135 2318 huius
1171 2269 1225 2315 et
1256 2264 1466 2327 Tibulli,
1511 2267 1786 2330 utriusque
1832 2266 1930 2316 sibi
1974 2267 2304 2327 amicissimi,
2354 2265 2558 2315 obitum

406 2350 456 2399 in
489 2363 552 2400 ea
587 2363 749 2414 opera
787 2363 1020 2414 curaque
1054 2353 1296 2401 versatus
1330 2351 1397 2400 sit
1430 2352 1692 2402 Horatius
1749 2352 1886 2412 «Ego
1921 2363 2049 2400 vero
2073 2353 2198 2400 tunc
2231 2351 2426 2399 Romae
2453 2362 2557 2399 non

407 2432 541 2494 fni»,
588 2433 762 2483 dicam
807 2434 859 2483 in
901 2434 981 2484 his
1021 2433 1336 2499 plerumque
1381 2433 1624 2484 inanibus
1666 2433 2133 2499 disputationibus,
2180 2447 2209 2482 a
2249 2447 2376 2483 vera
2409 2432 2557 2497 poesi

407 2518 623 2582 eiusque
666 2519 874 2569 sincero
916 2532 1077 2569 sensu
1119 2532 1248 2569 sane
1293 2517 1648 2579 alienissimiS,
1696 2520 1793 2569 nisi
1836 2518 1927 2568 ubi
1971 2520 2117 2568 certa
2158 2519 2211 2567 et
2244 2516 2386 2567 clara
2420 2519 2559 2565 tem-

406 2603 546 2665 poris
579 2603 887 2666 significatio
920 2602 988 2652 ab
1021 2604 1138 2668 ipso
1171 2606 1325 2666 poeta
1363 2601 1497 2652 facta
1532 2605 1630 2652 est.

1337 2857 1631 2868 -ι--κ-

1032 3067 1756 3126 Excunsus
1833 3070 1921 3124 ΙΙ.

1232 3225 1724 3275 Αυνν.296ῐ35.

504 3380 585 3427 29.
656 3379 752 3442 Me]
800 3376 940 3427 Harii
990 3378 1045 3425 et
1084 3374 1427 3424 Brouckhusii
1472 3375 1832 3423 coniecturam
1884 3374 1969 3435 Te,
2014 3387 2174 3438 quam
2209 3375 2431 3425 fortasse
2465 3390 2562 3439 per

407 3463 610 3517 iocum,
657 3461 755 3510 sed
790 3459 1057 3522 ingeniose
1093 3457 1326 3507 defendit
1370 3458 1421 3506 F.
1459 3460 1517 3506 Α.
1557 3457 1779 3508 wolfius
1825 3457 1995 3521 (Liter.
2033 3459 2176 3508 Anal.
2215 3460 2275 3529 il.
2314 3472 2366 3522 p.
2404 3459 2557 3522 ficit),

406 3560 437 3596 a
474 3545 674 3603 multis,
712 3544 969 3608 imprimis
1003 3556 1031 3591 a
1069 3541 1337 3601 Liibker0‚
1375 3554 1598 3604 operose
1634 3541 1932 3601 refutatam,
1969 3542 2074 3591 iam
2104 3542 2171 3591 ab
2198 3541 2445 3592 omnibus
2469 3556 2562 3591 ex-

406 3628 612 3693 plosam
631 3642 751 3679 esse
776 3626 1019 3677 arbitror.
1058 3627 1179 3676 Eius
1198 3627 1441 3674 auctores
1465 3639 1570 3674 non
1594 3626 1721 3675 satis
1743 3626 2080 3690 perspexisse
2105 3625 2365 3684 videntur,
2395 3624 2559 3675 forma

405 3714 656 3763 orationis
698 3726 822 3762 cum
865 3711 956 3761 fiat
998 3709 1327 3767 antithetica,
1373 3707 1441 3756 ad
1484 3721 1754 3758 summam
1796 3711 1973 3759 tamen
2011 3707 2136 3758 nihil
2169 3705 2310 3756 aliud
2344 3707 2425 3757 illa
2460 3709 2560 3759 dici

407 3810 596 3859 quarn:
636 3797 742 3846 «Tu
778 3798 833 3845 et
862 3808 963 3858 ego
998 3806 1184 3845 sumus
1217 3795 1435 3858 poetae,
1474 3794 1528 3842 et
1561 3805 1805 3843 summus
1840 3793 2057 3857 quidem
2091 3793 2173 3851 tu,
2212 3806 2310 3855 ego
2334 3795 2385 3843 te
2410 3792 2561 3857 longe

412 3880 586 3930 minor
618 3883 778 3944 atque
812 3878 1135 3929 mediocris»
1176 3876 1315 3939 (nam
1351 3888 1473 3925 cum
1508 3877 1609 3925 Fea
1644 3876 1858 3926 omnino
1891 3876 2220 3938 interpretari
2255 3877 2558 3941 nequimus:

409 3964 525 4012 «Tu
560 3966 697 4014 totus
732 3977 792 4014 es
827 3964 878 4012 in
915 3960 1230 4012 coronandis
1272 3958 1471 4021 tibique
1516 3958 1876 4009 devinciendis
1915 3959 2111 4022 poetis:
2159 3958 2226 4008 illi
2270 3973 2397 4009 vero
2431 3963 2562 4023 grati

407 4046 569 4095 animi
612 4060 736 4109 ergo
778 4049 832 4097 te
877 4047 1015 4095 inter
1056 4044 1187 4094 deos
1227 4041 1500 4093 beneficos
1543 4044 1594 4092 in
1653 4044 1762 4093 suis
1805 4042 2127 4093 carminibus
2175 4044 2558 4107 praedicantu).

408 4127 555 4179 illam
589 4131 768 4180 autem
801 4130 1043 4194 poeticae
1079 4125 1335 4177 facultatis
1370 4124 1583 4176 laudem
1619 4128 1922 4187 MaecenaS,
1962 4127 2058 4177 etsi
2094 4126 2358 4177 interdum
2403 4128 2562 4177 animi

409 4226 568 4264 causa
609 4212 900 4264 versiculos
942 4210 1221 4274 fundebat,
1267 4222 1538 4272 nunquam
1583 4213 1731 4261 certe
1776 4210 2053 4262 affectavit.
2124 4213 2402 4261 Praeterea
2437 4212 2563 4261 ridi-
