3234 4975
612 394 737 461 348

1381 399 1639 450 HoRA'rn
1676 401 2013 453 CARM1NUM

865 553 1190 620 Tantalum
1237 564 1433 642 atque
1478 554 1718 620 Tantali

952 676 1170 742 Genus
1214 682 1498 751 coercet,
1546 674 1651 741 hic
1695 674 1910 741 levare
1955 678 2238 745 functum

861 798 1226 883 Pauperem
1274 794 1608 863 laboribus

945 918 1220 984 Vocatus
1263 925 1458 1003 atque
1502 937 1632 983 non
1676 928 1943 984 vocatus
1988 918 2185 984 audit.

2699 925 2782 988 40

608 1117 702 1165 stis
737 1116 806 1164 ita
839 1112 1070 1177 loquitur
1098 1124 1148 1160 v.
1171 1112 1303 1177 252:
1341 1107 1561 1162 νεκύων
1591 1109 1656 1162 δὲ
1728 1115 1897 1173 taxat,
1924 1113 2016 1176 qui
2038 1115 2276 1174 vocavit3
2314 1116 2409 1166 sed
2433 1129 2532 1180 per
2552 1117 2783 1183 brachy-

610 1185 905 1258 πορθμεὺς
934 1213 964 1223 -
993 1182 1209 1255 Χάρων
1238 1183 1296 1250 μ’
1327 1179 1440 1251 ἤδη
1473 1183 1653 1235 καλεῖ.

609 1262 933 1313 charontem
968 1261 1148 1310 autem
1185 1271 1344 1310 nemo
1374 1258 1659 1310 invocabat

609 1339 669 1387 ut
701 1336 881 1386 deum.

675 1483 852 1535 37-40.
897 1482 1092 1532 Tantali
1137 1480 1323 1546 Genus]
1371 1480 1625 1545 Pelopem
1639 1520 1652 1545 ,

607 1560 847 1617 Atreum,
881 1558 1355 1619 Agamemnonem,
1390 1556 1650 1606 Orestem.

614 1660 669 1669 —
716 1631 1035 1681 Infinitivum
1081 1630 1249 1679 levare
1289 1626 1480 1680 melius
1522 1644 1658 1681 con-

608 1707 783 1756 strues
816 1718 940 1755 eum
973 1704 1247 1767 participio
1273 1704 1485 1753 Vocatus
1507 1705 1657 1767 (nvo-

609 1783 783 1841 catuS,
820 1782 880 1829 ut
911 1778 1099 1841 levet»)
1135 1790 1295 1841 quam
1333 1778 1502 1828 levare
1522 1804 1552 1815 -
1573 1806 1604 1817 -
1625 1806 1655 1817 -

609 1855 768 1903 audit.
808 1852 1029 1916 (Lamb.)
1071 1879 1126 1888 —
1160 1852 1440 1915 finctum-
1462 1852 1656 1902 labori-

609 1927 712 1991 bus]
750 1927 1026 1991 Euripides
1060 1928 1112 1976 in
1142 1925 1476 1989 Cresphonte
1510 1926 1655 1991 apud

609 2002 718 2052 Cic.
756 2003 910 2051 Tusc.
950 2002 1005 2062 ⁴,
1043 2000 1139 2061 48,
1178 2000 1301 2050 4⁴8:
1344 2001 1431 2061 qm·
1462 2000 1657 2050 labores

605 2081 767 2126 morto
778 2076 966 2139 finisset
979 2088 1176 2138 prave&
1197 2099 1252 2110 —
1281 2076 1493 2124 Vocatus
1505 2080 1658 2135 atque

607 2151 948 2214 nonvocatus]
982 2147 1134 2212 Apud
1170 2148 1409 2210 Thucyd.
1445 2150 1501 2210 ⁴,
1537 2149 1652 2198 ⁴48.

607 2218 786 2286 αὐτὸς
834 2221 1049 2287 (Apollo)
1090 2216 1208 2288 ἔφη
1252 2218 1657 2287 ξυλλήψεσθαι

608 2298 707 2350 καὶ
728 2293 1243 2362 παρακαλούμενος
1268 2297 1368 2347 καὶ
1383 2291 1654 2362 ἄκλητος.

614 2399 669 2408 -
694 2371 855 2434 audit]
888 2372 1105 2435 Proprie
1126 2372 1336 2422 exaudit
1357 2383 1483 2421 eum
1506 2371 1660 2422 dum-

1728 1184 1920 1249 logiam
1955 1187 2095 1238 hanc
2130 1191 2391 1240 contraxit
2422 1194 2740 1244 sententiam
2766 1209 2777 1241 ε

1732 1262 2040 1324 «pauperis,
2094 1264 2185 1326 qui
2236 1265 2287 1313 in
2333 1264 2438 1315 hac
2472 1267 2578 1315 vita
2614 1267 2781 1318 multa

1727 1333 1866 1384 mala
1889 1347 2179 1398 perpessus
2201 1340 2284 1387 est
2303 1377 2314 1399 ,
2353 1340 2642 1390 miseretur
2663 1342 2778 1391 sive

1726 1406 1796 1457 ab
1835 1421 1901 1457 eo
1938 1410 2243 1472 invocatus,
2282 1413 2395 1462 sive
2431 1426 2537 1463 non
2563 1416 2781 1464 invoca-

1726 1484 1843 1543 tus,
1892 1496 2125 1547 eumque
2161 1483 2354 1535 levat.»
2422 1488 2636 1539 Minime
2681 1502 2782 1538 au-

1726 1557 1868 1617 tem,
1916 1559 1976 1607 ut
2014 1556 2182 1609 voluit
2213 1573 2482 1611 nonnemo
2503 1601 2516 1623 ,
2555 1566 2638 1613 est
2670 1557 2778 1613 οἷν-

1725 1629 1945 1693 τιθεσις
2001 1632 2140 1682 inter
2198 1634 2461 1685 Tantalum
2519 1637 2740 1700 impium
2762 1675 2776 1698 ,

1724 1701 2047 1767 locupletem
2081 1719 2145 1756 ac
2186 1710 2493 1771 potentem,
2546 1713 2601 1760 et
2638 1725 2779 1773 pau-

1716 1792 1919 1840 perem,
1987 1780 2344 1833 innocentem.
2441 1784 2591 1845 (Huic
2650 1798 2780 1835 suc-

1727 1854 1892 1903 currit
1937 1866 2109 1915 mors,
2167 1855 2313 1906 illum
2358 1857 2534 1907 redire
2580 1857 2775 1909 frustra

1727 1928 2032 1990 cupientem
2078 1931 2309 1980 aeternis
2366 1930 2588 1981 vinculis
2644 1933 2775 1981 reti-

1726 2002 1821 2051 net
1851 2014 1916 2050 ac
1948 2003 2134 2064 punit.)
2184 2002 2407 2054 «Alludit
2436 2006 2680 2055 Horatius
2705 2005 2775 2055 ad

1729 2075 2060 2125 notissimam
2095 2075 2343 2128 fabellam
2377 2078 2446 2128 de
2480 2091 2610 2128 sene
2634 2080 2778 2129 Mor-

1728 2153 1840 2200 tem
1873 2152 2179 2214 invocante,
2216 2155 2276 2203 ut
2299 2152 2398 2204 sibi
2424 2167 2561 2205 onus
2583 2152 2776 2204 levet.»

1729 2224 1894 2274 ΗΑιιι.
1932 2223 2173 2276 Fabellae
2208 2229 2385 2277 tamen
2422 2228 2586 2291 ipsius
2610 2230 2780 2278 Aeso-

1729 2301 1849 2362 piae
1900 2298 1996 2349 Ed.
2052 2301 2174 2349 Cor.
2228 2303 2310 2351 20.
2363 2314 2417 2365 p.
2456 2302 2537 2352 ⁴3.
2585 2313 2777 2353 sensus

1727 2370 1887 2436 plane
1922 2375 2007 2424 est
2038 2373 2301 2426 diversum

1523 3199 1893 3207 ἒ
