3234 4975
654 392 774 456 432

1418 397 1672 449 HoRATn
1710 397 2045 451 CARMINUM

1352 803 1821 866 cm
1884 804 2068 867 xv-

906 971 1077 1039 Uxor
1118 973 1423 1060 pauperis
1468 972 1648 1060 Ibyci
1674 1026 1686 1050 ,

990 1092 1269 1160 Tandem
1314 1094 1640 1181 nequitiae
1681 1092 1807 1182 fige
1851 1095 2113 1162 modum
2159 1107 2306 1163 tuae
2349 1124 2353 1128 Α

906 1214 1328 1303 Famosisque
1370 1213 1733 1282 laboribus:

991 1336 1237 1402 Maturo
1279 1337 1545 1424 propior
1588 1336 1814 1405 desine
1861 1338 2066 1404 funeri

908 1496 1078 1562 Inter
1117 1493 1344 1562 ludere
1387 1496 1669 1583 virgines

991 1616 1066 1681 Et
1109 1613 1307 1681 stellis
1353 1615 1650 1683 nebulam
1696 1637 2003 1706 spargere
2049 1619 2360 1686 candidis.

785 1758 890 1807 XV.
929 1760 1092 1809 Inscr.
1129 1756 1266 1821 volg.
1317 1759 1375 1807 In
1409 1758 1625 1809 ΟΙιὶοήη.
1670 1784 1723 1793 -
1780 1761 1856 1812 Λᾶ
1887 1760 2164 1812 Chloridem
2196 1761 2401 1813 BbSTe.
2444 1789 2500 1799 -—
2555 1764 2601 1813 2.
2635 1765 2750 1829 Me]

714 1846 843 1894 pone
874 1831 971 1891 bT,
1006 1844 1145 1883 unus
1179 1834 1421 1896 Cruquii,
1459 1835 1568 1887 tre's
1605 1838 1852 1890 Pottierii.
1894 1838 2016 1899 (non
2049 1837 2195 1901 BSc.)

719 1953 823 2003 XV.
904 1953 1181 2003 Moecham
1236 1953 1468 2007 vetulam
1534 1961 1694 2012 etiam

598 2062 601 2065 2
653 2030 872 2091 propter
902 2027 1016 2077 eius
1050 2027 1279 2091 inopiam
1303 2031 1484 2082 iocose
1513 2034 1697 2084 tradu-

655 2104 742 2153 cit.
780 2103 841 2154 Ut
861 2103 1073 2166 tempus
1104 2105 1500 2166 compositionis
1535 2108 1695 2172 (quod

652 2175 836 2226 volunt
872 2189 994 2227 esse
1027 2175 1112 2227 alii
1151 2191 1200 2227 a.
1234 2177 1375 2241 732..
1413 2179 1497 2230 alii
1530 2182 1694 2246 735.),

654 2251 732 2303 sic
766 2252 1068 2314 ignoramus
1090 2290 1102 2313 ‚
1155 2255 1335 2303 utrum
1386 2253 1592 2309 Chloris
1644 2259 1698 2307 et

654 2326 848 2377 Pholoe
880 2338 1143 2391 personae
1177 2328 1281 2379 sint
1314 2328 1496 2393 fictae,
1533 2344 1600 2381 an
1637 2345 1696 2382 re

653 2413 780 2451 vera
830 2400 1033 2452 Chloris
1056 2439 1068 2463 ,
1126 2405 1416 2467 antequam
1470 2405 1700 2456 nuberet

653 2474 855 2526 homini
876 2476 1020 2526 tenui
1037 2514 1049 2538 ‚
1086 2491 1248 2541 quem
1273 2477 1495 2542 Ibycum
1520 2481 1698 2532 nomi-

653 2552 770 2611 nat,
795 2553 1026 2615 poetam,
1051 2550 1263 2603 ultionis
1284 2553 1430 2604 haud
1451 2553 1693 2619 oblitum,

652 2625 934 2690 aliquando
968 2626 1162 2677 acriter
1193 2626 1489 2679 offenderit.

719 2702 767 2751 4.
820 2700 1085 2765 pauper-is]
1164 2702 1279 2751 Non
1336 2703 1574 2753 «honesti
1633 2717 1696 2753 ac

655 2776 827 2825 tenuis
841 2793 866 2820 n
886 2812 898 2835 ,
936 2777 995 2825 ut
1016 2775 1088 2826 ait
1108 2774 1281 2825 Schol.
1306 2813 1318 2838 ,
1356 2775 1456 2827 sed
1477 2780 1699 2842 propter

654 2848 826 2899 mariti
877 2862 1091 2913 quoque
1135 2851 1530 2913 paupertatem,
1590 2865 1698 2902 non

654 2922 824 2974 solum
874 2926 1093 2986 propter
1142 2925 1373 2974 aetatem
1408 2925 1702 2976 modestior

657 2996 873 3046 tandem
905 2997 999 3048 fiat
1031 2999 1192 3061 optat.

719 3071 751 3120 Ξ
767 3097 797 3107 -
813 3069 861 3121 4.
888 3070 1153 3135 nequitiae]
1180 3071 1410 3122 «effusae
1444 3071 1698 3125 libidini.»

657 3144 803 3194 Ovid.
830 3146 889 3194 A.
916 3146 976 3193 Α.
1002 3145 1062 3206 2,
1097 3144 1223 3194 392:
1259 3146 1365 3195 Nec
1393 3146 1491 3196 sint
1522 3148 1702 3210 noqaeai-

658 3218 759 3268 tiae
781 3217 1129 3283 (concubitus)
1154 3224 1381 3281 tempora
1401 3227 1542 3272 corta
1563 3227 1698 3272 mae.

662 3321 716 3331 —
755 3294 929 3357 Fiaere
958 3295 1162 3344 modam
1193 3307 1291 3358 pro
1326 3296 1699 3360 «constituere,

655 3380 896 3434 ponere»
932 3368 1058 3419 dixit
1091 3369 1252 3419 etiam
1288 3370 1397 3420 Cic.
1433 3368 1621 3421 Parad.
1648 3369 1698 3431 3,

654 3445 704 3494 2.
741 3442 890 3509 (Pone
912 3443 1077 3494 Codd.
1105 3442 1226 3507 aliq.
1255 3445 1339 3493 est
1372 3457 1402 3493 e
1436 3442 1615 3509 gloss.)
1639 3470 1694 3480 —

654 3518 928 3584 laboribus]
987 3519 1332 3569 «meretriciis
1366 3518 1568 3570 artibus
1601 3518 1698 3570 tibi

656 3595 755 3659 ipsi
798 3593 1068 3658 paullatim
1110 3595 1411 3645 senescenti
1462 3593 1702 3645 molestis

657 3671 711 3719 et
744 3668 811 3719 ab
847 3667 1095 3720 omnibus
1129 3670 1234 3719 iam
1269 3667 1405 3718 mala
1440 3668 1577 3718 fama
1602 3682 1703 3718 no-

657 3744 828 3793 tatis»
859 3772 911 3780 —
942 3743 1163 3807 Maturo]
1201 3742 1454 3792 «iamiam
1487 3742 1584 3792 tibi
1615 3743 1701 3793 in·-

657 3818 865 3868 stanti.»
888 3844 941 3854 -
960 3816 1144 3881 funem]
1162 3816 1452 3867 Nicarchus
1471 3817 1522 3866 in
1538 3817 1695 3867 Anth.

658 3890 762 3940 Pal.
802 3893 861 3940 11.
900 3906 952 3956 p.
989 3891 1111 3943 342:
1134 3885 1399 3957 ΓἬκμασε
1420 3886 1695 3957 Νικονόη.

658 3958 815 4030 κᾶγώ
871 3963 1031 4031 λέγω.
1108 3959 1337 4031 ἤκμασε
1405 3963 1454 4015 δ’
1512 3958 1661 4031 αὐτή
1682 4002 1697 4028 ,

652 4035 849 4091 Ἡνίκα
897 4039 1223 4092 Δευκαλίων
1272 4036 1522 4091 ἄπλετον
1556 4036 1702 4091 εἶδεν

659 4109 827 4186 ὕδωρ.
888 4112 1078 4166 Ταῦτα
1109 4114 1218 4180 μὲν
1251 4107 1357 4167 οὖν
1389 4110 1559 4182 ἡμεῖς
1593 4110 1702 4167 οὐκ

659 4187 920 4258 οἴδαμξν,
955 4183 1074 4241 ἀλλ’
1112 4184 1201 4239 ὅτι
1227 4187 1442 4256 ταύτην
1465 4184 1585 4242 Οὔκ
1605 4184 1703 4240 ἄν·

657 4262 764 4336 ὅρα
796 4268 981 4330 ζητεῖν
1002 4260 1105 4314 νῦν
1138 4255 1251 4314 ἔδει
1272 4301 1286 4324 ,
1323 4259 1469 4314 ἀλλὰ
1490 4262 1696 4327 τάφον.

1831 1960 1861 2008 5
1885 1984 1913 1994 -
1936 1958 1984 2007 7.
2021 1957 2206 2023 ludere]
2245 1957 2568 2011 «lascivire»
2595 1958 2817 2010 Publius

1767 2033 1931 2094 syrus
1966 2031 2065 2082 49:
2122 2031 2260 2082 Anus
2300 2046 2415 2083 eum
2456 2033 2614 2095 ludit,
2666 2034 2820 2083 morti

1768 2106 1969 2156 delicias
1997 2106 2140 2168 facit.
2172 2134 2227 2142 —-
2262 2107 2329 2157 Et
2358 2106 2525 2170 stellis]
2561 2109 2732 2157 «Dum
2756 2109 2813 2157 tu

1766 2179 1927 2231 filiam
1960 2181 2207 2231 comitata
2241 2184 2294 2231 te
2328 2182 2602 2231 immisces
2625 2179 2817 2245 puellis

1766 2257 1940 2305 aetate
1975 2254 2319 2316 florentibus,
2366 2268 2552 2306 earum
2587 2255 2815 2305 nitorem

1767 2330 1836 2380 ita
1882 2328 2171 2380 obscurare
2214 2328 2382 2392 soles,
2436 2332 2495 2380 ut
2531 2342 2598 2379 ne
2633 2330 2686 2380 in
2719 2328 2818 2381 illis

1765 2404 1982 2468 quidem
2007 2401 2429 2468 contemplandis
2450 2402 2679 2455 libenter
2710 2405 2817 2455 im-

1765 2491 2090 2530 moremur.»
2129 2505 2184 2515 —
2242 2477 2480 2543 Pholoen]
2534 2479 2709 2540 «Non,
2769 2479 2816 2529 si

1765 2553 1893 2618 quid
1925 2550 2089 2602 filiam
2121 2553 2268 2603 tuam
2302 2553 2483 2610 decet,
2520 2553 2666 2604 idem
2687 2566 2818 2619 pro-

1764 2630 1948 2692 pterea
1970 2628 2023 2678 in
2045 2628 2100 2677 te
2119 2639 2332 2691 quoque
2350 2626 2565 2692 placere
2581 2628 2809 2692 potest.»

1764 2700 1971 2753 Acerbe
2021 2702 2176 2752 matri
2227 2702 2351 2752 anui
2401 2700 2564 2753 filiam
2611 2701 2814 2753 formo-

1766 2788 1883 2827 sam
1925 2776 2158 2841 opponit.
2228 2775 2431 2826 Eodem
2474 2779 2656 2827 autem
2686 2775 2815 2826 Ptoo-

1765 2852 1868 2901 loe's
1914 2851 2130 2901 nomine
2181 2851 2343 2901 utitur
2392 2850 2488 2902 Od.
2539 2852 2596 2911 4,
2633 2849 2725 2911 33,
2762 2850 2812 2899 7.

1768 2926 1865 2976 Od.
1901 2927 1933 2975 2
1951 2962 1964 2985 ,
2001 2925 2058 2986 5,
2098 2924 2177 2974 ⁴7.

1832 3001 1882 3051 9.
1917 2999 2210 3064 Expuqnat]
2247 2998 2462 3064 Proprie
2488 2997 2721 3063 intelligo
2745 2998 2815 3049 de

1769 3074 2112 3125 meretricum
2134 3072 2486 3137 petulantium
2510 3074 2820 3125 commissa-

1768 3147 1999 3200 tionibus
2044 3147 2144 3197 ioci
2192 3160 2353 3198 causa
2399 3146 2468 3197 ad
2499 3145 2817 3199 adolescen—

1770 3224 1901 3275 tium
1949 3222 2092 3273 fores
2142 3223 2214 3272 ita
2248 3222 2423 3274 ductis
2444 3261 2456 3284 ‚
2512 3223 2571 3273 ut
2602 3221 2730 3274 alias
2761 3223 2819 3273 hi

1770 3296 2013 3349 solebant
2063 3297 2357 3349 amicarum
2405 3299 2592 3348 ianuas
2636 3296 2819 3347 effrin-

1770 3385 1916 3436 gere.
1953 3371 2050 3423 Alii
2076 3370 2324 3436 figurate:
2365 3369 2625 3423 «Mulieris
2649 3371 2817 3422 forma

1770 3446 1998 3498 telorum
2031 3446 2197 3498 instar
2226 3446 2368 3501 viros
2404 3447 2565 3497 etiam
2597 3445 2820 3496 fortissi-

1771 3535 1889 3572 mos
1910 3522 2115 3572 sauciat
2134 3521 2294 3584 atque
2317 3518 2652 3571 labefactat.»
2710 3520 2818 3570 Sed

1771 3595 1895 3647 illud
1913 3596 2067 3659 longe
2086 3594 2354 3646 efficacius
2372 3597 2428 3645 et
2444 3593 2514 3645 ad
2533 3593 2668 3646 illius
2683 3597 2819 3646 tem-

1769 3673 1913 3735 poris
1924 3683 2103 3722 mores
2117 3669 2592 3721 accommodatius.
2614 3671 2817 3720 Seneca

1771 3745 1940 3797 Praei.
1986 3745 2054 3795 ad
2087 3747 2203 3796 Nat.
2242 3746 2455 3806 Quaest.
2492 3744 2554 3796 4:
2615 3745 2820 3807 Crispus

1770 3820 2026 3870 Passienus
2070 3832 2216 3882 saepe
2269 3818 2484 3881 dicebat,
2537 3819 2820 3869 adulationi

1770 3909 1862 3945 nos
1892 3907 2165 3957 opponere,
2220 3908 2323 3944 non
2355 3894 2588 3945 claudere
2619 3895 2816 3956 ostium,

1771 3974 1818 4019 οι
1854 3969 2050 4031 quidem
2083 3969 2155 4018 sic
2185 3968 2600 4030 quemadmodwn
2636 3967 2821 4031 opponi

1771 4045 1965 4094 amicae
1983 4044 2130 4106 solet,
2156 4057 2310 4106 quae,
2345 4044 2389 4093 si
2409 4043 2634 4107 inmittit,
2664 4047 2821 4108 qrata

1771 4123 1865 4178 est,
1900 4118 2099 4182 qratia»-
2119 4156 2131 4179 ,
2167 4120 2211 4168 si
2242 4118 2455 4182 effreyit.

1838 4193 1916 4242 40.
1979 4192 2181 4257 Mas]
2239 4192 2394 4243 Hom.
2441 4193 2635 4255 Hymn.
2691 4192 2813 4241 Cer.

1772 4265 1897 4317 387:
1935 4259 2080 4330 ’Ἦῖξ
2105 4260 2245 4332 ἠΰτε
2266 4262 2482 4332 μαινὰς
2505 4259 2643 4337 ὄρος
2665 4259 2816 4315 κατὰ
