3234 4975
1264 413 1381 463 Lm.
1431 414 1467 462 Ι.

1538 413 1594 463 c.
1635 414 1716 463 lx.
2490 411 2560 477 fil

1151 772 1830 836 cmm

826 942 1049 1018 Vides,
1097 953 1169 1007 ut
1212 940 1337 1008 alta
1383 951 1508 1009 stet
1548 943 1695 1009 nive
1738 943 2086 1011 candidum

836 1064 1130 1140 Soracte,
1177 1083 1299 1132 nec
1341 1062 1469 1130 iam
1521 1064 1877 1132 sustineant
1916 1086 2081 1132 onus

538 1262 620 1311 [Χ.
685 1263 850 1311 Inscr.
887 1260 1022 1325 volg.
1091 1262 1168 1312 Aa
1201 1262 1563 1314 Malim-chum.
1634 1264 1750 1314 Om.
1788 1264 1879 1314 S‘r.
1923 1291 1977 1301 —
2018 1266 2064 1314 4.
2098 1266 2340 1317 candidus
2377 1268 2502 1320 Mal-

472 1334 571 1387 lius
605 1335 915 1388 Theodorus
945 1350 999 1400 p.
1037 1337 1151 1387 539.
1189 1337 1345 1389 Gaisf.

472 1512 555 1563 IX.
600 1514 678 1563 De
710 1513 868 1562 huius
889 1514 1138 1564 carminis
1161 1527 1448 1577 argumen-

1522 1515 1647 1577 Lyr.
1671 1529 1737 1579 «ρ.
1776 1515 1897 1566 578:
1941 1508 2059 1568 “Yet
2089 1516 2200 1583 μὲν
2234 1513 2269 1568 ὁ
2302 1519 2460 1584 Ζεύς,
2496 1520 2562 1574 ἐκ

406 1588 461 1637 to
497 1588 565 1636 ita
589 1587 819 1651 disputat
842 1586 1234 1651 Dillenburger:
1272 1591 1348 1639 «A
1369 1590 1450 1639 Ia-
1519 1586 1567 1638 δ’
1620 1584 1810 1660 ὀρανῶ·
1852 1590 2034 1657 μέγας
2075 1592 2338 1658 Χείμων,
2384 1593 2565 1647 πεπά-

408 1661 589 1712 cobsio
627 1662 772 1726 (Opp,
811 1662 867 1712 T.
904 1662 966 1711 V.
1004 1675 1054 1726 p.
1083 1663 1214 1725 378.)
1252 1663 1323 1713 ita
1346 1676 1446 1726 ego

406 1735 685 1796 dissentio,
720 1739 779 1785 ut
810 1748 917 1786 non
952 1735 1172 1786 credam
1205 1738 1381 1801 parari
1414 1749 1447 1787 a

403 1812 561 1874 poeta
596 1823 837 1870 coenam,
877 1810 973 1861 sed
990 1811 1097 1861 iam
1120 1811 1447 1861 accumben—

404 1888 488 1935 tes
520 1883 731 1935 videam
766 1883 975 1936 sodales
1014 1886 1125 1935 sive
1162 1885 1302 1949 apud
1337 1886 1447 1936 Ho-

406 1960 600 2010 ratium
633 1960 744 2009 sive
779 1958 922 2023 apud
957 1957 1117 2009 alium
1152 1973 1217 2009 ex
1241 1960 1441 2010 amicis.

405 2036 709 2097 Magistrum
740 2034 895 2096 igitur
929 2035 1153 2084 convivii
1190 2036 1203 2099 (

405 2124 531 2169 χον,
557 2110 1015 2179 συμποσίαρχον)
1043 2108 1298 2161 allocutus
1318 2115 1447 2174 poe-

404 2186 456 2233 ta
506 2184 792 2245 admonet,
846 2187 907 2235 ut
955 2185 1151 2248 quibus
1191 2184 1357 2235 rebus
1392 2185 1445 2235 in

401 2261 547 2308 tanto
605 2258 823 2321 frigore,
883 2271 990 2322 quo
1040 2261 1213 2311 omnis
1263 2273 1445 2310 rerum

402 2335 590 2383 natura
640 2335 910 2383 contracta
960 2335 1158 2398 rigeat,
1211 2336 1443 2385 maxime

403 2421 536 2471 opus
588 2420 709 2459 esse
756 2408 1023 2471 videatur,
1069 2411 1132 2461 iis
1184 2412 1444 2460 maiorem

404 2496 586 2533 curam
620 2481 893 2545 adhibeat,
931 2482 1130 2535 scilicet
1152 2486 1298 2549 igne,
1336 2498 1443 2549 quo

403 2559 754 2620 extrinsecus,
792 2562 847 2609 et
878 2561 1016 2620 vinc,
1055 2574 1162 2625 quo
1194 2562 1444 2611 intrinse-

404 2645 498 2683 cus
532 2632 676 2683 calor
705 2635 872 2697 possit
904 2636 1111 2698 augeri,
1157 2634 1350 2685 deinde
1383 2636 1443 2683 ut

404 2711 582 2757 cetera
657 2707 792 2758 divis
872 2710 1212 2773 permittat.»
1316 2709 1442 2760 Aliis

406 2783 724 2832 stultat-chus
770 2796 967 2834 nomen
1007 2784 1219 2835 videtur
1258 2783 1441 2834 fictum

402 2855 754 2908 adolescentis
803 2858 1020 2910 formosi
1079 2859 1154 2921 (ut
1199 2860 1443 2909 Xanthia-s

402 2930 484 2981 ille
514 2931 772 2996 Phoceus),
819 2945 980 2995 quem
1023 2933 1091 2984 ad
1130 2931 1329 2983 laetum
1359 2935 1442 2983 vi-

402 3008 486 3057 tae
519 3018 678 3056 usum
712 3006 1035 3057 exhortetur.
1095 3008 1247 3068 Quod
1269 3007 1440 3057 Ober—

400 3080 488 3131 lini
524 3080 690 3130 Codd.
726 3093 953 3144 puerum
976 3081 1119 3132 hunc
1137 3083 1440 3146 speciosum

400 3155 646 3207 libertum
698 3155 859 3206 fuisse
902 3155 1141 3217 tradunt,
1187 3157 1242 3207 id
1282 3157 1438 3206 unice

398 3231 615 3294 propter
665 3231 921 3281 Graecam
972 3232 1085 3282 eius
1132 3230 1442 3296 appellatio-

399 3318 523 3355 nem
572 3318 694 3355 esse
745 3305 945 3355 factum
992 3306 1219 3357 videtur.
1304 3305 1440 3356 Nihil

398 3381 576 3429 autem
609 3380 662 3428 in
696 3380 810 3443 ipso
844 3381 1078 3430 carmine
1103 3382 1257 3443 inest,
1296 3381 1440 3445 quod

399 3467 494 3504 nos
562 3467 686 3503 cum
742 3454 1119 3517 interpretibus
1174 3455 1438 3508 nonnullis

397 3530 629 3578 statuere
681 3530 860 3591 cogat,
907 3529 1020 3580 eius
1045 3531 1196 3592 quasi
1218 3543 1438 3581 scenam

395 3603 449 3652 in
483 3602 833 3671 adolescentis
868 3602 1015 3663 villa,
1068 3616 1175 3655 non
1215 3606 1267 3655 in
1301 3605 1436 3655 urbe

395 3678 559 3728 Roma
627 3692 657 3727 a
713 3679 870 3741 poeta
928 3676 1238 3729 collocatam
1295 3692 1432 3731 esse.

396 3752 624 3816 Tempus
668 3764 774 3815 quo
820 3751 922 3803 boc
962 3765 1181 3803 carmen
1216 3766 1439 3818 compo-

396 3827 523 3886 suit,
576 3827 840 3876 incertum
893 3830 989 3877 est.
1061 3827 1343 3878 Grotefend
1384 3830 1440 3879 et

396 3900 743 3951 Walckenaer
793 3901 1030 3951 referunt
1077 3901 1146 3951 ad
1196 3916 1244 3952 a.
1292 3916 1344 3952 u.
1383 3916 1430 3952 c.

394 3974 491 4025 724
523 3974 605 4025 vel
639 3976 764 4036 725,
820 3976 1076 4027 Kirchner
1119 3976 1188 4026 ad
1231 3991 1279 4027 a.
1317 3978 1431 4037 727,

392 4046 759 4113 Dillenburger
807 4050 950 4101 haud
993 4052 1061 4100 ita
1106 4049 1273 4101 multo
1316 4053 1438 4115 post

392 4122 781 4186 Philippensem
846 4138 1096 4188 pugnam.
1184 4126 1435 4176 Ceterum

394 4197 624 4248 imitatus
659 4200 742 4248 est
773 4197 1026 4249 Alcaeum
1060 4198 1199 4263 apud
1241 4200 1431 4250 Athen.

394 4272 471 4319 ⁴⁰.
508 4285 561 4336 p.
588 4270 702 4323 430.
745 4273 813 4336 (p.
838 4273 951 4323 95⁴.
978 4273 1153 4337 Dind.)
1191 4277 1244 4324 et
1264 4274 1434 4335 Bergk

1519 1680 1690 1731 γασιν
1721 1663 1770 1715 δ’
1804 1659 2027 1716 ὖδάτων
2059 1661 2211 1737 ῥοαί.
2259 1666 2565 1731 Κάββαλλε

1518 1736 1622 1790 τὸν
1653 1742 1906 1806 χεὶμων,
1942 1740 2036 1793 ἐπὶ
2066 1742 2176 1808 μὲν
2207 1745 2386 1809 τιθεις
2413 1745 2560 1820 Πῦρ,

1518 1813 1581 1865 ἐν
1612 1813 1676 1866 δὲ
1708 1816 1931 1887 κέρναις
1953 1812 2114 1867 οἶνον
2136 1811 2417 1883 ἀφειδέως
2446 1821 2564 1874 Μέ-

1518 1888 1736 1960 λιχρον,
1772 1885 1956 1961 αὐτὰρ
1988 1886 2148 1957 ἀμφὶ
2179 1890 2369 1966 κόρσᾳ
2401 1896 2563 1947 Μαλ-

1516 1960 1706 2014 θακὸν
1792 1960 2120 2033 ἀμφιῂίθη]
2209 1966 2558 2035 γνόφαλλον.

1519 2041 1632 2098 Qua
1683 2053 1750 2090 ex
1799 2041 2088 2091 imitatione
2144 2043 2256 2106 ipsa
2311 2045 2562 2108 equidem

1518 2111 1704 2176 colligo
1763 2115 1934 2164 totum
2001 2120 2372 2179 argumentum
2441 2135 2561 2172 esse

1517 2186 1771 2238 ficticium
1836 2201 1899 2238 ac
1965 2187 2164 2241 liberae
2235 2196 2563 2259 φαντασίας

1517 2261 1721 2324 ludum.

1585 2337 1631 2385 4.
1684 2336 1791 2401 stet]
1845 2340 1948 2387 Per
1997 2340 2256 2390 aestatem
2307 2342 2359 2391 in
2411 2342 2561 2394 caelo

1514 2408 1694 2460 Italico
1728 2414 1940 2462 montes
1982 2409 2374 2477 longinquiores
2407 2419 2561 2480 quasi

1515 2499 1614 2550 per
1648 2483 1898 2537 nebulam
1922 2499 1985 2537 ac
2001 2500 2255 2552 vaporem
2280 2495 2556 2555 apparent,

1516 2560 1699 2611 formis
1742 2559 2039 2613 obscuratis
2089 2576 2153 2612 ac
2194 2576 2361 2628 prope
2408 2570 2559 2617 exte-

1515 2635 1715 2693 nuatis3
1769 2635 1948 2684 hieme
1981 2648 2111 2685 vero
2143 2641 2308 2697 stant,
2362 2639 2418 2689 id
2456 2643 2555 2702 est,

1515 2710 1635 2759 nive
1671 2722 1795 2759 cum
1827 2710 2065 2772 rigeant,
2118 2712 2214 2761 toti
2257 2713 2394 2763 nivei
2433 2716 2555 2777 sint,

1516 2782 1657 2833 clare
1709 2784 2118 2847 conspiciuntur.
2188 2785 2338 2835 Stare
2379 2790 2558 2840 autem

1514 2871 1677 2921 saepe
1729 2857 1797 2908 de
1847 2871 1907 2907 re
1958 2857 2172 2909 horrida
2231 2862 2323 2910 aut
2371 2862 2553 2925 rigida.

1513 2930 1766 2995 Exempla
1815 2932 2093 2995 virgiliana
2139 2932 2346 2998 collegit
2393 2938 2558 3002 Wag-

1514 3019 1614 3056 ner
1645 3005 1713 3056 ad
1747 3004 1922 3069 Eclog.
1960 3007 2009 3067 7,
2047 3007 2127 3058 53.
2163 3010 2313 3060 Stant
2342 3017 2389 3061 ot
2419 3012 2561 3062 iuni-

1507 3083 1621 3143 pori
1653 3086 1700 3130 et
1720 3086 1983 3131 castaneae
2002 3082 2236 3133 hirsutae.
2275 3086 2351 3134 De
2375 3089 2556 3138 monte

1514 3159 1574 3207 ut
1621 3158 1708 3207 hic
1755 3158 1985 3221 positum
2039 3160 2121 3208 est
2160 3162 2290 3210 Aen.
2338 3162 2385 3220 6,
2429 3161 2552 3213 47⁴:

1516 3232 1680 3293 Quam
1711 3232 1754 3280 si
1787 3232 1920 3281 dura
1949 3232 2076 3282 silem
2107 3238 2199 3282 aut
2228 3239 2320 3284 stet
2347 3237 2558 3298 Mame-

1512 3306 1795 3355 siacautes.
1835 3307 1915 3366 42,
1943 3305 2063 3357 407:
2098 3309 2558 3369 statpulvorocao-

1512 3381 1642 3441 lum,
1698 3380 1864 3443 «riget
1908 3379 2128 3443 pulvere
2178 3383 2288 3433 sive
2337 3382 2556 3447 plenum

1514 3457 1597 3506 est
1653 3453 1871 3518 pulvere
1928 3456 2081 3518 quasi
2135 3456 2391 3507 immobili
2454 3471 2556 3508 nec

1512 3542 1699 3580 rursus
1734 3529 2074 3581 desidente.»
2138 3531 2323 3581 WAou.
2369 3532 2423 3581 in
2456 3533 2551 3582 Ed.

1513 3605 1640 3653 min.
1732 3603 1998 3655 Audacius
2049 3605 2234 3667 etiam,
2293 3606 2353 3654 ut
2401 3605 2552 3667 solet,

1510 3679 1754 3728 Lucanus
1808 3680 1858 3737 2,
1919 3678 2038 3729 ⁴03:
2109 3679 2224 3728 Stat
2286 3692 2440 3729 cruor
2501 3682 2558 3730 in

1510 3752 1718 3814 templis.

1576 3828 1627 3877 2.
1687 3828 1896 3876 Soracte
1928 3840 2083 3878 mons
2118 3828 2236 3879 MM.
2272 3826 2443 3892 pedes
2475 3827 2557 3877 al-

1510 3904 1596 3952 tus
1631 3902 1684 3951 in
1720 3901 1913 3952 finibus
1957 3901 2304 3964 Faliscorum,
2348 3905 2403 3953 in
2446 3916 2554 3966 quo

1508 3974 1691 4038 Apollo
1754 3974 2030 4025 colebatur
2081 3977 2225 4039 (Aen.
2286 3978 2339 4025 Η
2366 4015 2379 4038 ,
2426 3978 2549 4027 785:

1508 4050 1712 4099 Summo
1757 4051 1929 4110 down,
1980 4053 2141 4100 sancti
2188 4056 2351 4101 custos
2391 4051 2554 4101 Sora-

1508 4126 1600 4175 ctis
1640 4124 1833 4189 Apollo)
1867 4123 2002 4174 ultra
2048 4127 2221 4176 XXIV.
2259 4124 2367 4175 mil.
2402 4138 2548 4189 pass.

1510 4198 1578 4248 ab
1615 4198 1781 4259 Urbe,
1829 4197 1927 4249 sed
1961 4213 2026 4248 ex
2062 4212 2124 4249 ea
2169 4200 2240 4263 (in
2274 4212 2406 4263 qua,
2445 4212 2550 4249 non

1510 4274 1637 4333 ruri,
1675 4285 1836 4323 scena
1871 4273 2119 4323 carminis
2141 4273 2365 4335 fingitur)
2399 4270 2550 4321 facile
