3234 4975
641 405 765 469 398

1397 405 1657 456 HORATII
1691 405 2029 457 CARMJNUM

1315 559 1594 628 Consule
1639 558 1835 626 Tullo.

980 720 1207 795 Sume,
1255 718 1626 795 Maecenas,
1675 716 1945 807 cyathos
1992 717 2178 784 amici

978 839 1250 927 Sospitis
1296 849 1553 906 centum
1599 849 1664 904 et
1707 837 1934 925 vigiles
1977 837 2275 905 lucernas

979 960 1200 1027 Perfer
1242 961 1306 1024 in
1350 958 1592 1026 lucem:
1643 957 1868 1046 procul
1913 960 2121 1024 omnis
2167 970 2307 1026 esto
2732 959 2812 1024 ‚15

1319 1080 1578 1148 Clamor
1619 1090 1685 1146 et
1726 1080 1840 1145 ira.

774 1274 852 1324 45.
888 1273 1064 1336 Profer
1096 1273 1162 1331 T,
1199 1285 1285 1319 κν.
1359 1271 1437 1332 (Ut
1471 1281 1597 1328 noe,
1637 1267 1787 1318 BbSe
1823 1272 1877 1318 et
1911 1269 2075 1319 ceteri
2110 1268 2369 1331 Bentleii.)

642 1433 847 1482 fumum
896 1429 1083 1481 bibere
1137 1427 1369 1478 didicit.»
1412 1453 1465 1462 -
1532 1426 1685 1488 Tullo]
1763 1426 1810 1475 9.
1858 1426 2080 1475 Theocr.
2119 1426 2181 1486 2,
2221 1425 2344 1474 ⁴5⁴:
2402 1422 2583 1476 τόσον
2624 1417 2812 1477 οὕνεκ’

641 1507 758 1556 Duo
808 1505 967 1554 huius
1019 1502 1245 1553 nominis
1290 1499 1538 1551 consules
1573 1499 1691 1550 fue·
1763 1512 1975 1569 ερωτος
2013 1493 2264 1586 Ἀκράτω
2316 1498 2594 1560 ἑπεχεϊτο.
2680 1502 2815 1550 Item

643 1581 799 1629 runt:
837 1580 894 1629 L.
930 1575 1200 1628 Volcatius
1234 1573 1412 1626 Tullus
1447 1587 1572 1624 cum
1605 1572 1686 1624 Μ’.
1766 1573 1853 1635 44,
1888 1573 1975 1624 48;
2013 1566 2162 1636 εδοξ’
2199 1571 2528 1633 ἐπιχεισθαι
2545 1567 2816 1661 ἄκρατον

642 1650 864 1703 Aemilio
898 1649 1098 1715 Lepido
1133 1664 1182 1701 a.
1214 1663 1267 1699 u.
1295 1662 1342 1700 c.
1380 1648 1493 1699 688.
1534 1648 1690 1711 (anno
1752 1638 1984 1709 ,Ωτινος
2037 1643 2193 1712 ἤθελ’
2230 1641 2493 1712 ἕκαστος
2542 1641 2658 1699 ἔδει
2700 1647 2815 1715 μό-

643 1728 766 1776 aute
801 1726 984 1775 natum
1034 1723 1324 1786 Horatium)
1384 1725 1440 1772 et
1470 1724 1526 1772 L.
1564 1721 1691 1772 Vol-

643 1800 810 1850 catius
853 1800 910 1848 L.
954 1799 1008 1847 F.
1056 1796 1234 1848 Tullus
1284 1809 1409 1846 cum
1460 1797 1690 1847 Caesare

643 1874 928 1924 Octaviano
964 1873 1025 1922 Π.
1052 1885 1101 1921 a.
1128 1886 1181 1922 u.
1209 1884 1256 1921 c.
1295 1872 1409 1921 72⁴.
1448 1869 1690 1934 Plerique

643 1948 962 2011 interpretes
1010 1946 1082 1995 ad
1129 1946 1365 2009 priorem
1416 1944 1689 2003 referunt3

642 2024 759 2070 tum
790 2021 978 2070 fuisset
996 2020 1179 2069 vinum
1200 2019 1371 2068 XLVI.
1396 2031 1690 2077 annorum;

643 2094 804 2158 idque
839 2094 1054 2145 omnino
1088 2090 1415 2157 probabilius
1438 2130 1450 2153 ,
1505 2093 1692 2142 vinum

644 2173 755 2220 tam
777 2170 1047 2218 vetustum
1071 2166 1394 2217 destinatum
1417 2179 1539 2217 esse
1564 2168 1697 2216 ami-

629 2257 725 2295 ·co.
796 2242 902 2293 Cfr.
940 2241 1036 2292 Od.
1073 2241 1129 2302 3,
1156 2243 1244 2302 24,
1272 2242 1319 2291 4.
1357 2241 1518 2302 Quid,
1544 2240 1694 2305 quod

643 2315 890 2371 Martialis
924 2315 981 2377 8,
1018 2315 1107 2377 45,
1145 2315 1211 2365 3:
1270 2317 1475 2379 Defluat
1496 2316 1694 2366 attento

642 2393 945 2456 splendescat
1009 2390 1213 2440 herbida
1272 2390 1374 2439 lino
1433 2391 1694 2454 Amphora

642 2471 843 2519 centeno
877 2464 1074 2516 consule
1105 2465 1250 2529 facta
1280 2465 1462 2514 minor.
1484 2466 1512 2515 ‘1

714 2541 794 2591 43.
831 2539 1004 2604 Sumo]
1048 2540 1163 2589 Non
1201 2537 1378 2588 «domi
1412 2539 1563 2601 tuae,
1603 2553 1691 2590 me

644 2616 791 2667 domi
838 2627 994 2665 meae
1043 2615 1360 2677 potaturo‚»
1419 2615 1480 2663 ut
1509 2612 1696 2664 volunt

645 2688 913 2748 nonnulli;
967 2687 1066 2738 sed
1104 2688 1240 2738 haec
1273 2700 1361 2738 vv.
1409 2689 1497 2737 vix
1543 2687 1695 2738 aliter

645 2777 808 2828 quam
842 2763 910 2813 de
944 2763 1251 2812 invitatione
1285 2775 1383 2813 seu
1415 2774 1546 2812 vera
1580 2764 1694 2812 sive

644 2838 765 2890 ficta
801 2835 1015 2899 intelligi
1047 2839 1290 2900 possunt.
1344 2860 1398 2872 -
1437 2837 1644 2897 cyathos
1665 2863 1695 2873 -

642 2910 854 2976 conum]
890 2912 987 2961 Hic
1020 2923 1265 2974 quoque,
1303 2912 1364 2961 ut
1385 2909 1481 2961 Od.
1510 2910 1571 2972 3,
1599 2911 1689 2973 49,

645 2987 727 3037 ⁴2.
763 2985 980 3050 proprie
1002 2996 1288 3034 mensurae
1324 2983 1694 3047 (duodecimae

644 3059 858 3110 sextarii
880 3058 1063 3122 partis)
1100 3059 1186 3108 est
1207 3069 1420 3107 nomen.
1481 3057 1588 3108 Sed
1610 3057 1695 3107 di-

644 3134 783 3184 citur
831 3131 900 3181 de
947 3129 1152 3194 poculis
1202 3131 1536 3182 tantumdem
1584 3132 1695 3181 vini

644 3205 997 3271 capientibus.
1067 3206 1389 3268 Neutiquam
1420 3218 1582 3267 vero,
1636 3209 1698 3256 ut

643 3281 820 3342 aiunt,
875 3283 957 3331 est
999 3277 1279 3330 vasculum
1300 3316 1312 3340 ,
1368 3292 1476 3342 quo
1509 3279 1564 3329 in
1599 3293 1696 3330 co-

644 3353 872 3407 chlearis
906 3352 1017 3404 fere
1052 3353 1279 3404 formam
1314 3352 1490 3403 efficto
1510 3354 1695 3404 vinum

645 3431 699 3481 in
726 3428 1011 3493 'grandiora
1054 3426 1245 3491 pocula
1296 3426 1691 3478 infundebatur.

644 3505 759 3556 Hoc
782 3503 924 3553 enim
945 3515 1040 3552 vas
1062 3500 1146 3551 vel
1167 3501 1409 3564 epichyst's
1428 3501 1515 3552 vel
1540 3502 1697 3552 traua

641 3577 851 3628 vinaria
897 3575 1289 3626 nominabatur.
1373 3576 1542 3627 Varro
1596 3577 1691 3625 LL.

644 3653 700 3713 5,
738 3653 803 3702 25
839 3653 892 3701 et
923 3651 1006 3700 26.
1045 3649 1254 3700 «Verbo
1288 3662 1418 3701 usus
1453 3652 1537 3704 est
1571 3662 1696 3699 con-

644 3728 918 3777 vivarum:
957 3725 1164 3775 Garum
1185 3724 1457 3787 Gyatlwsln
1499 3727 1691 3775 Aenon.

644 3799 972 3864 Antiphanes
989 3812 1075 3862 ap.
1096 3799 1287 3850 Athen.
1311 3799 1391 3862 40,
1414 3812 1462 3850 c.
1482 3800 1573 3850 2⁴:
1612 3792 1695 3848 Τὸ

646 3869 926 3961 ποτήριόν
967 3888 1073 3939 μοι
1119 3871 1189 3925 τὸ
1238 3876 1391 3941 μέγα
1429 3875 1697 3960 προσφέ-

645 3963 732 4020 ρει
763 3943 978 4009 λαθών.
1021 3942 1382 4015 Ἐπεχοάμην
1414 3963 1692 4019 ακρατον,

645 3963 783 4084 οὐχὶ
799 4020 1050 4086 παιδίου,
1068 4021 1341 4087 Κυάθους
1355 4021 1507 4074 θεῶν
1521 4026 1696 4075 τεκαὶ

645 4094 894 4149 θεαινῶν
923 4099 1186 4170 μυριους.
1268 4099 1483 4161 Ouathos
1512 4102 1696 4150 autem

645 4174 800 4224 antici
820 4173 1105 4237 suspiciat,-
1079 4174 1201 4237 «qui
1222 4175 1444 4238 propter
1459 4174 1695 4225 amicum

645 4247 903 4314 sospitem
939 4247 1290 4309 ebibuntur»,
1328 4250 1387 4297 ut
1409 4247 1502 4297 Od.
1531 4248 1580 4308 3,
1610 4248 1692 4309 49,
1770 4249 1829 4296 Α.
1877 4251 1937 4297 Α.
1976 4247 2032 4310 3,
2084 4246 2198 4298 463.

1763 1737 1866 1774 νον
1916 1714 2123 1785 duro«,-
2172 1720 2357 1788 εἰπῆν.
2448 1723 2714 1787 Meleager
2762 1727 2815 1775 in

1764 1797 1920 1848 Anth.
1945 1796 2050 1846 Pal.
2069 1800 2109 1847 Ι.
2126 1811 2180 1861 p.
2194 1798 2319 1848 ⁴22:
2343 1792 2538 1864 Ἒγχει
2556 1797 2660 1861 τᾶς
2680 1798 2817 1850 Πει-

1763 1868 1910 1934 θοῦς
1931 1871 2032 1921 καὶ
2052 1868 2343 1942 Κύπριδος
2358 1865 2726 1944 Ἡλιοδώρας.
2757 1902 2814 1911 -

1766 1948 1971 1998 Centum
2021 1950 2201 1998 autem
2268 1961 2527 2000 numerus
2584 1949 2817 1999 infinitus

1766 2020 1909 2086 apud
1941 2024 2147 2085 poetas.
2184 2021 2325 2085 Virg.
2353 2024 2445 2071 Ge.
2473 2022 2532 2085 3,
2557 2023 2651 2074 ⁴8:
2689 2023 2818 2073 Con-

1765 2100 1874 2144 tum
1906 2095 2235 2159 quadriiugos
2267 2096 2469 2160 agitabo
2504 2098 2572 2146 ad
2601 2097 2820 2161 fimum

1765 2182 1964 2218 currus.
2002 2170 2211 2220 Gratius
2234 2171 2435 2234 Cyneg.
2461 2172 2584 2221 520:
2613 2172 2819 2221 centiam

1747 2249 1910 2309 ‘actus
1943 2244 2137 2305 spatiis.

1834 2320 1914 2368 ⁴5.
1965 2318 2160 2382 Perfer]
2212 2319 2274 2370 Ut
2307 2318 2563 2379 dicimus,
2613 2320 2818 2383 vigilias

1759 2393 1987 2456 persor-re
2008 2430 2020 2453 ‚
2058 2394 2135 2442 sic
2168 2392 2221 2442 h.
2247 2391 2281 2441 l.
2319 2391 2566 2443 lucerna-5.
2640 2394 2812 2453 «Sine,

1766 2469 1828 2517 ut
1859 2465 2185 2532 perducatur
2227 2479 2272 2517 s,
2309 2467 2645 2518 continuetur
2687 2479 2819 2518 con-

1765 2543 1967 2592 vivium
2016 2555 2188 2606 usque
2240 2540 2309 2590 ad
2355 2543 2582 2606 primam
2637 2539 2818 2592 lucem

1768 2619 1824 2665 et
1857 2615 2139 2666 nobiscum
2171 2628 2329 2665 mane
2349 2653 2361 2676 ‚
2399 2616 2574 2666 donec
2609 2615 2816 2666 finitum

1767 2691 1887 2739 sit.»
1922 2688 2018 2740 Alii
2042 2689 2211 2739 Codd.
2232 2690 2407 2753 profer
2427 2703 2440 2749 ;
2466 2690 2564 2740 sed
2587 2691 2691 2740 hoc
2713 2703 2819 2740 non

1768 2764 1895 2814 satis
1927 2759 2156 2833 κύριον,
2206 2776 2332 2815 cum
2357 2764 2536 2827 profer
2570 2765 2625 2813 in
2658 2763 2822 2814 lucem

1767 2836 2093 2900 significaret
2124 2838 2301 2901 potius
2335 2836 2420 2887 vel
2457 2838 2548 2886 «in
2572 2840 2818 2902 apertum

1766 2911 1997 2975 profer»,
2039 2909 2126 2961 vel
2172 2911 2401 2975 ineptius
2433 2911 2594 2961 etiam
2631 2910 2818 2961 «differ

1767 2987 1821 3036 in
1856 2984 2085 3037 lucem.»
2131 2986 2193 3035 V.
2234 2984 2579 3036 Forcellinum
2612 2987 2665 3036 in
2691 2999 2821 3048 pro-

1765 3061 1900 3125 sam
1949 3061 2081 3123 sign.
2138 3058 2411 3121 «differre,
2474 3072 2817 3124 prorogare.»

1769 3137 1965 3185 Firmat
2001 3135 2231 3198 perferre
2276 3135 2439 3185 etiam
2488 3133 2819 3185 consuetudo

1769 3210 2116 3260 Ciceroniana
2163 3208 2230 3260 de
2283 3210 2428 3260 Finn.
2471 3209 2529 3271 3,
2578 3210 2673 3270 2⁴2,
2731 3210 2815 3260 76.

1768 3282 1966 3333 beatam
2010 3285 2170 3333 vitam
2216 3297 2371 3345 usque
2419 3284 2489 3333 ad
2518 3310 2547 3320 -
2577 3309 2608 3320 -
2637 3296 2822 3347 rogum

1760 3357 2069 3419 perusti-sset,
2105 3355 2192 3406 alii
2225 3355 2365 3407 male
2394 3357 2712 3419 promissam
2750 3356 2821 3407 ad

1770 3432 1912 3481 Fam.
1957 3431 2013 3492 9,
2056 3431 2151 3491 20,
2198 3433 2256 3481 4ε
2329 3443 2487 3491 usquo
2533 3433 2604 3481 ad
2652 3444 2822 3481 assum

1766 3504 2034 3554 vitulinum
2065 3517 2221 3567 opera
2233 3506 2546 3567 perducitur.
2586 3503 2820 3569 Simplici

1767 3591 1898 3630 usus
1933 3582 2016 3629 est
2046 3579 2188 3642 Virg.
2225 3581 2357 3629 Aen.
2395 3580 2454 3641 9,
2480 3579 2604 3630 338:
2644 3579 2705 3643 (si
2736 3577 2821 3628 lu-

1769 3652 1915 3716 dum)
1966 3654 2022 3703 in
2053 3654 2212 3703 lincam
2243 3653 2444 3704 tulisset.
2501 3680 2558 3690 —
2606 3653 2820 3704 Minime

1769 3729 1952 3777 autem
2002 3740 2127 3777 cum
2178 3726 2443 3778 nonnullis
2493 3726 2820 3791 iungendum

1760 3803 1935 3866 perfer
1953 3803 2155 3866 vigiles,
2196 3801 2325 3863 «fac,
2362 3803 2422 3850 ut
2441 3799 2626 3865 vigiles
2648 3802 2815 3861 sint;»

1769 3876 1896 3928 sed:
1943 3877 2117 3941 persor
2150 3878 2412 3938 lucernas,
2472 3888 2610 3940 quae
2654 3879 2819 3926 totam

1768 3964 1869 4016 per
1916 3952 2133 4001 noctem
2181 3949 2358 4000 vivido
2408 3948 2609 4000 lumine
2660 3949 2821 3999 arde-

1770 4025 1932 4086 bunt,
1981 4037 2255 4089 nunquam
2289 4024 2717 4087 exstinguentur3
2761 4025 2822 4072 ut

1767 4100 1892 4164 vigil
1939 4101 2072 4163 ionis
2102 4098 2247 4163 apud
2279 4096 2554 4162 Virgilium
2586 4101 2717 4149 Aen.
2753 4095 2817 4158 4,

1768 4175 1885 4225 200.
1910 4212 1923 4235 ‚
1975 4175 2149 4239 viytlas
2192 4177 2427 4240 (laumas
2462 4174 2634 4223 Vestae
2664 4170 2815 4221 Ovid.

2260 4247 2570 4314 (opponitur
2603 4243 2815 4296 Heroid.
