3234 4975
1225 421 1343 471 Lm.
1382 420 1418 469 1.
1491 422 1547 470 C.
1588 419 1645 470 X.

1121 578 1274 645 Risit
1313 577 1555 678 Apollo.

863 738 1034 816 Quin
1079 748 1143 803 et
1185 736 1434 804 Atridas
1478 737 1646 804 duce
1693 749 1753 804 te
1799 739 2119 827 superbos

868 857 980 923 llio
1024 858 1206 925 dives
1250 859 1541 926 Priamus
1584 858 1808 927 relicto

867 977 1340 1068 Thessalosque
1384 981 1565 1068 ignes
1609 992 1676 1048 et
1719 983 1935 1070 iniqua
1982 985 2207 1050 Troiae

1117 1100 1339 1168 Castra
1381 1100 1612 1168 fefellit.

867 1261 958 1325 Tu
1002 1260 1143 1348 pias
1184 1258 1370 1326 laetis
1412 1261 1659 1327 animas
1704 1263 1969 1349 reponis

868 1379 1148 1448 Sedibus
1193 1382 1502 1470 virgaque
1544 1382 1757 1449 levem
1799 1391 2065 1452 coerces

577 1580 656 1629 47.
694 1579 891 1629 caenas
921 1580 1065 1630 laetis
1097 1581 1152 1630 T.

431 1744 743 1811 μαντικῆς·
795 1741 1215 1812 ἀπειλουμένου
1270 1745 1335 1799 δὲ
1380 1746 1486 1799 τοῦ

428 1814 789 1884 Ἀπόλλωνος
808 1859 823 1882 ,
874 1815 1123 1886 ἔκλεψεν
1165 1816 1346 1874 αὐτοῦ
1389 1824 1489 1874 καὶ

438 1891 520 1946 τὰ
553 1896 649 1947 ἐπὶ
681 1894 794 1947 τῶν
838 1890 1011 1963 ὤμων
1050 1893 1214 1962 τόξα·
1264 1894 1489 1962 μειδιά-

442 1987 560 2035 σας
592 1968 653 2022 δὲ
687 1966 722 2022 6
754 1968 895 2035 θεὸς
931 1966 1141 2023 ἔδωκεν
1190 1967 1346 2039 αὖτῷ
1381 1969 1489 2039 τὴν

436 2041 727 2112 μαντικὴν
792 2041 1030 2135 ῥάβδον,
1098 2041 1203 2110 ἀφ’
1260 2023 1333 2100 οὗ
1389 2050 1489 2100 καὶ

440 2115 839 2192 κθυσόρῥαπις
874 2116 910 2172 ὅ
938 2117 1161 2192 Ερμῆς
1193 2138 1489 2192 προσηνο-

439 2193 643 2268 ρεύθη.
713 2198 924 2247 Lucian.
988 2199 1146 2248 Deor.
1204 2200 1266 2249 D.
1327 2199 1374 2248 7.
1435 2203 1491 2249 et

442 2272 676 2322 maxime
728 2271 967 2322 Philostr.
1006 2270 1037 2321 l.
1074 2270 1108 2323 1.
1182 2273 1305 2336 (Cfr.
1353 2274 1489 2324 Voss

439 2347 644 2407 mytliol.
700 2346 867 2409 Briese
919 2345 1013 2396 Ed.
1061 2347 1124 2396 ΙΙ.
1182 2346 1293 2396 Vol.
1342 2349 1382 2397 1.
1430 2360 1484 2411 p.

513 2497 593 2546 44.
632 2497 711 2546 42.
769 2497 967 2561 viduus]
1004 2496 1147 2561 apud
1177 2500 1363 2560 poetas
1390 2510 1488 2560 pro

445 2570 698 2634 Mprivato
734 2570 1009 2635 spoliat0.»
1057 2571 1193 2634 Virg.
1233 2570 1396 2621 Culic
1433 2584 1484 2619 v.

442 2644 763 2695 37⁴:1acus
804 2647 982 2696 viduos
1012 2659 1049 2694 a
1079 2646 1264 2695 lumine
1292 2645 1484 2697 Plioebi.

448 2747 507 2755 --
542 2720 679 2784 Risit]
726 2718 968 2772 Philostr
1007 2719 1147 2771 1.1:
1201 2715 1236 2772 6
1280 2717 1493 2792 ζωγρά-

442 2808 561 2857 φος
596 2791 786 2855 διαχεῖ
811 2790 915 2845 τὸν
932 2789 1181 2846 Ἀπόλλω
1213 2798 1313 2846 καὶ
1336 2801 1495 2847 ποιεῖ

443 2870 747 2940 χαίροντα,
796 2869 1150 2958 μεμέτρηται
1200 2869 1263 2921 δὲ
1315 2866 1350 2921 6
1392 2872 1488 2937 γε’-

444 2940 737 3007 leg-,0104-
769 2941 1051 3008 ἐφιζάνων
1084 2942 1162 3012 uf·
1196 2944 1486 3015 προσώπῳ

440 3014 637 3083 θυμὸν
670 3018 987 3086 ἐκνικώσης
1020 3014 1251 3086 ἡδονῆς.

511 3095 624 3144 43-
646 3095 726 3145 46
794 3097 965 3159 Atque
1001 3095 1144 3148 idem
1180 3097 1313 3147 deus
1346 3099 1489 3146 tutor

442 3172 527 3220 est
558 3170 834 3221 hominum
866 3172 1215 3233 innoxiorum,
1252 3173 1311 3221 ut
1340 3173 1489 3222 Pria-

446 3256 567 3293 mus
623 3244 691 3295 ab
748 3258 815 3294 eo
866 3246 1156 3297 custoditus
1208 3249 1367 3297 noctu
1418 3246 1486 3296 ad

441 3316 697 3369 Achillem
728 3322 985 3383 perrexit,
1023 3322 1083 3370 ut
1104 3322 1342 3371 Hectoris
1366 3334 1486 3371 cor—

441 3406 545 3457 pus
568 3393 871 3445 redimeret.
909 3394 1053 3445 Iliad.
1081 3412 1146 3456 ω,
1173 3396 1284 3448 334.
1325 3397 1486 3459 (Pria-

440 3480 591 3517 mum
646 3468 828 3520 Achilli
884 3469 1178 3535 supplicem
1242 3472 1364 3521 vide
1432 3472 1485 3521 in

440 3541 680 3592 Gerhard
734 3545 938 3608 Vaseny.
992 3547 1076 3596 111.
1130 3547 1186 3596 T.
1242 3546 1479 3597 CXCVII.

440 3629 506 3665 ac
553 3615 967 3680 pulcherrimam
1012 3621 1154 3671 senis
1200 3622 1483 3684 imaginem

444 3689 569 3739 ibid.
612 3692 668 3740 T.
708 3693 1026 3757 CLXXXIX.)
1077 3723 1133 3732 --
1175 3698 1276 3745 Pro
1320 3696 1485 3745 amitis

438 3763 681 3831 ἐπιθέτῳ
749 3766 979 3830 Scaliger
1041 3773 1196 3832 pater
1249 3767 1483 3819 malebat

441 3843 765 3901 «maestum,
812 3842 1140 3904 infelicem»,
1188 3845 1330 3895 haud
1373 3845 1483 3894 ani-

439 3915 780 3968 madvertens
804 3917 888 3968 illo
911 3920 1190 3983 significari
1211 3921 1479 3971 Priamum

436 3991 817 4054 pretiosissima
847 3993 983 4044 dona
1008 4008 1193 4045 secum
1215 3996 1474 4059 portasse.

438 4064 584 4114 Iliad.
622 4082 687 4125 ω,
723 4068 845 4119 232:
903 4067 1125 4139 χρυσοῦ
1159 4068 1222 4120 δὲ
1254 4067 1478 4135 στήσας

437 4135 579 4189 δέκα
610 4138 797 4191 πάντα
816 4140 1066 4194 τάλαντα
1086 4162 1140 4194 κ.
1158 4158 1207 4194 τ.
1231 4144 1280 4195 λ.
1312 4174 1366 4182 -
1390 4159 1477 4194 ευ-

430 4214 627 4279 perbos]
661 4214 1075 4289 μεγαλήτορας,
1099 4219 1477 4285 μεγαθύμους

440 4290 685 4341 Homero.
740 4320 793 4328 —-
846 4295 936 4344 Ilio
967 4322 997 4332 -
1030 4322 1057 4332 -
1096 4296 1266 4345 relicto
1316 4296 1473 4356 Libri,

1558 1762 1665 1800 non
1696 1750 1891 1810 relicta,
1936 1753 1997 1801 ut
2037 1764 2167 1802 sane
2209 1754 2292 1803 est
2330 1753 2427 1805 Od.
2465 1754 2514 1816 4,
2552 1757 2601 1816 9,

1560 1824 1615 1874 8:
1653 1824 2003 1884 Πόοευεωαεω
2039 1805 2341 1878 contraOd.
2367 1830 2417 1889 ὅ,
2439 1828 2488 1890 4,
2509 1831 2598 1880 53:

1558 1904 1778 1948 cremato
1812 1898 1876 1948 ab
1909 1900 2014 1949 Ilio.
2055 1899 2159 1950 Cir.
2198 1901 2377 1952 Heins.
2416 1903 2486 1953 ad
2509 1905 2601 1953 Ov.

1560 1973 1683 2022 Her.
1723 1974 1770 2032 4,
1809 1972 1897 2024 48:
1936 1974 2140 2024 disiecta
2171 2001 2251 2012 --
2283 1976 2389 2026 Ilio.
2429 1979 2605 2030 Genus

1559 2045 1871 2098 femininum
1923 2048 2025 2099 hoc
2070 2061 2285 2112 quoque
2332 2050 2449 2101 loco
2491 2054 2606 2103 sine

1558 2119 1664 2170 ulla
1700 2123 2017 2173 necessitate
2053 2121 2286 2173 malebat
2311 2125 2611 2190 Cuningha-

1560 2195 1716 2246 mius.
1735 2223 1791 2232 —
1807 2197 1947 2260 ignes
1963 2197 2087 2262 cet.]
2104 2199 2449 2251 excubiarum
2465 2203 2608 2264 Myr-

1558 2268 1838 2320 midonum
1895 2273 1950 2321 et
2013 2271 2220 2323 hostilia
2282 2276 2605 2325 Graecorum

1559 2346 1752 2395 castra.

1626 2419 1800 2469 47-49.
1837 2418 2055 2483 reponis]
2083 2420 2262 2472 «Idem
2284 2424 2467 2487 utpote
2490 2431 2606 2488 ψυ-

1557 2490 1868 2559 χοπομπὸς
1885 2496 2222 2557 piae-animas
2244 2495 2482 2558 deducis,
2513 2497 2605 2548 ubi

1560 2570 1612 2618 in
1634 2571 1955 2633 perpetuum
1973 2568 2250 2633 tranquille
2274 2571 2606 2623 habitaturae

1558 2646 1701 2694 sunt.
1728 2671 1783 2679 —
1800 2645 1966 2708 vir-qa]
1986 2645 2200 2708 virgam
2223 2648 2485 2708 magicam
2502 2646 2609 2710 (po-

1558 2722 1738 2767 tentem
1770 2718 1916 2768 ovid.
1945 2720 2082 2768 Fast.
2108 2721 2159 2779 5,
2185 2718 2318 2783 447.)
2356 2723 2405 2770 ei
2439 2721 2606 2771 dona-

1557 2793 1634 2843 vit
1665 2791 1865 2855 Apollo,
1904 2793 2097 2855 Hymn.
2136 2795 2297 2843 Merc.
2339 2795 2461 2845 530:
2508 2790 2606 2847 ὄλ-

1556 2864 1671 2927 βου
1689 2866 1788 2916 καὶ
1810 2863 2062 2918 πλούτου
2080 2863 2250 2918 δωσω
2269 2869 2607 2940 περικαλλέα

1557 2938 1805 3030 ράβδον,
1874 2944 2178 3031 χρυσείην,
2247 2944 2601 3015 τριπέτηλον,

1557 3010 1827 3088 ἀκήριον,
1873 3010 1914 3082 ἧ
1957 3032 2027 3068 σε
2067 3014 2336 3083 φυλάξει,
2387 3018 2605 3085 πάντας

1554 3090 1947 3181 ἐπικραίνουσ
1983 3091 2188 3158 οἴμους
2211 3093 2392 3145 ἐπέων
2423 3111 2484 3147 τε
2506 3099 2605 3147 καὶ

1554 3160 1753 3237 εργων.
1825 3168 2150 3218 Memoratur
2182 3170 2342 3219 etiam
2367 3169 2507 3222 iliad.
2523 3174 2600 3230 ω,

1557 3241 1680 3292 343:
1719 3240 1901 3291 εἵλετο
1938 3239 2001 3292 δὲ
2033 3236 2269 3312 ῥάβδον,
2302 3241 2383 3331 ττῇ
2415 3246 2463 3294 τ’
2498 3240 2603 3295 ἇν-

1554 3311 1705 3403 δρῶν
1747 3311 1984 3380 ὄμματα
2035 3315 2227 3383 θέλγει
2276 3334 2359 3366 ων
2396 3318 2599 3380 ἐθέλει,

1555 3385 1695 3453 τούς
1764 3388 1811 3440 δ’
1880 3405 2019 3441 αυτε
2094 3392 2192 3441 καὶ
2270 3386 2603 3457 ὑπνωοντας

1555 3465 1773 3536 ἐγείρει.
1833 3466 2027 3515 Statius
2049 3466 2216 3516 Theb.
2246 3467 2293 3527 4,
2320 3467 2441 3517 306;
2484 3469 2604 3519 Tum

1555 3543 1765 3592 dextrae
1794 3543 1997 3605 virgam
2026 3542 2254 3602 inseruit,
2292 3556 2394 3603 qua
2417 3544 2603 3603 pellere

1552 3618 1716 3666 dulces
1762 3617 1860 3666 Aut
1906 3617 2117 3666 suadere
2157 3617 2338 3664 iter-tom
2385 3630 2596 3679 somnos,

1555 3705 1661 3753 qua
1690 3692 1845 3755 niqra
1865 3689 2031 3740 subire
2074 3691 2293 3739 Tartara
2332 3695 2378 3739 et
2410 3703 2598 3741 exsan-

1549 3778 1670 3829 9=ues
1733 3767 1962 3815 animare
2026 3768 2313 3813 assueverat
2372 3765 2593 3816 umbras.

1550 3841 1694 3890 Haec
1737 3841 1915 3903 igitur,
1961 3840 2021 3887 ut
2062 3839 2131 3887 ita
2175 3838 2439 3901 dicamus,
2487 3841 2595 3890 Ho-

1549 3916 1748 3965 merica
1781 3916 1926 3976 virga
1960 3911 2148 3963 trifolio
2175 3915 2377 3964 tantum
2410 3918 2593 3966 ornata

1548 3992 1655 4049 est3
1694 3988 1936 4038 Mercurii
1956 3987 2223 4037 caduceus
2245 3986 2592 4058 (κηρύκειον)

1546 4065 1840 4127 posteriore
1885 4065 2127 4126 tempore
2171 4066 2224 4113 et
2257 4062 2352 4115 alis
2386 4065 2440 4113 et
2473 4077 2590 4114 ser-

1545 4137 1794 4202 pentibus
1829 4137 1967 4187 inter
1999 4151 2058 4188 se
2098 4139 2246 4190 nexis
2280 4137 2586 4202 symbolum

1546 4213 1743 4263 factum
1778 4214 1861 4263 est
1890 4214 2038 4276 pacis
2072 4216 2126 4263 et
2164 4214 2470 4263 commercii
2505 4214 2587 4263 in-

1546 4289 1628 4341 ter
1668 4300 1834 4351 genus
1876 4288 2184 4338 humanum.
2267 4287 2482 4340 martial.
2533 4289 2581 4348 7,
