3234 4975
1192 349 1309 400 un.
1350 349 1387 398 ι.
1459 349 1517 399 c.
1558 349 1666 398 vu.
2474 344 2558 409 57

394 505 777 558 celebrioribus
829 505 1116 557 indicare.»
1186 489 1458 557 Gnsm‘bs.
1545 506 1747 556 Verum
1797 503 2075 556 manifesto
2125 506 2315 554 neuter
2363 504 2557 555 horum

390 606 478 641 vv.
514 591 740 641 caruitne
763 595 1007 654 perpetuo
1038 590 1311 654 propriam
1343 590 1452 639 vim
1486 601 1551 639 ac
1583 588 2024 652 significationem
2060 588 2327 653 expendit.
2398 590 2557 639 Pror-

392 687 486 725 sus
519 675 701 725 autem
732 672 1019 725 reiicienda
1055 675 1139 723 est
1170 674 1530 737 interpretatio
1564 685 1594 722 a
1619 672 1944 724 scholastico
1967 685 2140 737 nuper
2162 671 2553 732 commendata,

392 760 454 808 ut
482 760 703 821 undique
732 760 965 821 mer-pta
997 757 1132 807 oliva
1164 758 1234 808 sit
1269 770 1518 821 «prorsus
1553 756 1660 806 iam
1685 755 1819 808 foliis
1843 755 2083 821 spoliata,
2120 757 2210 807 der
2229 771 2342 806 vom
2363 756 2558 806 histori-

392 842 537 891 schen
569 843 715 893 Liede
745 842 893 891 echon
922 853 1058 906 aasz
1091 840 1397 891 entblatterte
1430 841 1740 905 Oelzweiqn,
1795 854 1902 904 qua
1939 841 2113 905 imago
2151 841 2322 904 magis
2355 842 2556 905 ingrata

396 926 629 990 magisve
662 924 844 989 putida
881 924 1164 988 excogitari
1198 937 1303 975 non
1336 927 1562 989 poterat.

522 1007 620 1060 Alii
652 1008 829 1059 locum
863 1010 1202 1059 sanissimum
1236 1010 1555 1060 coniecturis
1586 1010 1873 1071 vexarunt,
1910 1009 2194 1073 ingeniosis
2217 1007 2438 1073 quidem
2459 1008 2556 1059 sed

396 1093 825 1158 supervacaneis.
893 1093 1171 1150 Erasmus.
1208 1094 1346 1144 teste
1381 1090 1667 1155 Glareano,
1703 1095 2005 1158 proposuit:
2047 1094 2268 1155 Undique
2301 1093 2561 1154 decerptae

394 1178 563 1241 fronde·
586 1190 900 1240 praeponere
931 1177 1142 1236 olivam
1185 1176 1237 1226 id
1282 1176 1428 1241 quod
1462 1174 1643 1227 multis
1676 1175 1803 1227 olim
1841 1175 2038 1241 placuit
2071 1189 2136 1227 ac
2170 1189 2341 1240 nuper
2372 1188 2559 1226 rursus

399 1260 631 1312 [autores
664 1258 942 1312 nonnullos
976 1260 1191 1310 invenit.
1262 1262 1382 1325 Ipse
1434 1260 1681 1325 quidem,
1733 1263 1793 1310 ut
1835 1261 1908 1309 ait
1949 1261 2063 1312 eius
2103 1258 2393 1324 discipulus
2415 1297 2428 1321 ‚
2480 1259 2559 1310 sic

397 1343 719 1409 explicabat:
775 1343 1061 1395 «Omnibus
1112 1343 1395 1396 arboribus
1444 1357 1778 1410 praeponere
1821 1344 1994 1395 solent
2033 1344 2228 1395 olivam
2248 1382 2261 1405 ,
2307 1343 2559 1394 arborem

396 1426 806 1479 Atheniensibus
840 1430 1072 1491 gratam,
1117 1429 1269 1492 quasi
1304 1427 1534 1489 diceret,
1577 1427 1798 1491 quidam
1831 1429 1997 1478 otium
2027 1426 2342 1478 litterarium
2364 1466 2376 1488 ‚
2413 1425 2559 1492 quod

395 1512 615 1563 Athenis
647 1514 755 1572 est,
801 1510 1050 1563 omnibus
1090 1511 1450 1577 voluptatibus
1493 1511 1758 1562 anteferre
1793 1525 1900 1562 non
1934 1510 2232 1562 dubitant.»
2298 1509 2396 1562 Alii
2427 1524 2559 1561 vero

396 1609 525 1648 sane
558 1594 713 1659 longe
748 1597 921 1660 aptius
956 1595 1187 1646 eandem
1221 1596 1584 1645 coniecturam
1616 1595 1696 1646 sic
1730 1594 2172 1659 explanaverunt:
2212 1596 2559 1646 «Ceterarum

397 1680 637 1730 omnium
684 1678 900 1730 urbium
947 1677 1193 1730 laudibus
1243 1679 1571 1730 Athenarum
1612 1680 1958 1744 praeconium
1998 1679 2355 1744 praeferunt.»
2431 1677 2560 1729 Galii

399 1764 537 1813 coni.
572 1763 699 1826 fonti
729 1761 1010 1828 probatam
1042 1763 1342 1826 Boettigero
1374 1762 1636 1813 Amalthea
1656 1763 1718 1813 11.
1745 1775 1796 1827 p.
1825 1762 1938 1812 3⁴0.
1977 1763 2104 1813 satis
2137 1761 2385 1812 refutavit
2403 1762 2561 1812 Bent-

397 1846 550 1898 leius.
619 1846 782 1898 Aliter
830 1847 1142 1898 Bouhierius
1195 1846 1380 1910 (⁴7⁴5.)
1424 1859 1717 1911 rursusque
1761 1846 2089 1897 Schraderus
2130 1847 2368 1897 Emendd.
2422 1847 2559 1897 Leo-

397 1931 547 1982 vard.
589 1931 733 1982 ⁴776.
769 1944 824 1995 p.
860 1932 950 1981 75:
988 1930 1237 1981 celebrare
1266 1931 1481 1993 Indeque
1512 1930 1970 1994 decerptoenstonti
1995 1942 2308 1993 praeponere
2339 1930 2558 1990 olivanm

399 2015 571 2079 quod,
608 2015 709 2065 etsi
741 2014 879 2065 adeo
912 2017 1192 2080 receptum
1225 2027 1257 2063 a
1289 2012 1716 2076 Mitscherlichio‚
1754 2015 1883 2064 mihi
1921 2013 2229 2078 pedestrem
2263 2014 2559 2063 orationem

399 2098 642 2149 redolere
676 2111 893 2162 semper
923 2099 1100 2150 visum
1133 2099 1242 2160 est,
1286 2111 1387 2148 nec
1422 2096 1534 2148 aliis
1566 2101 1848 2162 poetarum
1880 2098 2184 2148 Latinorum
2217 2097 2346 2148 locis
2380 2098 2560 2162 suspi-

400 2183 610 2233 cionem
643 2195 799 2232 suam
832 2182 1046 2233 firmare
1078 2182 1249 2246 potuit
1281 2181 1610 2233 Schraderus
1645 2182 1745 2233 nisi
1786 2182 2022 2246 quinque
2055 2183 2240 2232 Avieni
2273 2183 2326 2233 in
2370 2183 2555 2232 Descr.

399 2265 517 2317 orb.
534 2305 546 2327 ,
603 2279 768 2331 quem
816 2267 1001 2330 utique
1050 2265 1470 2317 versificatorem
1520 2267 1573 2317 in
1625 2266 1840 2318 Horatio
1881 2279 2103 2318 versans
2145 2279 2212 2317 ne
2255 2277 2558 2316 memorare

400 2350 618 2416 quidem
651 2348 904 2401 debebat.

1220 2434 1255 2469 e
1449 2434 1484 2469 e
1678 2434 1712 2469 ι
2311 2469 2326 2482 ,

527 2519 746 2569 Praeter
794 2518 992 2569 Horatii
1042 2531 1260 2569 carmen
1309 2519 1414 2570 hoc
1463 2520 1625 2570 etiam
1674 2521 1945 2570 servatum
1996 2521 2080 2570 est
2127 2518 2271 2584 apud
2321 2519 2559 2570 Caietam

402 2600 576 2653 Planci
616 2604 1023 2654 mouumentum
1068 2603 1228 2667 (Grut.
1266 2602 1388 2664 439,
1435 2602 1483 2653 8.
1519 2603 1754 2653 visconti
1792 2604 2019 2668 Iconoqr.
2063 2605 2202 2654 Rern.
2247 2604 2288 2653 1.
2333 2616 2387 2667 p.
2439 2602 2553 2652 2⁴6.

402 2687 496 2738 Ed.
547 2685 756 2739 mediol.
803 2689 969 2738 Inscr.
1022 2698 1191 2737 mear.
1240 2688 1352 2739 Lat.
1396 2688 1458 2737 N.
1502 2686 1666 2750 590.),
1722 2687 1836 2737 eius
1886 2685 2170 2751 sepulchro
2203 2684 2556 2751 insculptum:

976 2827 1032 2877 1..
1071 2826 1310 2878 MVNAT.
1349 2827 1405 2877 L.
1444 2827 1498 2877 Ρ.
1537 2826 1592 2876 L.
1633 2827 1693 2876 N.
1732 2826 1787 2876 1..
1826 2826 1995 2876 PRON

782 2910 1092 2960 PLANCVS.
1130 2910 1269 2960 COS.
1308 2911 1489 2961 GENS.
1526 2911 1659 2961 IMP.
1696 2910 1860 2960 ITER.
1897 2910 2003 2959 vn.
2041 2909 2150 2960 VIR

662 2993 845 3045 EPVL.
903 2994 1208 3045 TRIVMPH.
1264 2994 1370 3045 Ex.
1428 2994 1671 3046 RAETIS.
1729 2994 1970 3046 AEDEM.
2029 2994 2301 3045 SATVRNI

718 3077 920 3128 FECIT.
956 3077 1063 3128 DE.
1098 3078 1342 3129 MANVB.
1378 3079 1602 3129 Aenos.
1641 3080 1892 3129 DIVISIT.
1929 3080 1996 3129 IN
2028 3079 2241 3129 ITALIA

778 3161 1157 3213 BENEVENTI.
1183 3163 1251 3212 IN
1275 3164 1523 3213 GALLIA.
1552 3163 1881 3214 COLONIAS.
1909 3162 2194 3214 DEDVXIT

1040 3246 1417 3299 LvGDVNVM.
1455 3247 1552 3298 ET.
1590 3247 1924 3299 RAVRICAM
