3234 4975
1063 781 1517 885 QflssssATII
1551 778 1863 870 FLAGCI

860 1022 2086 1205 CARMINUM

1140 1358 1419 1423 LIBER
1462 1356 1820 1424 PRIMUS.

1192 1814 1773 1879 cml·

814 1989 1152 2054 Maecenas
1195 1985 1396 2053 atavis
1441 1986 1613 2052 edite
1657 1983 1952 2072 regibus,

726 2109 786 2175 Ο
831 2118 898 2175 et
938 2106 1333 2196 praesidium
1376 2116 1442 2172 et
1483 2104 1674 2172 dulce
1718 2104 1920 2172 decus
1963 2126 2214 2180 meum,

516 2272 555 2321 l.
616 2270 894 2334 Inscriptio
926 2268 1153 2331 volgaris
1177 2269 1231 2318 et
1253 2266 1421 2318 Codd.
1448 2266 1545 2317 Tc:
1582 2266 1660 2317 Ad
1679 2268 2033 2317 Maecenatem.
2072 2267 2329 2342 omittunt
2355 2265 2486 2317 BbS.

452 2411 491 2458 l.
562 2408 695 2459 Vide
730 2408 1025 2459 Excursum
1059 2408 1098 2458 1.

454 2487 501 2534 4.
557 2483 841 2547 Maecenas]
879 2483 936 2533 C.
985 2481 1181 2534 Cilnius
1224 2482 1437 2533 Maece—

392 2572 503 2619 nm,
529 2561 686 2609 natus
709 2558 920 2608 circiter
941 2570 990 2607 a.
1017 2571 1069 2606 u.
1097 2570 1144 2607 c.
1174 2557 1309 2615 6854
1337 2555 1437 2605 de-

392 2634 547 2683 cessit
578 2631 756 2697 paullo
799 2634 920 2681 ante
964 2633 1161 2682 Horatii
1203 2634 1434 2680 mortem

393 2711 437 2747 a.
474 2698 586 2748 746.
658 2696 1018 2747 Pulcherrima
1065 2698 1177 2746 eius
1214 2696 1432 2759 effigieS,

391 2775 546 2836 atque
579 2772 756 2831 unica,
795 2785 933 2834 quae
958 2770 1120 2820 fidem
1143 2773 1432 2830 mereatur,

392 2860 558 2910 nuper
590 2849 803 2909 reperta
850 2848 933 2895 est
974 2847 1026 2894 in
1062 2844 1435 2895 Carseolorum

390 2921 670 2984 parietinis,
730 2920 793 2969 V.
829 2921 899 2969 Di
928 2934 999 2969 un
1033 2919 1170 2969 busto
1203 2918 1437 2968 colossale

390 2997 441 3044 in
472 3010 669 3045 manno
704 2996 755 3044 di
788 2995 840 3045 C.
869 2996 1027 3045 Cilnio
1050 2997 1301 3045 Mecenate
1322 3008 1434 3042 sco-

384 3076 523 3131 peno
577 3084 605 3119 e
645 3070 911 3131 posseduco
961 3070 1048 3118 dal
1097 3070 1215 3120 Cav.
1269 3070 1434 3118 Pietro

389 3145 585 3205 Hanni,
631 3144 971 3193 illustr-azioni
1013 3145 1090 3192 dei
1139 3143 1343 3207 signori
1373 3145 1428 3192 P.

388 3219 445 3266 E.
482 3219 558 3267 dei
595 3220 828 3279 Viscmzti,
863 3219 1107 3280 Leopoldo
1131 3219 1431 3281 Cicoqnara,

387 3293 455 3341 M.
490 3294 753 3354 Hissirini,
779 3294 1209 3343 Raotd-Rocheue.
1235 3293 1430 3356 Parim,

387 3367 439 3415 F.
473 3369 629 3417 Didot
664 3372 809 3418 1837.
849 3374 897 3418 8.
930 3396 985 3405 --
1022 3369 1429 3432 atavis—reqibus]

388 3444 529 3490 «orte
579 3443 871 3493 maioribus
925 3441 1127 3503 cuniis,
1173 3445 1263 3505 qui
1306 3442 1431 3492 olim

386 3517 716 3567 Lucumones
753 3518 1048 3581 (principes)
1084 3518 1290 3567 Etrusci
1316 3518 1431 3566 fue-

388 3592 552 3639 runt.»
584 3618 638 3626 —
678 3590 884 3642 Gradus
909 3591 1231 3654 cognationis
1266 3605 1430 3655 supe-

389 3663 531 3713 rioris
576 3665 790 3728 (Digest.
830 3666 911 3725 38,
951 3667 1029 3725 40,
1070 3666 1137 3728 4.)
1181 3666 1234 3715 hi
1276 3668 1423 3715 sunt:

383 3743 540 3799 pater,
565 3753 709 3799 avus,
727 3754 972 3801 proavus,
996 3740 1203 3799 abavia-5,
1229 3744 1426 3800 atavus,

387 3813 607 3862 tritavus.
636 3815 696 3865 Ut
719 3815 823 3864 adi.
845 3819 1025 3864 atavus
1041 3816 1243 3865 transiit
1264 3817 1425 3864 etiam

390 3885 437 3933 in
468 3889 824 3949 posteriorum
866 3891 1171 3953 temporum
1208 3903 1424 3953 prosam

387 3962 688 4012 orationem.
727 3962 933 4014 Colum.
972 3965 1022 4013 4.
1062 3966 1303 4013 Prooem.
1333 3963 1421 4012 ⁴9:

384 4039 560 4084 veteres
600 4037 675 4085 ian·
714 4037 891 4087 Sabini
936 4039 1151 4100 Quirites
1191 4039 1427 4100 atavique

385 4109 604 4159 Romani.
634 4138 690 4146 -
716 4113 825 4161 Liv.
855 4113 935 4173 40,
973 4112 1030 4161 3;
1066 4113 1305 4173 Arretini,
1340 4113 1425 4161 abi

388 4183 591 4234 Cilnium
623 4200 778 4248 genus
805 4192 1103 4248 praepotens
1130 4188 1424 4236 divitiarum

388 4257 569 4308 invidia
592 4261 712 4322 pelli
744 4263 903 4310 armis
933 4266 1157 4323 coeptum
1181 4264 1281 4311 cet.
1321 4262 1415 4310 Od.

545 4352 728 4398 noan.
763 4363 874 4398 vox..
906 4352 938 4397 1.
1003 4365 1079 4396 nn.
1114 4363 1267 4397 usion
1298 4352 1366 4397 111.

1512 2405 1559 2465 3,
1605 2405 1689 2464 29,
1738 2406 1792 2454 ⁴:
1868 2406 2122 2466 Tmrhena
2161 2419 2339 2468 reyum
2376 2420 2557 2470 praye—

1508 2480 1630 2529 nies.
1672 2478 1776 2530 Cfr.
1815 2480 1922 2529 Sat.
1962 2481 2010 2540 4,
2048 2480 2097 2542 6,
2135 2479 2184 2530 3.
2229 2482 2465 2545 Propert.
2503 2481 2552 2543 3,

1510 2555 1559 2614 9,
1610 2555 1665 2602 4;
1735 2556 2001 2604 Maecenas
2051 2568 2197 2616 eques
2243 2555 2454 2604 Etrusco
2500 2557 2560 2606 de

1509 2629 1754 2692 sanquine
1785 2642 1979 2692 regum.
2050 2628 2224 2690 Elegia
2266 2630 2318 2677 in
2353 2629 2556 2679 obitum

1509 2702 1831 2752 Maecenatis
1889 2701 1982 2751 ⁴3:
2042 2703 2186 2765 Regis
2238 2716 2354 2751 eras
2406 2718 2559 2765 genus

1507 2778 1735 2837 Etrusci,
1781 2781 1837 2825 tu
1879 2776 2109 2826 Caesaris
2150 2776 2272 2825 alini
2311 2778 2554 2837 Dextera,

1508 2853 1764 2900 Romanae
1797 2854 1854 2899 tu
1883 2850 2007 2912 viqil
2046 2849 2185 2899 urbis
2217 2863 2345 2899 era-5.
2417 2852 2557 2900 Mar-

1509 2923 1614 2973 tial.
1656 2925 1737 2985 ⁴2,
1774 2922 1831 2974 4:
1870 2925 2134 2974 Maecenas
2167 2926 2331 2973 atavis
2361 2925 2559 2988 reyibus

1508 3004 1649 3048 ortus
1669 3012 1827 3060 eques.
1867 3000 1977 3048 Hac
2000 3002 2178 3049 autem
2198 2998 2379 3049 illustri
2401 3013 2557 3063 «pro-

1508 3075 1686 3137 sapia»
1725 3074 1992 3123 interdum
2015 3088 2120 3123 non
2144 3075 2257 3124 sine
2277 3075 2415 3123 comi
2439 3075 2555 3124 ioco

1509 3148 1804 3198 delectatus
1857 3163 1976 3200 esse
2029 3149 2238 3198 videtur
2279 3151 2556 3211 magnani-

1508 3236 1629 3273 mus
1664 3222 1748 3272 ille
1782 3226 2064 3287 poetarum
2090 3224 2275 3272 fautor.
2308 3253 2361 3258 —
2389 3225 2554 3273 Nimis

1509 3299 1733 3348 fortasse
1777 3310 1973 3359 urgens
2015 3312 2191 3360 regum
2232 3296 2553 3346 vocabulum

1506 3371 1828 3424 Niebuhrius
1873 3372 1934 3420 H.
1983 3373 2040 3421 R.
2087 3372 2181 3421 Ed.
2230 3373 2347 3421 tert.
2403 3374 2440 3421 1.
2494 3385 2547 3435 p.

1507 3447 1620 3497 433.
1669 3460 1699 3494 e
1742 3448 1898 3508 gente
1952 3444 2114 3495 Cilnia
2166 3446 2355 3495 Arretii
2399 3458 2552 3507 reges

1504 3519 1772 3570 interdum
1808 3521 2017 3568 creatos
2051 3533 2171 3570 esse
2208 3517 2428 3580 collegit.

1568 3595 1617 3642 2.
1659 3594 1699 3642 O
1723 3593 1782 3657 et]
1809 3592 1959 3643 solito
1984 3592 2038 3641 in
2060 3593 2162 3642 hac
2186 3592 2354 3641 interi.
2384 3592 2546 3653 hiatu,

1502 3671 1562 3717 ut
1593 3668 1733 3729 Virg.
1773 3670 1902 3717 Aen.
1952 3667 2032 3727 40,
2073 3667 2160 3715 48;
2226 3667 2264 3713 O
2297 3670 2473 3726 pater,
2520 3680 2550 3714 ο

1501 3742 1756 3790 bantinum
1788 3743 1888 3790 cet.
1932 3767 1986 3775 —-
2017 3741 2328 3801 praesidiwm
2360 3746 2444 3789 et-
2463 3742 2550 3790 de-

1500 3817 1602 3880 cus]
1625 3817 1936 3866 Praesidium
1958 3814 2215 3864 adversus
2240 3813 2546 3875 malevo103,

1500 3904 1564 3940 ac
1588 3889 1750 3940 tutela
1773 3891 1826 3938 in
1850 3887 2024 3937 dubiis
2048 3886 2236 3947 rebus;
2263 3890 2379 3938 tum
2402 3888 2548 3951 quod

1500 3965 1695 4015 donato
1731 3963 1924 4013 Sabino
1969 3961 2145 4025 largus
2179 3964 2459 4013 Maecenas
2494 3963 2543 4011 iu

1500 4052 1626 4089 eum
1653 4039 1845 4089 suerat:
1875 4038 2020 4085 decus
2042 4041 2240 4098 autem,
2269 4037 2413 4101 quod
2437 4038 2545 4086 Ho-

1497 4115 1631 4163 ratio
1664 4123 1928 4176 perquam
1961 4111 2250 4161 honorifica
2287 4113 2403 4160 erat
2425 4109 2541 4161 talis

1496 4189 1593 4237 viri
1628 4186 1873 4236 amicitia.
1943 4186 2036 4237 Est
2067 4189 2248 4236 autem
2281 4184 2441 4235 veluti
2476 4199 2540 4234 ex

1496 4260 1840 4311 formularum
1864 4273 2131 4310 sermone.
2191 4258 2292 4308 Sal.
2321 4261 2426 4321 lug.
2457 4259 2539 4309 49.

2172 4353 2189 4393 4
2277 4362 2286 4371 .
