3234 4975
1202 385 1403 435 LIBER.
1476 385 1671 435 CARM.
1711 385 1748 433 1.

2485 379 2609 442 649

783 540 950 605 Satis
998 559 1327 626 superque
1373 559 1476 604 me
1520 536 1880 625 benignitas
1925 548 2031 602 tua

865 660 1134 725 Ditavit:
1182 658 1353 725 haud
1397 679 1746 745 paravero,

779 780 971 859 Quod
1016 791 1126 846 aut
1170 800 1404 846 avarus
1450 790 1517 844 ut
1562 779 1870 846 Chremes
1918 788 2085 844 terra
2130 797 2457 864 premam,

866 901 1232 967 Discinctus
1275 910 1386 965 aut
1429 899 1698 986 perdam
1751 919 1972 985 nepos,

575 1133 655 1184 34.
691 1135 903 1196 perdam
935 1139 993 1183 ut
1023 1147 1173 1196 nepos
1205 1133 1480 1193 bScd‚LCt
1501 1172 1512 1193 ‚
1549 1132 1852 1193 Bentleius,
1893 1134 1945 1182 F.

449 1347 774 1398 intermediis
808 1346 984 1397 eidem
1019 1346 1271 1398 adiectis»
1291 1385 1303 1406 ,
1349 1346 1494 1410 quod

447 1422 687 1484 optatum
722 1420 961 1485 profecto
996 1421 1152 1472 nimis
1197 1420 1493 1472 absurdum

449 1494 667 1552 fuisset;
722 1495 898 1545 minus
933 1496 1093 1545 etiam
1125 1493 1360 1559 loquitur
1395 1494 1493 1545 «de

452 1566 647 1618 Luculli
670 1567 966 1619 Tusculano
1000 1571 1091 1618 aut
1124 1569 1191 1619 de
1215 1567 1334 1619 villa
1371 1568 1494 1619 inde

449 1655 479 1690 a
515 1640 743 1692 Tusculo
778 1655 948 1706 usque
983 1643 1053 1693 ad
1077 1644 1340 1703 Circeios,
1367 1644 1495 1692 Latii

450 1715 731 1778 oppidum,
808 1719 1058 1767 continuo
1110 1718 1281 1767 tractu
1329 1717 1497 1781 perti-

451 1790 673 1848 nentem
712 1793 850 1852 quae
886 1789 1112 1840 aliorum
1145 1792 1497 1854 interpretum

449 1865 574 1913 sunt
589 1863 883 1926 opiniones.
921 1863 1051 1915 Tres
1085 1865 1240 1928 igitur
1273 1876 1362 1913 res
1385 1863 1497 1927 pri-

451 1937 648 1987 marias
698 1937 835 1987 inter
884 1935 1226 2001 locupletium
1277 1950 1498 2001 posses-

449 2012 629 2062 siones
670 2014 979 2073 enumerat,
1033 2010 1301 2063 latifundia
1357 2012 1493 2074 agri,

450 2097 651 2147 pascua
669 2122 681 2146 ‚
717 2084 895 2136 villam
922 2098 1150 2137 amoeno
1172 2087 1275 2136 situ
1298 2086 1500 2147 magni-

448 2158 550 2208 fice
585 2160 923 2210 exstructam.
989 2188 1043 2196 -
1076 2158 1272 2223 tanqat]
1312 2158 1500 2208 inscri-

449 2231 559 2294 ptio
605 2244 637 2281 a
680 2233 783 2281 Fea
830 2246 895 2283 ex
938 2235 1082 2283 Grut.
1128 2232 1252 2293 879,
1295 2231 1344 2282 4.
1399 2228 1499 2280 ad-

449 2306 646 2368 scripta
681 2304 961 2355 subditicia
996 2308 1096 2356 est.

515 2378 595 2428 3⁴.
622 2378 704 2427 32.
752 2379 889 2427 Satis
913 2377 1179 2442 superque]
1216 2376 1384 2442 Epod.
1413 2378 1494 2438 47,

453 2451 544 2502 49ε
608 2451 736 2501 Dedi
773 2452 896 2501 satis
940 2465 1185 2515 superque
1216 2464 1499 2515 poenarum

449 2525 554 2575 tibi.
580 2524 662 2574 Ad
684 2527 1001 2576 sententiam
1021 2527 1089 2577 cr.
1111 2526 1206 2577 od.
1227 2528 1278 2587 2,
1300 2527 1381 2586 48,
1402 2528 1491 2577 ⁴2:

448 2612 540 2650 nec
548 2603 797 2660 potentem
812 2601 1292 2664 amic-mummium
1299 2602 1496 2664 flaqito,

451 2673 588 2724 Satis
602 2673 774 2723 beatus
792 2674 955 2724 unicis
969 2674 1185 2724 Sabinis.
1223 2675 1320 2725 Od.
1341 2675 1390 2736 3,
1413 2675 1495 2734 46,

451 2747 541 2799 38:
578 2748 681 2798 Nec
702 2748 918 2810 siphara
936 2748 1112 2809 velim,
1136 2753 1193 2798 tu
1212 2750 1337 2798 dare
1358 2750 1501 2798 done-

449 2834 550 2885 9⁰⁸·
580 2822 701 2884 (Sat.
728 2822 779 2882 2,
806 2823 856 2885 6,
883 2822 950 2885 ⁴.)
969 2847 1024 2858 —
1058 2823 1217 2873 Verba
1232 2822 1414 2884 animi,
1441 2823 1501 2871 ut

451 2894 712 2946 Iuvenalis
744 2897 849 2959 ait,
879 2897 1078 2960 profert
1110 2894 1497 2961 simplicissima

452 2970 509 3019 et
547 2969 615 3019 ad
658 2969 969 3034 pedestrem
1002 2972 1301 3021 orationem
1331 2983 1499 3035 prope

452 3043 780 3094 accedentia.
867 3046 953 3095 Sic
1002 3048 1211 3108 gratum
1262 3046 1498 3096 animum

450 3119 732 3169 verissime
784 3118 1118 3169 demonstrat
1166 3132 1269 3169 nec
1320 3120 1499 3169 tamen

452 3192 522 3241 ad
571 3192 732 3243 vilem
780 3192 1141 3244 adulationem
1201 3192 1496 3244 descendit.

453 3267 667 3325 Moneo,
706 3267 829 3329 quia
853 3265 1124 3330 Gargallus
1160 3266 1345 3318 festive
1368 3265 1502 3317 sub-

454 3340 607 3388 iecit:
665 3342 848 3389 Antoni
893 3343 1090 3406 alodios
1121 3342 1288 3404 potuit
1332 3346 1501 3392 conto-

453 3425 624 3461 mnere
644 3450 656 3470 ,
695 3413 764 3461 stc
796 3414 838 3462 si
874 3414 1056 3464 Omma
1090 3416 1310 3465 dixisset.

519 3484 601 3534 33.
640 3484 719 3535 34.
775 3500 965 3537 avenas
984 3493 1041 3538 ut
1064 3489 1303 3552 Chremes]
1341 3489 1501 3538 Vete-

457 3571 545 3608 res
569 3559 765 3608 Horatii
798 3560 1119 3623 interpretes
1151 3574 1256 3611 nou
1290 3562 1357 3610 de
1390 3563 1503 3611 Me-

458 3631 672 3691 nandri,
710 3633 807 3681 sed
843 3632 910 3681 de
947 3634 1175 3682 Terentii
1216 3634 1500 3683 Chremete

455 3706 621 3756 verba
676 3707 896 3766 faciunt,
970 3706 1111 3755 unde
1157 3706 1502 3769 corrigendus

457 3781 694 3831 Meineke
757 3779 827 3828 ad
875 3779 1149 3830 Menandri
1197 3780 1278 3829 Fr.
1322 3793 1375 3843 p.
1418 3780 1498 3830 80.

458 3853 554 3904 Ed.
581 3865 696 3918 pr.,
735 3853 1007 3916 ceteroqui
1040 3851 1391 3916 probabiliter
1411 3852 1505 3903 do-

1568 1359 1698 1397 cens
1749 1346 1800 1395 h.
1839 1344 1872 1395 l.
1910 1358 2016 1395 non
2068 1347 2298 1409 cogitare
2339 1347 2613 1397 Horatium

1569 1419 1637 1469 de
1690 1419 1964 1470 Menandri
2024 1420 2326 1480 Thesauro,
2395 1421 2448 1470 in
2505 1434 2612 1483 quo

1569 1507 1733 1544 senex
1780 1494 2093 1544 thesaurum
2139 1494 2357 1558 quidem
2401 1496 2453 1545 in
2494 1508 2613 1544 mo-

1570 1569 1828 1617 numento
1862 1566 2176 1627 occultarat,
2214 1566 2312 1617 sed
2346 1582 2451 1618 non
2484 1581 2614 1617 ava-

1569 1643 1720 1691 ritiae
1745 1654 1904 1692 causa
1921 1680 1932 1700 ‚
1969 1654 2159 1691 verum
2182 1644 2243 1691 ut
2264 1641 2369 1692 filio
2391 1642 2613 1706 prodigo

1568 1716 1869 1779 patrimonii
1894 1718 2102 1779 partem
2126 1716 2381 1766 servaret.
2420 1718 2613 1767 Contra

1568 1790 1623 1839 in
1689 1787 1790 1839 alia
1858 1787 2031 1852 aliqua
2094 1789 2369 1840 Menandri
2439 1788 2614 1839 rabula

1570 1857 1876 1929 δανειστὴς
1941 1862 2182 1934 Χρέμης
2201 1900 2215 1923 ,
2289 1859 2616 1935 πρεσβύτης

1570 1935 1921 2008 φιλοκερδής
1972 1935 2217 2001 (Alciphr.
2256 1939 2386 2002 Epp.
2425 1937 2484 1998 3,
2521 1937 2612 1997 3.),

1571 2012 1789 2061 avaritia
1824 2009 2084 2075 impulsus
2120 2012 2428 2062 thesaurum
2461 2010 2618 2060 vide-

1570 2088 1659 2135 tur
1691 2085 1978 2135 defodisse.
2021 2112 2076 2121 —
2113 2086 2410 2150 Dixine-tus]
2448 2083 2620 2135 «solu-

1570 2161 1654 2218 ta.
1703 2158 1819 2208 laxa
1852 2163 2001 2209 veste
2045 2159 2325 2221 indutus»,
2373 2163 2434 2210 ut
2474 2159 2618 2210 sole-

1570 2233 1703 2283 bant
1749 2234 1963 2296 prodire
2016 2233 2259 2285 homines
2309 2232 2497 2285 molles
2553 2248 2618 2285 ac

1572 2305 1700 2355 luxu
1733 2305 1989 2356 dissoluti.
2039 2308 2160 2369 (Sat.
2203 2308 2258 2367 ⁴,
2295 2308 2352 2367 2,
2390 2308 2492 2371 25.)
2531 2309 2618 2359 Sic

1572 2377 1712 2428 Sulla
1745 2381 2028 2442 optimates
2061 2381 2275 2444 saepius
2311 2381 2613 2444 admonuit,

1574 2454 1634 2502 ut
1664 2450 1855 2503 Iulium
1890 2454 2176 2505 Caesarem
2222 2454 2356 2505 malo
2381 2456 2620 2518 praecin—

1572 2532 1709 2578 ctum
1780 2541 1993 2589 puerum
2061 2533 2307 2578 caverent.
2398 2530 2614 2579 Sueton.

1574 2600 1773 2651 1u1.45.
1798 2627 1856 2637 —
1887 2602 2104 2663 perdam
2117 2603 2284 2663 nepos]
2312 2600 2623 2664 Amplector

1573 2673 1859 2725 lectionem
1910 2674 2122 2725 Codicis
2166 2676 2515 2738 antiquissimi
2557 2678 2614 2726 B.

1572 2751 1710 2800 Nam
1758 2753 1815 2798 ut
1853 2748 1931 2800 ,ab
1981 2749 2044 2799 iis
2078 2750 2343 2799 intrusum
2377 2748 2616 2808 videtur,

1574 2823 1667 2885 qui
1716 2823 1803 2873 hic
1853 2835 2070 2886 quoque
2093 2861 2106 2884 ‚
2160 2822 2619 2885 quemadmodum

1572 2896 1629 2946 in
1648 2896 1941 2960 praecedd.
1972 2901 2029 2946 ut
2051 2897 2277 2948 Chr-ornas
2295 2936 2307 2958 ,
2345 2909 2623 2960 compara-

1574 2971 1732 3021 tionis
1769 2969 2081 3037 particulam
2119 2973 2473 3034 requirerent.
2531 2971 2623 3021 Est

1574 3047 1757 3095 autem
1808 3046 2016 3108 potius:
2076 3046 2341 3107 «perdam,
2392 3039 2622 3107 ἄσωτος

1574 3111 1708 3167 ὧν.»
1744 3120 1821 3169 Ac
1843 3117 2084 3168 similiter
2103 3118 2272 3182 Epod.
2299 3120 2358 3180 2,
2384 3120 2432 3169 5.
2477 3118 2621 3168 baud

1572 3193 1729 3257 pauci
1782 3192 1951 3242 Codd.
1996 3206 2061 3244 ex
2111 3192 2270 3255 gloss.
2330 3191 2617 3243 exhibent:

1573 3268 1745 3327 Neque
1760 3268 2017 3317 excitatur
2031 3267 2237 3317 classico
2248 3268 2308 3316 ut
2321 3267 2462 3316 miles
2471 3266 2618 3315 truci.

1578 3368 1637 3378 —
1662 3341 2254 3405 noposluuttorsohn.
2292 3341 2445 3389 Voss.
2491 3339 2626 3388 «NE-

1575 3428 1667 3466 ros
1688 3414 1988 3465 luxuriosus
2012 3428 2043 3463 a
2066 3414 2251 3465 Tuscis
2276 3412 2500 3468 diciturz
2537 3411 2623 3462 vel

1573 3500 1801 3540 Nerones
1841 3489 1967 3538 sunt
1999 3485 2299 3537 luxuriosae
2333 3487 2473 3534 vitae
2524 3485 2624 3534 ho-

1577 3563 1749 3613 mines
1789 3559 2061 3625 appellati,
2120 3558 2264 3624 quod
2313 3572 2419 3609 non
2455 3560 2625 3621 magis

1576 3636 1659 3685 his
1709 3647 1797 3684 res
1848 3646 1944 3684 sua
1994 3632 2262 3683 familiaris
2307 3646 2469 3683 curae
2521 3635 2619 3690 est,

1577 3721 1739 3772 quam
1787 3708 1874 3766 iis,
1933 3706 2127 3770 quibus
2177 3708 2331 3769 pater
2379 3718 2624 3768 avusque

1575 3782 1820 3830 vivunt.»
1881 3781 2068 3830 Fssws
2102 3778 2302 3831 Miilleri
2342 3791 2461 3842 pag.
2506 3779 2622 3828 ⁴65.

1578 3855 1685 3905 Cir.
1718 3854 1903 3906 Miiller
1934 3854 2176 3905 Etruskor
2208 3855 2246 3903 1.
2285 3867 2339 3917 p.
2373 3853 2488 3902 277.
