3234 4975
643 381 765 443 538

1410 383 1660 433 noum!
1700 383 2036 457 CARMINUM

1364 947 2048 1011 cmm-

894 1148 1101 1226 Quem
1148 1156 1249 1220 tu,
1300 1144 1734 1232 Melpomene,
1785 1143 1986 1210 semel

977 1270 1357 1335 Nascentem
1400 1265 1658 1354 placido
1701 1265 1940 1332 lumine
1985 1264 2263 1342 videriS,

894 1388 1076 1455 Illum
1121 1411 1248 1455 non
1289 1388 1474 1454 labor
1520 1386 1817 1454 Isthmius

981 1510 1259 1578 Clarabit
1300 1508 1615 1598 pugilem,
1665 1529 1793 1574 non
1841 1528 2053 1595 equus
2100 1507 2369 1595 impiger

894 1671 1098 1736 Curru
1145 1667 1337 1734 ducet
1380 1666 1657 1734 Achaico

2767 1666 2805 1726 5

771 1888 853 1937 ΙΙΙ.
892 1887 1055 1935 lnscr.
1093 1882 1229 1947 volg.
1265 1884 1341 1933 Aa
1371 1883 1726 1945 Melpomenon.
1769 1906 1822 1919 -
1861 1883 1937 1932 Aa
1968 1884 2170 1932 Musam
2202 1881 2286 1931 bc.
2332 1908 2385 1917 —
2438 1883 2514 1931 Aa
2545 1882 2739 1943 Melpo-

702 1974 877 2012 menen
907 1960 1107 2010 Musam
1140 1959 1192 2008 S.
1234 1983 1287 1994 -
1325 1958 1510 2009 Achaeo
1544 1958 1651 2018 c,F.
1694 1957 1884 2020 (Ceteri
1919 1957 2024 2006 mei
2059 1956 2313 2017 Achaico.)

706 2155 790 2204 111.
851 2155 976 2203 Post
1010 2151 1202 2203 multas
1235 2150 1349 2203 illas
1383 2165 1447 2202 ac
1481 2151 1689 2201 diutur—

645 2241 742 2279 nas
793 2227 1212 2277 obtrectatorum
1272 2229 1326 2276 et
1386 2226 1686 2290 iniquorum

643 2314 864 2353 suorum
889 2298 1243 2351 cavillationes
1266 2314 1326 2351 se
1350 2299 1568 2350 tandem
1590 2313 1687 2349 ve-

640 2389 760 2426 rum
806 2378 967 2439 atque
1012 2375 1229 2424 unicum
1275 2376 1528 2425 Romanae
1568 2374 1689 2437 fidi-

638 2451 798 2500 ciuem
818 2449 963 2512 lyrae
984 2462 1016 2499 a
1039 2449 1148 2499 suis
1171 2447 1515 2513 popularibus
1538 2447 1688 2511 agni-

643 2527 758 2576 tum
782 2538 903 2576 esse
926 2523 1170 2573 laetatur.
1201 2550 1257 2559 —
1292 2523 1550 2586 Tempus,
1578 2535 1686 2585 quo

640 2599 743 2649 hoo
768 2611 986 2648 carmen
1013 2597 1365 2661 compositum
1388 2596 1480 2656 sit,
1519 2597 1691 2646 incer-

641 2675 756 2723 tum
774 2675 873 2723 est.
907 2670 1192 2723 Grotesend
1216 2669 1380 2720 refert
1401 2670 1469 2720 ad
1493 2684 1541 2719 a.
1568 2670 1682 2720 738.

713 2749 867 2798 4-5.
926 2745 1259 2809 Melpomene]
1320 2744 1423 2796 Cir.
1470 2744 1565 2796 Od.
1617 2746 1682 2805 4,

640 2820 730 2881 24,
757 2821 805 2869 3.
844 2821 893 2879 3,
920 2820 1010 2881 30,
1039 2821 1119 2870 46.
1151 2847 1204 2855 -
1231 2819 1684 2880 semeth-videris]

642 2895 905 2958 «primum
948 2896 1109 2957 atque
1152 2896 1435 2958 propterea
1478 2894 1574 2952 ita,
1629 2896 1689 2942 ut

642 2967 781 3018 nulla
833 2967 933 3018 alia
978 2970 1057 3018 vis
1100 2967 1343 3017 malefica
1386 2969 1435 3017 ei
1468 2966 1685 3018 obstare

644 3046 701 3092 et
732 3056 926 3092 nocere
959 3044 1145 3106 postea
1180 3043 1395 3106 possit.»
1435 3071 1489 3078 —
1529 3043 1687 3093 Criti-

642 3129 763 3177 cus,
801 3118 891 3178 qui
926 3117 1062 3166 hanc
1096 3118 1427 3167 notissimam
1463 3130 1688 3167 consue-

642 3189 882 3239 tudinem
918 3191 1154 3240 Latinam
1188 3205 1239 3239 v.
1277 3192 1425 3239 semel
1473 3192 1685 3253 ignora-

642 3264 764 3327 bat,
803 3265 1027 3315 coniecit
1058 3266 1220 3315 senui.
1280 3267 1357 3315 Tu
1380 3265 1473 3315 cfr.
1500 3264 1595 3315 Od.
1625 3267 1681 3327 4,

640 3338 733 3397 24,
773 3339 852 3388 ⁴6.
899 3365 953 3374 —
983 3339 1187 3401 placido
1220 3339 1431 3401 lmine]
1480 3341 1685 3400 «Quem

640 3418 695 3464 tu
729 3413 896 3464 oculis
929 3413 1201 3465 benevolis
1222 3414 1395 3478 primo
1430 3417 1686 3479 temporis

639 3490 862 3553 punc-te,
923 3501 1029 3551 quo
1080 3491 1235 3539 natus
1287 3491 1395 3547 est,
1450 3490 1581 3554 (ipso
1634 3491 1683 3540 in

640 3564 954 3627 horoscopo)
992 3563 1289 3627 aspexeris,
1346 3564 1390 3613 is
1445 3564 1684 3627 profecto

640 3650 913 3701 nunquam
955 3639 1007 3687 in
1053 3651 1118 3688 eo
1164 3636 1485 3698 elaborabit,
1540 3640 1599 3688 ut
1633 3640 1685 3687 in

640 3715 965 3762 Graecorum
1032 3711 1168 3763 ludis
1232 3711 1461 3776 publicis
1516 3713 1686 3762 victor

641 3786 835 3836 evadat
902 3786 1082 3850 (quem
1144 3787 1403 3836 honorem
1455 3785 1523 3836 illi
1585 3786 1686 3835 Ro-

640 3874 923 3911 manorum
995 3861 1263 3925 triumpho
1331 3861 1681 3924 aequiparare

639 3934 927 4007 splebant),
965 3948 1139 3998 neque
1181 3937 1239 3984 ut
1276 3934 1439 3985 rebus
1478 3933 1683 3985 bellicis

640 4009 815 4060 clarus
850 4009 942 4059 fiat
974 4023 1039 4058 ac
1073 4009 1140 4058 de
1176 4008 1417 4059 hostibus
1461 4008 1683 4059 devictis

642 4083 984 4147 triumphet.»
1014 4111 1067 4120 ν
1102 4084 1178 4132 De
1211 4084 1431 4147 aspectu
1455 4084 1682 4133 deorum

642 4160 820 4223 opinio
865 4161 948 4208 est
996 4158 1376 4221 antiquissima.
1465 4158 1677 4209 Hesiod.

641 4233 833 4296 Theog.
856 4233 912 4283 84
935 4247 945 4279 :
975 4223 1197 4281 Ὅντινα
1214 4227 1528 4296 τιμήσουσι
1543 4228 1684 4294 Διὸς

1759 2147 1965 2221 κοῦραι
2015 2146 2330 2217 μεγάλοιο,
2401 2146 2490 2216 Τῷ
2538 2148 2648 2215 μὲν
2710 2148 2806 2202 ἐπὶ

1759 2222 1994 2296 γλώσσῃ
2043 2221 2322 2297 γλυκερὴν
2370 2226 2629 2285 χείουσιν
2673 2218 2805 2275 ἀοι-

1758 2296 1883 2366 δήν.
1954 2300 2103 2350 Pind.
2131 2299 2338 2364 olymp.
2366 2301 2423 2360 7,
2452 2301 2538 2349 44;
2573 2290 2805 2350 “Anava

1759 2374 1806 2425 δ’
1842 2369 2021 2426 ἄλλον
2054 2370 2355 2426 ἐποπτεύει
2375 2369 2564 2444 Χαρις
2585 2371 2805 2437 ζωθάλ-

1758 2464 1909 2514 μιος.
1947 2451 2169 2500 Theocr.
2198 2450 2255 2511 9,
2282 2449 2370 2500 35:
2410 2445 2517 2513 οὓς
2537 2443 2662 2537 γὰρ
2670 2443 2807 2520 6ρῆ-

1758 2537 1820 2572 ‘ca
1875 2521 2120 2589 (Μῶσαι)
2195 2520 2517 2584 Γαθεῦσαι,
2591 2519 2703 2587 τώς
2758 2522 2804 2572 δ’

1760 2591 1938 2649 οὔτι
1923 2595 2077 2665 ποτῷ
2111 2594 2408 2662 δαλήσατο
2441 2560 2641 2669 Kima-
2712 2598 2804 2649 Al-

1759 2673 1925 2736 ciphr.
1963 2673 2020 2735 3,
2065 2671 2161 2724 44:
2215 2667 2641 2761 εὐμενεστέροις
2690 2689 2804 2738 ομ-

1755 2761 1938 2813 μασιν
1982 2746 2202 2798 ἐκεῖνον
2251 2744 2405 2798 εἶδον
2437 2749 2504 2798 αἱ
2532 2744 2797 2819 Χαριτες.

1759 2818 1849 2889 Τῷ
1883 2825 2202 2894 κυριωτέρῳ
2246 2837 2345 2874 usa
2378 2826 2463 2875 est
2493 2824 2704 2887 Sappho
2748 2824 2800 2872 in

1757 2896 1912 2948 simili
1964 2899 2222 2948 sententia
2277 2899 2357 2947 Pr.
2412 2897 2510 2947 90:
2567 2896 2798 2959 (Musae)

1757 2969 1835 3020 At
1863 2985 1939 3035 με
1971 2972 2165 3035 τιμίαν
2197 2970 2514 3036 ἐποίησαν,
2560 2986 2698 3040 εργα
2728 2966 2801 3021 τὰ

1757 3039 1885 3106 σφὰ
1917 3042 2128 3094 δοῖσαι.
2171 3072 2224 3082 -
2267 3045 2411 3095 labor
2428 3046 2680 3107 Istlmmts]
2716 3047 2802 3096 Sic

1755 3131 1919 3182 saepe
1954 3118 2096 3182 apud
2130 3118 2415 3169 Pindarum
2450 3119 2517 3170 de
2549 3120 2632 3170 his
2663 3118 2801 3170 ludis

1755 3189 2051 3258 κάματος,
2088 3187 2282 3255 πόνος.
2333 3195 2460 3244 Stat.
2488 3192 2610 3243 Silv.
2637 3193 2695 3254 4,
2737 3192 2796 3255 4,

1755 3267 1845 3316 3⁴:
1881 3267 1991 3316 Elei
2022 3266 2232 3317 labore&
2279 3295 2334 3304 -
2371 3267 2611 3329 clarabit]
2658 3265 2801 3317 «cla-

1755 3354 1876 3391 rum
1900 3340 2114 3401 reddet,
2153 3339 2486 3401 illustrabit»;
2526 3340 2802 3391 «nobilita-

1754 3415 1821 3465 tis
1834 3433 1879 3464 ι».
1923 3416 2106 3465 Senot..
2155 3414 2389 3465 Verbum
2422 3418 2505 3465 est
2536 3416 2801 3479 antiquius

1756 3503 1820 3540 ae
1842 3491 2129 3553 poeticum.
2166 3517 2219 3526 —
2251 3490 2417 3551 ducet]
2457 3488 2718 3539 «reducet
2747 3490 2799 3538 in

1755 3564 2039 3627 patriam‚»
2076 3562 2172 3613 Od.
2199 3562 2247 3625 4,
2274 3565 2332 3625 2,
2361 3564 2449 3623 ⁴73
2488 3563 2797 3626 neutiquam

1754 3651 1884 3688 vero
1917 3650 2044 3687 cum
2078 3636 2220 3688 aliis:
2270 3638 2354 3688 «in
2385 3638 2504 3701 ipso
2539 3635 2800 3687 curriculo

1753 3713 2013 3762 victorem
2035 3711 2278 3762 reddet.»
2308 3738 2363 3748 -
2387 3711 2618 3772 Achaico]
2654 3712 2801 3760 Tunc

1755 3788 1865 3836 tota
1898 3788 2118 3837 Graecia
2153 3801 2184 3837 a
2219 3786 2466 3837 Romanis
2500 3786 2694 3836 Achaia
2717 3797 2802 3835 so-

1755 3860 1901 3910 lebat
1949 3859 2220 3925 appellari.
2291 3863 2406 3911 Non
2458 3864 2541 3912 est
2586 3873 2682 3910 cur
2730 3860 2800 3909 ad

1755 3935 2031 3984 victoriam
2053 3936 2330 3985 dumtaxat
2345 3933 2673 3999 olympicam
2699 3934 2802 3982 hoc

1755 4008 2051 4060 referamus
2066 4048 2078 4069 ,
2114 4008 2212 4060 sed
2242 4009 2537 4072 generatim
2571 4007 2802 4071 loquitur

1756 4084 1823 4134 de
1859 4083 1995 4134 ludis
2030 4085 2280 4134 Graeciae
2315 4082 2558 4149 publicis.

1820 4159 1931 4209 6-8.
1972 4158 2126 4209 Deliis
2145 4158 2328 4221 -t'olt‘t‘sJ
2354 4156 2533 4208 «lauro
2553 4154 2801 4221 Apollinis

1754 4234 1806 4283 in
1851 4232 1981 4282 Delo
2028 4231 2192 4283 insula
2230 4233 2390 4281 nati.»
2419 4259 2474 4268 —
2500 4229 2798 4291 contuderit]
