3234 4975
1406 402 1664 452 HORATII
1700 401 2038 455 CARMINUM

896 557 1144 624 Tiburis
1189 558 1362 645 ripas
1406 578 1687 645 operosa
1728 578 1969 646 parvus

1159 678 1455 745 Carmina
1496 678 1688 767 fingo.

896 836 1210 903 Concines
1253 837 1499 903 maiore
1543 843 1734 924 po'eta
1785 835 2029 923 plectro

895 959 1269 1032 Caesarem,
1322 956 1718 1045 quandoque
1760 956 1970 1024 trahet
2007 957 2259 1025 feroces

895 1083 1021 1147 Per
1062 1100 1323 1146 sacrum
1363 1077 1599 1145 clivum
1640 1078 1869 1145 merita
1916 1077 2196 1145 decorus
2730 1083 2813 1147 35

1149 1199 1403 1267 Fronde
1447 1197 1843 1289 Sygambros
1866 1250 1880 1278 ,

770 1362 851 1413 34.
904 1362 1041 1412 rivos
1072 1359 1241 1412 Bentl.
1279 1360 1417 1411 coni.
1478 1386 1531 1396 —
1589 1357 1674 1410 34.
1711 1358 1882 1408 trahat
1931 1370 2201 1424 superscr.
2258 1357 2375 1410 «vel
2425 1360 2619 1410 trahet»
2655 1360 2714 1411 d.
2758 1388 2812 1397 —

707 1438 787 1487 35.
824 1437 1004 1487 clivom
1035 1433 1202 1487 Bentl.
1245 1461 1300 1471 -
1337 1433 1421 1484 36.
1457 1432 1764 1497 Squnbros
1796 1430 1938 1494 Bbc,
1985 1434 2054 1494 C,
2100 1431 2298 1494 BentL,
2337 1435 2483 1486 FMJ:
2536 1435 2752 1497 sucatu-

705 1511 821 1561 bros
851 1513 915 1571 S,
952 1510 1238 1561 Sicambros
1270 1507 1441 1569 cd,Lt.

705 1650 787 1700 34.
833 1649 915 1700 32.
961 1650 1134 1713 ripas]
1186 1646 1457 1709 absolute,
1493 1648 1554 1697 ut
1586 1646 1684 1697 Od.
1762 1658 1885 1697 mus
1936 1646 2233 1711 interpres:
2300 1649 2427 1698 «Du
2471 1650 2618 1699 wint
2663 1649 2816 1699 sciton

640 1725 699 1785 3,
734 1725 801 1774 25
824 1762 836 1786 ‚
878 1723 960 1774 43.
986 1761 998 1784 ,
1057 1723 1152 1773 ubi
1184 1736 1292 1773 non
1326 1722 1502 1773 minus
1536 1720 1688 1772 facile
1762 1720 1953 1782 bemr,
1989 1721 2068 1770 als
2097 1722 2206 1783 ich,
2242 1722 2337 1771 don
2368 1722 2618 1786 Amyn-stus
2649 1722 2814 1774 bosin-

638 1798 789 1849 Hebri
845 1799 1040 1862 cuique
1113 1799 1166 1848 in
1240 1799 1479 1847 mentem
1543 1798 1691 1847 venit

639 1884 804 1936 quam
849 1871 937 1921 hic
968 1870 1185 1921 Anionis.
1236 1871 1556 1934 Neutiquam
1591 1871 1690 1934 igi-

638 1950 726 1997 tur
744 1947 882 1995 rivos
913 1943 1216 2008 legendum.
1249 1968 1302 1981 -
1331 1944 1579 2017 operosaL
1595 1958 1691 2009 op-

638 2021 911 2086 ponuntur
943 2020 1031 2080 iis,
1081 2031 1218 2081 quae
1258 2020 1462 2083 poetis,
1522 2020 1690 2085 inspi-

638 2092 881 2145 rantibus
904 2093 1093 2154 Musis,
1146 2091 1308 2143 veluti
1342 2095 1532 2157 sponte
1566 2106 1692 2158 pro-

637 2167 873 2219 veniunt.
914 2193 971 2204 —
1002 2166 1223 2232 pao-vus]
1262 2169 1352 2217 «ut
1383 2171 1497 2231 apis
1532 2180 1689 2219 com-

635 2243 822 2307 parata
865 2253 992 2291 cum
1036 2253 1238 2303 cycno,
1290 2241 1361 2291 ita
1412 2254 1510 2304 ego
1560 2255 1689 2292 cum

636 2316 865 2367 Pindaro
917 2316 1238 2367 commissus
1255 2355 1268 2378 ,
1344 2318 1518 2368 tenuis
1564 2329 1687 2367 sum

638 2394 801 2456 atque
850 2390 1065 2442 humilis
1125 2392 1335 2456 poeta.»
1398 2419 1454 2428 —
1523 2390 1685 2455 fingo]

636 2461 864 2517 πλάττω
884 2502 900 2527 ,
946 2464 1115 2517 verbo
1149 2466 1365 2517 Graecis
1399 2464 1467 2516 de
1514 2463 1687 2517 melli-

632 2541 756 2593 flcio
789 2542 1028 2607 proprio.

700 2616 783 2667 33.
843 2616 1079 2667 conches
1125 2614 1258 2679 cet]
1312 2614 1571 2677 «Dignius
1629 2617 1686 2665 tu

634 2703 797 2741 canes
831 2690 902 2740 ad
940 2688 1139 2753 lyram,
1186 2689 1362 2739 maius
1395 2701 1686 2751 argumen-

634 2768 748 2816 tum
792 2765 1141 2823 tractatuum,
1194 2763 1413 2826 Augusti
1460 2760 1648 2813 laudes
1668 2801 1681 2824 ,

632 2851 767 2904 quas
822 2850 1047 2901 operosa
1104 2849 1224 2886 mea
1285 2836 1521 2887 carmina
1577 2849 1684 2886 non

631 2914 1045 2976 assequuntur.»
1102 2911 1188 2960 Sic
1230 2911 1375 2960 enim
1413 2908 1554 2962 malo
1589 2923 1684 2960 ex-

630 2986 827 3053 plicare
861 2998 1024 3050 quam
1059 2996 1184 3035 cum
1216 2987 1461 3035 Acrone:
1509 2986 1685 3036 «Can-

630 3061 772 3113 tabis
807 3060 1090 3110 nobiscum
1124 3061 1204 3120 tu,
1242 3060 1493 3121 Antoni‚»
1536 3059 1683 3123 quod

630 3133 827 3202 probat
849 3136 1022 3197 Unger
1044 3131 1113 3183 de
1139 3134 1197 3183 C.
1223 3132 1404 3196 Valgio
1432 3146 1554 3199 pag.
1595 3134 1677 3185 24.

631 3210 842 3263 Etenim
879 3209 925 3259 si
969 3208 1072 3258 hoc
1115 3206 1370 3258 voluisset
1401 3208 1648 3258 Horatius
1665 3246 1678 3268 ‚

630 3286 720 3336 hic
770 3283 951 3335 statim
1001 3280 1433 3344 subiungendum
1482 3279 1681 3345 aliquid

630 3359 819 3412 fuisset
839 3357 909 3408 de
931 3359 1084 3421 parte
1103 3355 1171 3406 ab
1196 3357 1313 3419 ipso
1336 3356 1390 3405 in
1413 3355 1495 3405 his
1516 3353 1683 3406 laudi-

631 3434 736 3485 bus
767 3432 993 3483 Antonio
1028 3429 1362 3481 demandatis
1397 3442 1683 3481 assumen-

638 3508 725 3559 da.
752 3534 805 3544 —
833 3507 1061 3571 Iungunt
1083 3505 1304 3569 quidam
1318 3508 1475 3567 poeta
1488 3506 1686 3555 maiore

625 3582 816 3645 plectro
860 3579 1187 3645 (praeditus);
1249 3578 1348 3630 sed
1387 3576 1680 3644 simplicius

631 3658 736 3708 est:
795 3656 1022 3707 concines
1061 3655 1258 3705 maiore
1297 3653 1525 3715 plectro,
1579 3652 1682 3701 «ut

628 3732 790 3796 poeta
807 3743 938 3780 vere
962 3731 1065 3779 hoc
1088 3729 1303 3780 nomine
1327 3728 1545 3791 dignus,
1569 3724 1682 3792 ple-

630 3806 780 3855 niore
809 3816 967 3865 sono,
1005 3802 1302 3866 grandioris
1327 3801 1542 3866 spiritus
1567 3813 1681 3851 car-

629 3880 826 3929 mine.»
894 3879 980 3928 Sic
1026 3878 1174 3928 ovid.
1227 3877 1349 3929 Met.
1400 3876 1490 3937 40,
1549 3875 1673 3925 ⁴5⁰:

627 3953 785 4003 cecini
819 3952 1008 4014 placa-o
1049 3952 1288 4015 graviore
1330 3950 1578 4014 Gigantas
1599 3974 1628 3984 -
1650 3975 1680 3986 -

626 4028 776 4077 Nunc
797 4039 921 4088 opus
939 4031 1011 4076 ost
1031 4027 1215 4077 leviore
1230 4026 1366 4088 lyra.
1405 4024 1675 4087 (Ceterum

629 4101 880 4151 Horatius
932 4112 1205 4164 nunquam
1250 4098 1491 4165 profecto
1531 4099 1681 4161 cogi-

628 4175 758 4226 tavit
779 4175 846 4226 de
869 4176 1102 4239 Augusto
1137 4186 1263 4225 cum
1285 4173 1509 4224 Pindaro
1533 4185 1680 4224 com-

627 4249 895 4315 parando,
948 4251 1007 4300 ut
1050 4249 1295 4313 opinatus
1330 4250 1414 4298 est
1447 4248 1677 4299 novissi-

1759 1808 1889 1858 90⁷⁸,
1949 1795 2042 1844 dor
2098 1796 2180 1845 oin
2230 1796 2480 1846 Melies
2511 1797 2666 1848 Gonia
2715 1798 2816 1848 wic

1759 1870 1950 1919 Pindas-
1981 1870 2068 1932 ist,
2116 1871 2284 1920 doxon
2314 1871 2682 1936 Bestrobmqen
2711 1872 2816 1922 wir

1760 1943 2010 1994 kldnorcn
2048 1944 2242 1994 θάκων·
2284 1944 2383 1995 allo
2423 1946 2633 2009 sordem
2678 1949 2814 1996 nuts-

1759 2018 1921 2083 sonnj
1960 2043 2011 2056 -
2044 2018 2217 2082 poeta]
2251 2019 2449 2084 quippe
2472 2021 2566 2084 qui
2594 2021 2813 2072 Diome—

1761 2091 1922 2142 deam
1954 2094 2331 2158 composuerit.

1828 2193 1908 2245 34.
1947 2195 2260 2261 quandoque]
2295 2195 2811 2260 «quandocunque»

1761 2271 1894 2319 Nam
1929 2272 2055 2320 tunc
2087 2270 2267 2333 ipsum
2299 2283 2407 2320 non
2441 2270 2709 2334 cogitabat
2741 2270 2812 2321 de

1763 2344 2030 2407 triumpho
2065 2343 2331 2394 ducendo.
2386 2345 2560 2394 Immo
2594 2358 2643 2394 a.
2667 2358 2722 2395 u.
2751 2358 2800 2395 c.

1760 2416 1873 2468 744.
1911 2419 2180 2481 Augustus
2216 2416 2380 2468 rebus
2415 2416 2638 2480 Gallicis,
2676 2422 2810 2470 Ger-

1761 2494 2011 2553 maniciS‚
2083 2494 2489 2557 Hispanicisque
2558 2494 2809 2546 omnibus

1761 2566 2070 2630 compositis
2121 2565 2358 2617 honores
2407 2580 2437 2617 a
2485 2571 2676 2618 senatu
2710 2568 2809 2619 de-

1761 2643 1940 2692 cretos
1992 2654 2100 2691 non
2141 2641 2349 2705 accepit
2392 2643 2446 2692 et
2489 2644 2770 2707 praeterea
2792 2682 2805 2706 ‚

1760 2727 2044 2765 occursum
2081 2713 2262 2779 populi
2294 2716 2553 2766 vitaturus
2572 2754 2584 2777 ,
2644 2718 2804 2767 noctu

1757 2788 1954 2838 urbem
1989 2788 2215 2839 intravit.
2272 2788 2384 2852 (Dio
2421 2790 2567 2840 Cass
2594 2789 2676 2851 54,
2702 2790 2805 2852 25.)

1758 2863 1852 2913 Est
1898 2862 2087 2925 igitur:
2164 2874 2322 2913 «cum
2372 2863 2473 2927 ipsi
2523 2861 2807 2927 aliquando

1758 2936 1994 3001 placebit
2051 2936 2445 3001 triumphare.»
2502 2966 2556 2975 -
2617 2939 2804 3003 trahet]

1759 3012 1888 3076 Epp.
1926 3012 1983 3072 2,
2022 3012 2080 3072 4,
2123 3011 2248 3061 494τ
2285 3013 2413 3061 Mox
2446 3011 2667 3062 trahitur
2695 3026 2808 3063 ma-

1755 3086 1900 3136 nibus
1929 3098 2108 3150 regim·
2139 3085 2368 3135 Fortuna
2397 3087 2614 3136 retortis.

1821 3189 1903 3240 35.
1955 3200 2157 3238 saonam
2189 3187 2395 3251 clivum]
2442 3189 2606 3239 Sacer
2639 3187 2806 3238 clivus

1755 3276 1787 3312 a
1820 3260 1964 3312 nullo
1997 3261 2258 3326 scriptore
2294 3263 2625 3312 memoratur
2642 3273 2806 3325 prae-

1755 3340 2002 3400 terquam
2042 3336 2110 3387 ab
2147 3337 2359 3387 Horatio
2406 3338 2461 3387 et
2502 3350 2534 3386 a
2569 3334 2804 3388 Martiale

1757 3413 1816 3472 4,
1869 3411 1959 3473 70,
2012 3412 2061 3461 5.
2137 3412 2350 3462 Partem
2399 3410 2560 3461 fuisse
2609 3412 2804 3461 Sacrae

1753 3486 1870 3535 viae
1917 3483 2107 3535 leniter
2147 3485 2560 3547 ascendentem,
2622 3483 2804 3535 diver-

1754 3573 1873 3612 sam
1906 3573 1937 3611 a
1971 3559 2109 3610 clivo
2145 3560 2439 3627 Capitolino
2476 3561 2660 3625 (quem
2692 3574 2806 3611 me-

1752 3636 1927 3685 morat
1973 3635 2142 3686 Varro
2200 3638 2297 3686 LL.
2335 3637 2393 3697 5,
2430 3634 2512 3686 47.
2550 3648 2673 3699 pag.
2714 3636 2795 3685 48.

1754 3707 1972 3771 ΜιιεῙΙ.),
2014 3709 2289 3760 contendit
2310 3711 2413 3761 Fea
2449 3709 2516 3759 ad
2542 3708 2712 3773 Epod.
2750 3709 2798 3769 7,

1753 3784 1801 3833 8.
1858 3783 1989 3833 Vide
2026 3784 2135 3833 iam
2168 3784 2483 3833 Excursum.

1819 3875 1900 3925 36.
1926 3875 2249 3940 Snyambros]
2272 3875 2429 3940 Apud
2452 3877 2573 3928 Tac.
2594 3879 2728 3927 Ann.
2749 3878 2798 3937 2,

1750 3949 1833 3999 26.
1871 3950 2125 4001 scribitur
2156 3950 2495 4014 Suqoenbros,
2553 3953 2614 4001 ut
2645 3952 2803 4001 Suria

1753 4025 1857 4074 cet.
1928 4023 2172 4075 Straboni
2195 4023 2244 4076 4.
2270 4037 2324 4089 p.
2354 4024 2467 4079 494.
2505 4028 2630 4076 sunt
2660 4020 2800 4076 Σού-

1750 4097 2025 4169 γαμβροι,
2062 4099 2216 4149 Dioni
2231 4098 2314 4159 454,
2335 4099 2417 4150 20.
2445 4095 2798 4169 Σύγαμβροι,

1751 4171 1981 4238 populus
2024 4173 2338 4225 Germaniae
2383 4175 2614 4224 tractum
2666 4174 2803 4223 inter

1753 4248 1995 4299 Rhenum
2018 4286 2030 4309 ,
2090 4248 2284 4311 siglam
2334 4248 2392 4299 et
2438 4248 2698 4313 Luppiam
2743 4247 2796 4296 ss.
