3234 4975
1229 396 1345 445 un.
1385 394 1420 442 Ι.
1493 394 1550 442 C.
1589 391 1715 441 XlX.

2446 384 2568 450 lla

1113 621 1898 686 mxu-¹

953 796 1152 861 Mater
1195 814 1391 860 saeva
1439 791 1827 880 Cupidinum

785 916 1259 1003 Thebanaeque
1307 913 1483 981 iubet
1525 934 1631 980 me
1676 910 1966 979 Semeles
2010 931 2175 998 puer

954 1039 1030 1104 Et
1070 1036 1312 1104 lasciva
1352 1036 1637 1104 Licentia

783 1160 1005 1227 Finitis
1049 1160 1332 1226 animum
1375 1156 1652 1224 reddere
1695 1154 2041 1223 amoribus.

536 1314 663 1364 XIX.
733 1314 895 1363 Inscr.
943 1309 1081 1374 volg.
1151 1312 1230 1360 De
1272 1309 1500 1371 Glycera.
1544 1334 1598 1343 —
1635 1307 1712 1357 Ad
1745 1320 1964 1369 puerum
2007 1319 2152 1355 num
2195 1306 2254 1354 do
2292 1304 2505 1366 Glycera

469 1389 562 1439 BS.
605 1415 660 1423 —
695 1388 770 1437 Ad
795 1400 1012 1449 puerum
1042 1399 1189 1436 sutem
1222 1386 1281 1434 do
1314 1384 1539 1435 Glicerae
1571 1394 1745 1431 annor-e
1778 1382 1834 1430 T.
1878 1408 1931 1416 —
1968 1381 2017 1429 2.
2054 1379 2221 1429 iubent
2264 1379 2500 1442 quinque

476 1462 720 1526 Cruquii,
757 1462 826 1523 B,
867 1458 1033 1526 γκλμ.
1073 1458 1225 1524 (iubet
1256 1458 1422 1509 ceteri
1454 1457 1621 1508 nostri
1655 1459 1711 1506 et
1741 1454 1873 1519 βω.)
1896 1482 1949 1491 -
1971 1455 2191 1505 Semelae
2211 1452 2336 1515 bSc,
2373 1454 2503 1503 item

470 1554 506 1603 y
537 1540 674 1587 teste
709 1536 919 1586 Kirchn.
955 1536 1018 1585 N.
1056 1535 1118 1594 Q.
1157 1534 1216 1585 fl.
1255 1545 1310 1598 p.
1348 1531 1452 1592 36.,
1489 1531 1594 1582 LtJ.
1624 1529 1830 1594 (δυνηθῶ
1851 1530 1965 1594 Td.)
1994 1557 2049 1565 —
2075 1530 2124 1580 3.
2150 1528 2373 1579 libentia
2395 1541 2506 1578 ma-

471 1610 616 1662 lebat
634 1609 803 1661 Bentl.

471 1733 598 1783 XIX.
653 1732 848 1781 Finitos
882 1743 1003 1780 cum
1027 1729 1279 1781 crederet
1300 1742 1454 1779 amo—

408 1820 516 1867 res,
545 1819 730 1857 amore
754 1804 1012 1869 Glycerae
1035 1804 1214 1855 denuo
1236 1806 1455 1868 captum

407 1895 468 1931 se
501 1879 797 1944 profitetur.
852 1880 1220 1944 compositum
1240 1877 1456 1928 videtur

408 1957 513 2005 hoc
547 1968 767 2006 cannen
800 1968 849 2004 a.
887 1954 983 2003 729
1015 1953 1100 2004 vel
1138 1953 1255 2004 730.

478 2030 586 2079 4-3.
655 2029 823 2093 saeva]
861 2030 1211 2093 «imperiosa,
1250 2029 1336 2078 cui
1365 2041 1457 2078 ne-

411 2118 499 2155 mo
552 2105 808 2154 resistere
870 2106 1115 2168 potest3»
1184 2114 1453 2153 summam

412 2180 556 2229 enim
587 2176 894 2228 violentiam
930 2179 982 2228 in
1015 2178 1242 2227 miseros
1267 2188 1456 2226 aman·

409 2255 491 2303 tes
512 2254 745 2302 exercet.
805 2254 957 2303 Hunc
992 2250 1317 2302 versiculum
1350 2252 1454 2301 hoc

413 2329 588 2391 ipsum
630 2340 850 2377 carmen
895 2327 1288 2389 significaturus
1322 2338 1456 2376 con-

413 2400 551 2451 sulto
585 2403 801 2464 repetiit
834 2401 928 2451 Od.
966 2400 1016 2462 4,
1045 2402 1090 2462 4,
1117 2402 1166 2450 5.
1208 2427 1262 2435 -
1301 2400 1456 2462 Cupi-

413 2477 601 2541 dinum]
646 2478 992 2528 Recentiores
1035 2478 1256 2542 poetae,
1302 2489 1456 2527 amo-

409 2564 530 2600 rum
559 2553 875 2602 varietatem
908 2552 1276 2615 respicienteS‚
1313 2548 1455 2600 mul-

410 2627 493 2674 tos
549 2627 836 2690 Cupidines
891 2627 1114 2676 Veneris
1183 2626 1454 2675 comitatui

410 2699 720 2763 adiungunt.
792 2699 899 2752 Cir.
954 2701 1080 2750 Stat.
1134 2699 1258 2750 Silv.
1306 2700 1354 2762 4,
1399 2701 1450 2760 2,

410 2773 500 2823 6⁴:
535 2775 628 2824 Hic
652 2789 788 2837 puer
818 2789 845 2824 e
877 2775 1026 2825 turba
1057 2776 1336 2835 volucrum,
1374 2775 1457 2823 cui

403 2847 653 2908 pamm
670 2851 803 2913 ignis
824 2851 921 2900 Ore
941 2863 1196 2912 manuque
1215 2850 1310 2898 levi
1328 2862 1458 2897 nun-

410 2936 563 2984 quam
608 2924 860 2987 frustrata
897 2926 1098 2988 sagitta.
1179 2923 1449 2974 Claudian.

413 2995 481 3047 de
519 3000 674 3061 Nupt.
712 2999 845 3048 Hon.
883 3000 972 3048 72:
1010 3000 1147 3049 Mille
1171 2997 1456 3060 pharetrati

409 3073 586 3121 ludunt
605 3073 658 3121 in
691 3074 923 3136 marqine
940 3073 1145 3136 βαίνω,
1173 3075 1268 3122 Ore
1283 3085 1452 3135 ραι-οε,

408 3147 590 3195 similes
620 3146 817 3208 habitu,
854 3160 974 3210 qens
1003 3148 1167 3197 mollis
1197 3147 1450 3197 Amomm.

409 3221 511 3270 Hos
540 3220 799 3281 NJmphaa
835 3222 1075 3282 par-imit,
1121 3222 1264 3271 illum
1299 3223 1457 3271 Venus

410 3307 574 3344 aurea
592 3295 753 3344 solum
772 3295 960 3345 Edidit.
993 3295 1234 3346 Philostr.
1256 3298 1450 3359 lmagg.

414 3371 461 3429 i,
499 3369 555 3418 6:
605 3370 658 3419 εἰ
687 3366 748 3419 δὲ
783 3365 1008 3435 πλῆθος
1033 3364 1327 3441 Ἐρώτων,
1369 3366 1454 3436 μὴ

409 3438 745 3515 θαυμάσῃς·
800 3441 1064 3508 Νυμφῶν
1085 3442 1195 3516 γὰρ
1226 3442 1297 3512 δὴ
1332 3451 1460 3497 παῖ-

410 3517 505 3582 δες
527 3508 692 3570 οὗτοι
712 3521 1019 3585 γίγνονται.
1072 3522 1253 3572 Venus
1276 3535 1307 3571 a
1329 3523 1461 3572 duo-

414 3595 517 3645 bus
540 3595 890 3659 Cupidinibus
922 3608 1023 3658 per
1044 3599 1228 3645 aerem
1250 3595 1458 3647 sublata

416 3671 500 3719 est
518 3670 575 3718 in
588 3668 980 3732 elegantissimo
1001 3681 1130 3718 vase
1151 3671 1295 3734 picto
1318 3673 1460 3735 apud

412 3742 674 3805 uiningen
722 3745 859 3794 Mon.
905 3745 944 3793 1.
993 3744 1050 3793 T.
1094 3743 1173 3794 ⁴3.
1221 3772 1275 3781 -
1310 3746 1457 3810 iubet]

411 3820 472 3868 In
505 3819 641 3867 meis
677 3816 844 3868 Codd.
883 3821 970 3869 est
1001 3817 1187 3882 singul.
1223 3833 1325 3872 nec
1346 3821 1463 3885 plu-

413 3891 582 3942 ralem
616 3905 682 3942 ex
717 3895 828 3944 suis
859 3897 1129 3944 memorat
1160 3896 1455 3948 Pottierius.

416 3967 511 4016 «Et
530 3968 676 4017 amat
695 3967 945 4018 Horatius
968 3967 1022 4018 in
1044 3969 1306 4019 eiusmodi
1337 3983 1462 4020 con-

412 4042 706 4091 structione
762 4042 1085 4105 singularem
1153 4056 1454 4094 numerum.

411 4113 546 4164 Vide
594 4116 665 4165 ad
716 4117 774 4167 C.
822 4118 869 4178 4,
914 4115 998 4176 24,
1043 4117 1126 4167 8.»
1174 4118 1357 4168 Bsm..
1401 4145 1455 4154 -

412 4190 621 4240 Semeles
654 4194 710 4240 et
741 4193 962 4256 propter
993 4193 1188 4243 Horatii
1223 4205 1382 4242 usum
1405 4192 1457 4241 in

413 4265 742 4317 carminibus
786 4264 973 4329 lyricis
1019 4269 1073 4318 et
1109 4271 1329 4332 propter
1364 4263 1459 4318 εὕ-

1527 1729 1753 1791 movear
1793 1730 1917 1792 post
1961 1725 2214 1776 Thebanae
2260 1724 2571 1788 praeferen-

1528 1802 1660 1853 dum
1709 1800 2022 1862 videbatur,
2075 1802 2174 1850 etsi
2217 1799 2383 1850 Codd.
2438 1814 2570 1851 con-

1529 1890 1723 1928 sensus
1756 1871 1899 1928 savet
1934 1875 2136 1926 formae
2171 1876 2406 1925 Semelae.
2466 1877 2569 1925 Ea-

1529 1952 1656 2003 dem
1690 1952 2054 2002 controversia
2090 1953 2175 2000 est
2206 1950 2351 2014 apud
2383 1949 2566 2001 Tibull.

1528 2027 1578 2087 3,
1624 2025 1673 2085 4,
1720 2026 1809 2078 45:
1861 2027 2029 2076 Proles
2075 2027 2284 2076 Semeles
2330 2026 2567 2091 Bacchus.

1529 2101 1634 2152 Cir.
1673 2101 1912 2151 Oudend.
1950 2101 2020 2150 ad
2052 2099 2203 2165 Apul.
2241 2102 2364 2152 Met.
2402 2113 2453 2163 p.
2486 2099 2566 2149 97.

1527 2178 1589 2226 A.
1652 2175 1911 2238 (Semelen
1948 2178 2003 2225 et
2033 2175 2305 2226 Bacchum
2338 2176 2477 2224 inter
2509 2187 2569 2225 se

1529 2248 1893 2312 colloquentes
1937 2264 1990 2299 v.
2034 2252 2171 2301 Mon.
2218 2249 2326 2299 ἄση*
2360 2252 2477 2300 Just.
2518 2250 2565 2299 4.

1528 2325 1608 2373 56.
1647 2324 1728 2386 Α.)
1785 2325 2028 2374 Bacchus
2063 2327 2243 2374 autem
2276 2337 2439 2387 saepe
2462 2324 2569 2373 Ve-

1529 2399 1674 2448 neris
1709 2401 1765 2448 et
1794 2400 2003 2449 Amoris
2037 2411 2222 2449 comes
2255 2412 2321 2449 ac
2353 2397 2565 2448 sodalis.

1528 2475 1720 2524 Anacr.
1768 2475 1975 2537 Fragm.
2012 2474 2061 2523 2.
2098 2474 2285 2537 Bergk.
2323 2471 2392 2523 ad
2434 2474 2572 2524 Bac-

1530 2548 1726 2598 chum:
1781 2539 1961 2611 ὦναξ,
2007 2537 2054 2614 ᾦ
2097 2545 2361 2612 δαμάλης
2379 2541 2569 2618 Ἔρως

1529 2651 1558 2661 -
1592 2651 1624 2661 -
1658 2624 1957 2693 πορφυρέη
1998 2625 2044 2671 τ’
2085 2616 2384 2692 Ἀφροδίτη
2418 2637 2569 2688 συμ-

1530 2699 1847 2760 παίζουσιν.
1884 2698 2103 2748 Rufinus
2137 2699 2191 2746 in
2224 2696 2431 2747 Anthol.
2457 2697 2566 2747 Pal.

1528 2774 1565 2822 1.
1594 2786 1648 2836 p.
1678 2772 1788 2821 ⁴09.
1847 2772 2119 2821 Bacchum
2138 2764 2399 2842 Ἵῑρωτος
2430 2769 2573 2837 βοη-

1528 2843 1643 2897 θὸν
1676 2849 1851 2896 vocat.
1895 2873 1949 2882 -
1984 2846 2223 2909 Licentia]
2274 2847 2367 2896 Est
2387 2839 2573 2917 Ὕβρις

1528 2924 1647 2973 dea.
1698 2922 1806 2971 Cic.
1855 2921 1922 2970 de
1967 2921 2123 2982 Legg.
2159 2922 2208 2981 2,
2249 2922 2326 2970 47.
2374 2935 2571 2993 τροπι-

1525 2997 1670 3061 κῶς;
1711 2999 1757 3060 (a
1792 2996 1988 3058 Clodio)
2024 2997 2078 3045 in
2108 3010 2334 3046 meorum
2364 2999 2575 3048 Lao-{mn

1525 3073 1717 3125 sedibus
1749 3072 2131 3135 evaediflcatmn
2150 3072 2386 3133 templmn
2407 3074 2574 3122 Licen-

1526 3151 1642 3199 tiae.
1714 3149 1828 3197 Non
1870 3147 2048 3196 omisit
2089 3159 2209 3197 eam
2252 3147 2305 3196 in
2348 3147 2571 3197 Veneris

1529 3223 1783 3273 comitatu
1817 3220 2137 3271 Claudianus
2170 3219 2204 3270 l.
2241 3219 2275 3269 l.
2314 3221 2402 3271 78:
2440 3222 2576 3271 nullo

1527 3299 1801 3349 constricta
1849 3297 2067 3346 Licentia
2104 3296 2250 3344 nodo.
2339 3295 2571 3358 (Bentleii

1530 3373 1762 3436 suspicio
1796 3370 2019 3420 Libentia
2053 3370 2250 3419 nemini
2290 3382 2349 3419 se
2395 3370 2571 3420 adbuc

1529 3445 1805 3512 probavit:
1844 3446 1899 3494 et
1931 3444 2138 3494 merito.
2164 3443 2331 3492 Plauti
2355 3446 2497 3493 enim
2520 3447 2574 3494 et

1531 3520 1676 3572 Gellii
1698 3519 1817 3581 loci,
1855 3532 1990 3582 quos
2024 3517 2203 3578 affert,
2250 3519 2377 3567 satis
2418 3530 2576 3567 mou-

1530 3597 1702 3646 strant
1766 3594 1907 3658 apud
1964 3592 2239 3642 Horatium
2295 3592 2576 3653 antiquiori

1532 3671 1655 3720 huic
1687 3667 1950 3719 vocabulo
1984 3667 2161 3717 locum
2194 3679 2299 3714 non
2336 3666 2495 3729 esse.)

1595 3744 1645 3795 4.
1682 3744 1878 3807 Finitis]
1913 3744 2049 3793 Satis
2084 3744 2290 3800 iocose,
2331 3753 2456 3790 cum
2490 3742 2574 3790 iu-

1531 3820 1683 3869 venis
1730 3820 2021 3868 etiamtunc
2056 3816 2226 3874 esset,
2274 3813 2468 3872 semel,
2518 3818 2577 3865 ut

1533 3894 1633 3954 ait,
1705 3892 1806 3942 sibi
1862 3890 2216 3956 proposuerat
2269 3891 2573 3939 renuntiare

1534 3968 1728 4028 amori,
1778 3968 1832 4016 in
1871 3977 2032 4028 quem
2079 3965 2256 4014 statim
2300 3963 2570 4014 relabitur.

1532 4040 1753 4091 Alcman
1798 4041 1877 4090 Fr,
1922 4040 2004 4088 20.
2048 4039 2244 4101 Bergk:
2288 4033 2463 4108 ’Ἔρος
2502 4052 2577 4102 με

1531 4106 1704 4167 δαῦτε
1772 4110 2056 4185 Κύπριδος
2125 4105 2283 4165 ἕκατι
2356 4110 2578 4176 Γλυκὺς

1532 4188 1815 4251 κατείβων
1858 4187 2095 4261 καρδίαν
2140 4191 2321 4241 ἰαίνει.
2378 4218 2430 4226 -
2469 4191 2581 4240 ani·-

1531 4280 1673 4317 mam
1712 4267 1933 4330 reddere]
1981 4266 2186 4317 «denuo
2238 4263 2438 4314 dedere
2488 4277 2576 4314 me
