3234 4975
1239 374 1356 423 Lm.
1394 374 1454 423 11.
1527 372 1584 421 C.
1623 372 1753 423 XVI.

2468 364 2594 429 297

1135 788 1931 886 (κωκυ-ι’

776 1030 997 1097 Otium
1040 1029 1227 1095 divos
1271 1039 1455 1116 rogat
1499 1029 1564 1093 in
1607 1028 1847 1115 patenti

763 1153 1047 1217 Prensus
1090 1150 1383 1236 Aegaeo,
1432 1148 1622 1214 simul
1666 1159 1804 1214 atra
1846 1147 2054 1214 nubes

761 1270 1061 1339 Condidit
1099 1269 1319 1335 lunam
1360 1289 1576 1356 neque
1621 1278 1799 1336 certa
1840 1268 2082 1356 fulgent

563 1496 691 1547 xvl.
730 1496 894 1546 Inscr.
931 1492 1068 1557 volg.
1135 1494 1212 1544 Aa
1242 1494 1531 1554 Pompeium
1564 1493 1870 1555 Grosphwn,
1917 1494 1973 1542 et
2005 1494 2082 1542 sic
2114 1494 2207 1544 Bs.
2267 1520 2322 1530 —
2379 1495 2530 1544 Modo

498 1572 719 1633 loquitur
751 1572 819 1620 ad
853 1570 1131 1632 Grosplmm
1175 1568 1231 1618 b.
1273 1595 1328 1604 —
1365 1568 1441 1617 Ad
1474 1568 1755 1630 Grosphmn
1796 1568 2081 1629 Pompeium
2114 1569 2171 1618 T.
2213 1595 2267 1605 —
2306 1568 2529 1631 Grospho

491 1647 745 1696 ostendens
778 1659 932 1707 quam
963 1645 1232 1694 iocundum
1263 1644 1328 1693 sit
1360 1644 1517 1692 otium
1545 1655 1593 1691 c.
1636 1668 1692 1676 —
1731 1641 1778 1690 4.
1809 1646 2014 1703 patente
2034 1656 2079 1688 ω
2101 1677 2116 1703 ,
2153 1640 2437 1692 Bentleius.
2470 1668 2523 1676 —

488 1721 539 1770 2.
572 1721 773 1770 Pressas
815 1718 982 1771 Codd.
1021 1717 1220 1781 aliquot
1254 1715 1310 1779 (ὃ
1355 1731 1439 1781 ap.
1477 1715 1688 1773 Kirchn.
1726 1716 1787 1765 N.
1826 1716 1886 1775 Q.
1926 1715 2050 1765 Hor.
2086 1728 2142 1778 p.
2180 1715 2303 1779 56.),
2359 1715 2521 1765 etiam

490 1795 746 1852 Pottierii;
783 1794 949 1843 nostri
983 1805 1106 1843 non.
1150 1818 1204 1828 —
1243 1792 1291 1841 3.
1329 1793 1504 1840 lunam
1548 1802 1820 1853 superscr.
1871 1787 1986 1839 «vel
2019 1789 2213 1839 lumen»
2251 1788 2304 1838 d.
2344 1788 2523 1851 (lumen

491 1881 629 1919 unus
663 1867 805 1931 apud
840 1866 1044 1917 Combe
1080 1868 1135 1916 et
1167 1879 1306 1916 corr.
1343 1866 1508 1915 vatic.
1545 1866 1626 1927 A.)

493 2072 622 2122 xvl.
709 2073 981 2136 Grosphus
1045 2073 1127 2122 est
1192 2071 1477 2135 Pompeius

430 2146 727 2209 Grosphus,
790 2158 958 2209 eques
1022 2146 1290 2195 Romanus
1345 2144 1478 2193 Sici-

427 2218 643 2279 liensis,
707 2218 776 2268 de
811 2232 919 2282 quo
953 2220 1084 2282 Epp.
1124 2221 1179 2278 4,
1231 2219 1317 2276 42.
1366 2218 1472 2278 22„

431 2293 650 2343 tortasse
686 2306 752 2342 ex
786 2293 978 2342 eadem
1011 2294 1196 2355 gente,
1242 2304 1347 2355 qua
1383 2291 1478 2340 ruit

429 2365 716 2417 Eubulidas
775 2364 1046 2430 Grosphus
1104 2365 1475 2428 Centuripinus

432 2441 559 2503 (Cic.
595 2440 747 2490 Verr.
783 2443 909 2490 Ace.
948 2439 1003 2500 3,
1039 2439 1141 2502 23).
1192 2441 1344 2490 Hunc
1367 2439 1474 2489 Ho-

428 2516 545 2564 ratii
580 2515 811 2564 amicum
844 2512 929 2564 vel
963 2517 1174 2577 patrem
1207 2515 1321 2563 eius
1344 2513 1477 2563 civi-

433 2590 598 2638 tatem
630 2588 924 2638 Romanam
964 2601 1065 2651 per
1097 2589 1193 2639 Cn.
1231 2589 1323 2637 aut
1351 2589 1470 2636 Sex.

430 2663 744 2726 Pompeium
778 2662 1035 2726 adeptum
1069 2675 1190 2712 esse
1227 2660 1471 2711 arbitror.

435 2761 492 2772 —
518 2737 816 2787 Sententias
846 2737 980 2787 duas
1002 2736 1283 2800 primarias
1305 2734 1476 2785 habes

429 2823 481 2859 v.
517 2810 597 2860 43.
635 2812 691 2860 et
728 2824 782 2860 v.
818 2812 901 2860 25.
961 2838 1016 2848 -
1070 2809 1477 2875 compositionis

431 2884 645 2948 tempus
695 2883 902 2935 definiri
952 2884 1161 2947 nequit;
1221 2884 1480 2933 fluctuant

431 2958 568 3007 inter
601 2971 650 3007 a.
689 2959 786 3008 726
821 2961 877 3008 et
908 2959 1021 3010 734.

499 3032 545 3081 4.
584 3032 765 3097 Otium]
804 3034 1075 3097 «quietum
1107 3027 1246 3083 vitae
1281 3034 1480 3082 statum

434 3106 774 3157 coniunctum
808 3120 933 3158 cum
966 3107 1351 3158 sufficientibus
1379 3106 1483 3156 for-

432 3180 573 3231 tunis
605 3193 930 3246 semperque
970 3185 1239 3233 remotum
1272 3194 1303 3231 a
1337 3181 1483 3244 peri-

433 3252 590 3313 culis,
618 3256 777 3315 curiS,
803 3255 1296 3306 vehementioribus
1319 3254 1483 3305 animi

432 3328 696 3389 motibuS,
735 3332 959 3393 negotiis
994 3332 1125 3380 item
1159 3343 1223 3380 ac
1251 3329 1485 3379 muneri-

432 3401 536 3452 bus
577 3401 829 3466 publicis,
875 3405 1136 3468 imprimis
1181 3418 1210 3453 a
1246 3402 1480 3454 militia.»

432 3477 580 3526 Hanc
614 3475 856 3542 σχολήν,
892 3477 1158 3529 Aristoteli
1179 3491 1343 3543 saepe
1366 3475 1484 3527 δια-

432 3546 655 3616 γωγήν,
721 3550 1153 3615 tranquillitatem
1210 3556 1483 3615 tamquam

432 3625 597 3675 finem
637 3624 903 3675 bonorum
948 3627 1201 3689 expetunt
1246 3624 1316 3675 illi
1362 3627 1479 3690 ipsi,

434 3699 526 3762 qui
559 3701 803 3750 maximis
836 3712 897 3750 se
925 3701 1063 3749 vitae
1088 3699 1483 3751 discriminibus

434 3776 730 3835 exponunt,
785 3777 1054 3825 mercator
1095 3778 1150 3823 et
1193 3772 1372 3834 miles,
1426 3777 1484 3823 ut

435 3846 601 3908 copiis
633 3849 830 3910 paratis
854 3849 1073 3899 tandem
1096 3848 1355 3906 otientur;
1391 3861 1485 3897 ve-

433 3931 554 3967 rum
598 3921 778 3970 autem
819 3923 987 3972 otium
1028 3921 1230 3986 pendet
1267 3934 1332 3970 ex
1367 3921 1483 3969 ani-

437 3992 508 4041 mi
531 3991 673 4042 bene
697 3997 978 4059 compositi
1001 3995 1296 4047 constantia
1321 3998 1483 4057 atque

434 4079 617 4117 rerum
693 4071 1034 4122 externarum
1107 4069 1452 4134 despicientia
1468 4108 1480 4131 ,

436 4153 600 4203 quam
634 4142 862 4206 quisque
892 4144 1110 4195 sibimet
1141 4144 1255 4208 ipse
1278 4137 1486 4213 αὔταρ-

1551 2072 1890 2133 exspectare,
1929 2071 1986 2119 ut
2010 2082 2139 2120 casu
2160 2070 2499 2120 nanciscatur
2521 2067 2593 2128 id,
2640 2070 2649 2079 “

1550 2143 1694 2207 quod
1730 2145 1893 2207 optat.
1956 2143 2056 2206 (Sic
2080 2144 2162 2192 ter
2182 2144 2340 2193 otium
2364 2139 2597 2193 Catullus

1548 2219 1604 2268 5⁴
1629 2257 1640 2279 ,
1680 2219 1778 2279 ⁴2.)
1817 2244 1873 2253 —
1910 2218 1965 2266 in
1986 2218 2198 2280 palmei]
2226 2218 2308 2267 «in
2332 2216 2437 2266 alto
2462 2217 2597 2266 mari

1547 2290 1896 2356 procelloso.»
1922 2292 2213 2341 Monstrum
2237 2290 2475 2341 lectionis
2497 2290 2598 2339 ha-

1546 2365 1716 2416 bebat
1770 2365 1967 2414 Barthii
2025 2363 2233 2415 Codex:
2304 2364 2593 2426 ὃηψαεοηεᾱ,

1545 2439 1690 2491 unde
1724 2439 2035 2490 Sanadonus
2065 2439 2342 2501 ὄηιροισηιᾶ.

1612 2515 1662 2563 2.
1699 2514 1926 2577 Pramus]
1977 2513 2126 2563 ovid.
2163 2514 2286 2564 Met.
2326 2512 2415 2572 44,
2470 2509 2593 2560 663;

1545 2587 1755 2637 Nubilus
1788 2587 1981 2650 Aeqaeo
2015 2588 2271 2648 deprendit
2303 2587 2358 2634 in
2380 2596 2601 2645 aequore

1545 2662 1720 2711 navim
1738 2662 1933 2711 Auster.
1974 2661 2111 2723 virg.
2139 2662 2232 2709 Ge.
2258 2658 2314 2719 4,
2342 2657 2430 2708 42⁴
2453 2674 2463 2706 ε
2500 2659 2601 2706 De-

1540 2736 1740 2798 prensis
1777 2735 1897 2784 olim
1934 2735 2083 2783 statio
2115 2734 2359 2796 fidissima
2394 2733 2596 2791 nau-tin

1549 2811 1641 2861 ubi
1688 2811 1932 2859 Servius:
1990 2810 2287 2870 «domem
2329 2807 2600 2857 nauticum

1549 2884 1777 2935 verbum
1800 2885 1910 2942 est,
1949 2895 2074 2932 cum
2098 2882 2414 2946 tempestate
2445 2892 2603 2930 occu-

1552 2960 1796 3022 pantur.»
1864 2957 1950 3005 Sic
2015 2955 2159 3006 Plato
2213 2954 2406 3006 Phaed.
2475 2964 2596 3017 pag.

1552 3033 1635 3084 58.
1662 3034 1729 3082 B:
1769 3023 1911 3081 ὅταν
1943 3024 2197 3090 τύχωσιν
2228 3022 2439 3095 ἄνεμοι
2459 3021 2604 3077 ἀπο-

1553 3104 1831 3169 λαβόντες
1867 3098 2097 3168 αὕτοὺς.
2155 3103 2392 3169 Apollon.
2430 3102 2597 3153 Rbod.

1554 3185 1610 3243 2,
1653 3182 1807 3233 ⁴087:
1869 3175 1942 3231 οὔ
1987 3195 2102 3242 σφε
2134 3177 2449 3238 κατέλλαβε
2481 3179 2602 3237 χεί-

1553 3271 1740 3322 ματος
1781 3248 1904 3325 ὥρη
1937 3249 2324 3326 Ἅπροφάτως.
2390 3254 2603 3303 pronam

1554 3332 1710 3395 igitur
1750 3329 1986 3380 subitum
2035 3327 2299 3393 procellae
2342 3328 2602 3389 impetum

1555 3404 1839 3468 significat3
1872 3416 2072 3465 pressus
2103 3401 2359 3464 naufragii
2395 3400 2605 3463 pericu-

1555 3479 1685 3529 lum.
1770 3475 1902 3527 Illud
1953 3489 2082 3526 sane
2137 3469 2597 3542 ποιητικώτερον.

1556 3554 1669 3602 Hoc
1703 3552 1856 3602 dicit:
1907 3553 1995 3601 «In
2029 3548 2332 3600 huiusmodi
2363 3549 2602 3596 extremo

1552 3629 1693 3676 vitae
1718 3626 2023 3677 discrimine
2049 3624 2182 3674 deos
2204 3623 2454 3686 precatur
2475 3632 2606 3669 nau-

1555 3704 1633 3762 ta,
1686 3702 1747 3750 ut
1786 3701 1892 3750 hoc
1938 3701 2099 3749 etiam
2143 3697 2394 3761 superato
2437 3694 2603 3744 otium

1555 3775 1776 3826 tandem
1829 3772 1955 3824 illud
2012 3774 2101 3823 diu
2152 3771 2452 3836 quaesitum
2502 3767 2603 3819 sibi

1556 3848 1844 3913 obtingat.»

1622 3924 1671 3973 3.
1712 3924 1931 3972 «Lmen
1963 3934 2063 3986 pro
2095 3921 2272 3969 lunam
2304 3919 2473 3981 magis
2495 3916 2606 3981 pla-

1557 3999 1645 4048 cet
1659 4035 1671 4058 ,
1698 3999 1757 4046 ut
1779 3997 1941 4046 etiam
1963 3993 2041 4046 sol
2064 3993 2601 4058 comprehendatur.»

1558 4073 1773 4121 Gssusn.
1813 4068 1949 4118 «Sed
1984 4069 2158 4131 imago
2189 4068 2358 4119 noctis
2381 4069 2464 4117 est
2484 4065 2603 4116 loco

1558 4146 1614 4194 et
1661 4146 1738 4194 rei
1790 4144 2012 4207 aptior.»
2081 4143 2268 4192 Zsm.
2333 4167 2388 4177 —-
2445 4141 2600 4203 certa]

435 4214 564 4281 ’‘⁶1⁴2ss
608 4228 704 4266 ⁸¹¹⁸
755 4220 1031 4280 praestare
1090 4217 1255 4268 debet
1306 4231 1483 4282 neque
1562 4216 1789 4280 «quibus
1812 4215 1959 4278 alias,
1986 4229 2111 4267 cum
2135 4228 2323 4266 eorum
2347 4213 2603 4264 claritudo
