<?xml version="1.0" encoding="UTF-8"?>
<!DOCTYPE html PUBLIC "-//W3C//DTD XHTML 1.0 Transitional//EN"
    "http://www.w3.org/TR/xhtml1/DTD/xhtml1-transitional.dtd">
<html xmlns="http://www.w3.org/1999/xhtml" xml:lang="en" lang="en">
 <head>
  <title>
</title>
<meta http-equiv="Content-Type" content="text/html;charset=utf-8" />
  <meta name='ocr-system' content='tesseract 3.04.00' />
  <meta name='ocr-capabilities' content='ocr_page ocr_carea ocr_par ocr_line ocrx_word'/>
</head>
<body>
  <div class='ocr_page' id='page_1' title='image "./qhoratiusflaccu05baitgoog_0313.png"; bbox 0 0 3234 4975; ppageno 0'>
   <div class='ocr_carea' id='block_1_1' title="bbox 1175 377 1691 429">
    <p class='ocr_par' dir='ltr' id='par_1_1' title="bbox 1175 377 1691 429">
     <span class='ocr_line' id='line_1_1' title="bbox 1175 377 1691 429; baseline -0.002 -2"><span class='ocrx_word' id='word_1_1' title='bbox 1175 377 1292 428; x_wconf 89' lang='lat' dir='ltr'><strong>LIB.</strong></span> <span class='ocrx_word' id='word_1_2' title='bbox 1333 379 1392 428; x_wconf 90' lang='lat' dir='ltr'><strong>II.</strong></span> <span class='ocrx_word' id='word_1_3' title='bbox 1466 379 1522 427; x_wconf 89' lang='lat' dir='ltr'><strong>C.</strong></span> <span class='ocrx_word' id='word_1_4' title='bbox 1563 377 1691 429; x_wconf 85' lang='lat' dir='ltr'><strong>XIII.</strong></span> 
     </span>
    </p>
   </div>
   <div class='ocr_carea' id='block_1_2' title="bbox 2470 378 2598 441">
    <p class='ocr_par' dir='ltr' id='par_1_2' title="bbox 2470 378 2598 441">
     <span class='ocr_line' id='line_1_2' title="bbox 2470 378 2598 441; baseline -0.016 0"><span class='ocrx_word' id='word_1_5' title='bbox 2470 378 2598 441; x_wconf 66' lang='lat'><strong>285</strong></span> 
     </span>
    </p>
   </div>
   <div class='ocr_carea' id='block_1_3' title="bbox 927 531 1878 620">
    <p class='ocr_par' dir='ltr' id='par_1_3' title="bbox 927 531 1878 620">
     <span class='ocr_line' id='line_1_3' title="bbox 927 531 1878 620; baseline -0.001 -21"><span class='ocrx_word' id='word_1_6' title='bbox 927 532 1163 598; x_wconf 84' lang='lat' dir='ltr'><strong>Aeoliis</strong></span> <span class='ocrx_word' id='word_1_7' title='bbox 1209 531 1447 598; x_wconf 83' lang='lat' dir='ltr'><strong>fidibus</strong></span> <span class='ocrx_word' id='word_1_8' title='bbox 1495 544 1878 620; x_wconf 81' lang='lat' dir='ltr'><strong>querentem</strong></span> 
     </span>
    </p>
   </div>
   <div class='ocr_carea' id='block_1_4' title="bbox 761 671 1933 760">
    <p class='ocr_par' dir='ltr' id='par_1_4' title="bbox 761 671 1933 760">
     <span class='ocr_line' id='line_1_4' title="bbox 761 671 1933 760; baseline 0 -23"><span class='ocrx_word' id='word_1_9' title='bbox 761 671 1020 759; x_wconf 85' lang='lat' dir='ltr'>Sappho</span> <span class='ocrx_word' id='word_1_10' title='bbox 1065 671 1297 760; x_wconf 87' lang='lat' dir='ltr'><strong>puellis</strong></span> <span class='ocrx_word' id='word_1_11' title='bbox 1342 671 1426 737; x_wconf 87' lang='lat' dir='ltr'><strong>de</strong></span> <span class='ocrx_word' id='word_1_12' title='bbox 1470 672 1933 759; x_wconf 80' lang='lat' dir='ltr'><strong>popularibuS,</strong></span> 
     </span>
    </p>
   </div>
   <div class='ocr_carea' id='block_1_5' title="bbox 2512 675 2593 737">
    <p class='ocr_par' dir='ltr' id='par_1_5' title="bbox 2512 675 2593 737">
     <span class='ocr_line' id='line_1_5' title="bbox 2512 675 2593 737; baseline -0.025 0"><span class='ocrx_word' id='word_1_13' title='bbox 2512 675 2593 737; x_wconf 75' lang='lat'><strong>25</strong></span> 
     </span>
    </p>
   </div>
   <div class='ocr_carea' id='block_1_6' title="bbox 756 793 2028 1124">
    <p class='ocr_par' dir='ltr' id='par_1_6' title="bbox 756 793 2028 1124">
     <span class='ocr_line' id='line_1_6' title="bbox 756 793 1906 879; baseline 0.002 -21"><span class='ocrx_word' id='word_1_14' title='bbox 756 794 833 858; x_wconf 91' lang='lat' dir='ltr'><strong>Et</strong></span> <span class='ocrx_word' id='word_1_15' title='bbox 876 804 937 859; x_wconf 91' lang='lat' dir='ltr'><strong>te</strong></span> <span class='ocrx_word' id='word_1_16' title='bbox 983 804 1319 860; x_wconf 88' lang='lat' dir='ltr'><strong>sonantem</strong></span> <span class='ocrx_word' id='word_1_17' title='bbox 1364 793 1619 879; x_wconf 87' lang='lat' dir='ltr'><strong>plenius</strong></span> <span class='ocrx_word' id='word_1_18' title='bbox 1664 814 1906 869; x_wconf 87' lang='lat' dir='ltr'><strong>aureo,</strong></span> 
     </span>
     <span class='ocr_line' id='line_1_7' title="bbox 843 914 1871 1003; baseline 0.001 -24"><span class='ocrx_word' id='word_1_19' title='bbox 843 914 1108 992; x_wconf 81' lang='lat' dir='ltr'><strong>Alcaee,</strong></span> <span class='ocrx_word' id='word_1_20' title='bbox 1154 915 1404 1003; x_wconf 88' lang='lat' dir='ltr'><strong>plectro</strong></span> <span class='ocrx_word' id='word_1_21' title='bbox 1450 914 1614 981; x_wconf 88' lang='lat' dir='ltr'><strong>dura</strong></span> <span class='ocrx_word' id='word_1_22' title='bbox 1658 916 1871 992; x_wconf 87' lang='lat' dir='ltr'><strong>navis,</strong></span> 
     </span>
     <span class='ocr_line' id='line_1_8' title="bbox 924 1035 2028 1124; baseline -0.001 -23"><span class='ocrx_word' id='word_1_23' title='bbox 924 1038 1100 1102; x_wconf 91' lang='lat' dir='ltr'><strong>Dura</strong></span> <span class='ocrx_word' id='word_1_24' title='bbox 1145 1037 1332 1124; x_wconf 77' lang='lat' dir='ltr'><strong>fugae</strong></span> <span class='ocrx_word' id='word_1_25' title='bbox 1377 1036 1578 1113; x_wconf 91' lang='lat' dir='ltr'><strong>mala,</strong></span> <span class='ocrx_word' id='word_1_26' title='bbox 1633 1035 1797 1102; x_wconf 87' lang='lat' dir='ltr'><strong>dura</strong></span> <span class='ocrx_word' id='word_1_27' title='bbox 1840 1036 2028 1103; x_wconf 85' lang='lat' dir='ltr'><strong>belli!</strong></span> 
     </span>
    </p>
   </div>
   <div class='ocr_carea' id='block_1_7' title="bbox 757 1175 1880 1264">
    <p class='ocr_par' dir='ltr' id='par_1_7' title="bbox 757 1175 1880 1264">
     <span class='ocr_line' id='line_1_9' title="bbox 757 1175 1880 1264; baseline 0 -22"><span class='ocrx_word' id='word_1_28' title='bbox 757 1175 1109 1264; x_wconf 89' lang='lat' dir='ltr'><strong>Utrumque</strong></span> <span class='ocrx_word' id='word_1_29' title='bbox 1155 1196 1342 1242; x_wconf 91' lang='lat' dir='ltr'><strong>sacro</strong></span> <span class='ocrx_word' id='word_1_30' title='bbox 1388 1176 1582 1263; x_wconf 81' lang='lat' dir='ltr'><strong>digua</strong></span> <span class='ocrx_word' id='word_1_31' title='bbox 1627 1175 1880 1242; x_wconf 88' lang='lat' dir='ltr'><strong>silentio</strong></span> 
     </span>
    </p>
   </div>
   <div class='ocr_carea' id='block_1_8' title="bbox 755 1296 2100 1385">
    <p class='ocr_par' dir='ltr' id='par_1_8' title="bbox 755 1296 2100 1385">
     <span class='ocr_line' id='line_1_10' title="bbox 755 1296 2100 1385; baseline 0.001 -24"><span class='ocrx_word' id='word_1_32' title='bbox 755 1297 1061 1362; x_wconf 88' lang='lat' dir='ltr'><strong>Mirantur</strong></span> <span class='ocrx_word' id='word_1_33' title='bbox 1103 1296 1373 1363; x_wconf 85' lang='lat' dir='ltr'><strong>umbrae</strong></span> <span class='ocrx_word' id='word_1_34' title='bbox 1418 1296 1681 1377; x_wconf 81' lang='lat' dir='ltr'><strong>dicere3</strong></span> <span class='ocrx_word' id='word_1_35' title='bbox 1731 1296 1846 1364; x_wconf 92' lang='lat' dir='ltr'><strong>sed</strong></span> <span class='ocrx_word' id='word_1_36' title='bbox 1894 1299 2100 1385; x_wconf 85' lang='lat' dir='ltr'><strong>magis</strong></span> 
     </span>
    </p>
   </div>
   <div class='ocr_carea' id='block_1_9' title="bbox 413 1480 1464 1554">
    <p class='ocr_par' dir='ltr' id='par_1_9' title="bbox 413 1480 1464 1554">
     <span class='ocr_line' id='line_1_11' title="bbox 413 1480 1464 1554; baseline -0.001 -19"><span class='ocrx_word' id='word_1_37' title='bbox 413 1480 695 1535; x_wconf 70' lang='grc' dir='ltr'><strong>Ἀπόλλων</strong></span> <span class='ocrx_word' id='word_1_38' title='bbox 762 1480 1171 1550; x_wconf 75' lang='grc' dir='ltr'><em>ἑπτάγλωσσον</em></span> <span class='ocrx_word' id='word_1_39' title='bbox 1236 1486 1464 1554; x_wconf 74' lang='grc' dir='ltr'><em>χρυσέῳ</em></span> 
     </span>
    </p>
   </div>
   <div class='ocr_carea' id='block_1_10' title="bbox 2509 1303 2590 1367">
    <p class='ocr_par' dir='ltr' id='par_1_10' title="bbox 2509 1303 2590 1367">
     <span class='ocr_line' id='line_1_12' title="bbox 2509 1303 2590 1367; baseline -0.012 0"><span class='ocrx_word' id='word_1_40' title='bbox 2509 1303 2590 1367; x_wconf 90' lang='grc'><strong>30</strong></span> 
     </span>
    </p>
   </div>
   <div class='ocr_carea' id='block_1_11' title="bbox 1537 1483 2584 1551">
    <p class='ocr_par' dir='ltr' id='par_1_11' title="bbox 1537 1483 2584 1551">
     <span class='ocr_line' id='line_1_13' title="bbox 1537 1483 2584 1551; baseline 0.004 -17"><span class='ocrx_word' id='word_1_41' title='bbox 1537 1483 1837 1548; x_wconf 81' lang='lat' dir='ltr'><strong>alloquitur.</strong></span> <span class='ocrx_word' id='word_1_42' title='bbox 1930 1484 2039 1535; x_wconf 83' lang='lat' dir='ltr'><strong>Alc.</strong></span> <span class='ocrx_word' id='word_1_43' title='bbox 2102 1486 2181 1536; x_wconf 85' lang='lat' dir='ltr'><strong>Fr.</strong></span> <span class='ocrx_word' id='word_1_44' title='bbox 2241 1486 2321 1537; x_wconf 72' lang='lat'><strong>54.</strong></span> <span class='ocrx_word' id='word_1_45' title='bbox 2383 1489 2584 1551; x_wconf 85' lang='lat' dir='ltr'><strong>Bergk:</strong></span> 
     </span>
    </p>
   </div>
   <div class='ocr_carea' id='block_1_12' title="bbox 418 1552 2588 1631">
    <p class='ocr_par' dir='ltr' id='par_1_12' title="bbox 418 1552 2588 1631">
     <span class='ocr_line' id='line_1_14' title="bbox 418 1552 2588 1631; baseline -0.004 -21"><span class='ocrx_word' id='word_1_46' title='bbox 418 1557 681 1631; x_wconf 75' lang='grc' dir='ltr'><strong><em>πλάκτρῳ</em></strong></span> <span class='ocrx_word' id='word_1_47' title='bbox 704 1556 942 1609; x_wconf 78' lang='grc' dir='ltr'><em>διώκων.</em></span> <span class='ocrx_word' id='word_1_48' title='bbox 979 1562 1157 1624; x_wconf 91' lang='lat' dir='ltr'><strong>Eurip.</strong></span> <span class='ocrx_word' id='word_1_49' title='bbox 1186 1562 1340 1610; x_wconf 84' lang='lat' dir='ltr'><strong>Herc.</strong></span> <span class='ocrx_word' id='word_1_50' title='bbox 1362 1559 1460 1608; x_wconf 77' lang='lat' dir='ltr'><strong>sur.</strong></span> <span class='ocrx_word' id='word_1_51' title='bbox 1531 1553 1774 1618; x_wconf 79' lang='grc' dir='ltr'><strong><em>Ἶόπλοχ’</em></strong></span> <span class='ocrx_word' id='word_1_52' title='bbox 1811 1552 1960 1624; x_wconf 81' lang='grc' dir='ltr'><em>ἅγνα</em></span> <span class='ocrx_word' id='word_1_53' title='bbox 1991 1556 2392 1625; x_wconf 78' lang='grc' dir='ltr'><strong><em>μελλιχόμειδε</em></strong></span> <span class='ocrx_word' id='word_1_54' title='bbox 2425 1559 2588 1612; x_wconf 77' lang='grc' dir='ltr'><strong><em>Σάπ-</em></strong></span> 
     </span>
    </p>
   </div>
   <div class='ocr_carea' id='block_1_13' title="bbox 405 1631 1465 4294">
    <p class='ocr_par' dir='ltr' id='par_1_13' title="bbox 415 1631 1464 1853">
     <span class='ocr_line' id='line_1_15' title="bbox 419 1631 1464 1700; baseline -0.001 -16"><span class='ocrx_word' id='word_1_55' title='bbox 419 1635 505 1685; x_wconf 72' lang='grc'><strong>351</strong></span> <span class='ocrx_word' id='word_1_56' title='bbox 536 1650 546 1683; x_wconf 88' lang='lat'>:</span> <span class='ocrx_word' id='word_1_57' title='bbox 600 1633 813 1697; x_wconf 81' lang='grc' dir='ltr'><em>Φοῖβος</em></span> <span class='ocrx_word' id='word_1_58' title='bbox 835 1664 865 1674; x_wconf 94' lang='grc'>-</span> <span class='ocrx_word' id='word_1_59' title='bbox 890 1664 920 1674; x_wconf 91' lang='grc'>-</span> <span class='ocrx_word' id='word_1_60' title='bbox 952 1631 1058 1684; x_wconf 86' lang='grc' dir='ltr'><strong>τάν</strong></span> <span class='ocrx_word' id='word_1_61' title='bbox 1106 1633 1464 1700; x_wconf 79' lang='grc' dir='ltr'><strong><em>καλλιφθογ-</em></strong></span> 
     </span>
     <span class='ocr_line' id='line_1_16' title="bbox 415 1706 1463 1779; baseline 0.001 -22"><span class='ocrx_word' id='word_1_62' title='bbox 415 1724 520 1775; x_wconf 82' lang='grc' dir='ltr'><strong>γον</strong></span> <span class='ocrx_word' id='word_1_63' title='bbox 568 1706 816 1779; x_wconf 77' lang='grc' dir='ltr'><em>κιθάραν</em></span> <span class='ocrx_word' id='word_1_64' title='bbox 879 1706 1131 1760; x_wconf 79' lang='grc' dir='ltr'><strong><em>ἐλαύνων</em></strong></span> <span class='ocrx_word' id='word_1_65' title='bbox 1197 1706 1463 1779; x_wconf 78' lang='grc' dir='ltr'><em>πλήκτρῳ</em></span> 
     </span>
     <span class='ocr_line' id='line_1_17' title="bbox 415 1785 660 1853; baseline -0.004 -19"><span class='ocrx_word' id='word_1_66' title='bbox 415 1785 660 1853; x_wconf 74' lang='grc' dir='ltr'><em>χρυσέῳ.</em></span> 
     </span>
    </p>

    <p class='ocr_par' dir='ltr' id='par_1_14' title="bbox 407 1857 1465 4068">
     <span class='ocr_line' id='line_1_18' title="bbox 479 1857 1463 1909; baseline 0.002 -3"><span class='ocrx_word' id='word_1_67' title='bbox 479 1859 561 1906; x_wconf 74' lang='grc'><strong>27.</strong></span> <span class='ocrx_word' id='word_1_68' title='bbox 599 1859 680 1908; x_wconf 75' lang='lat'><strong>28.</strong></span> <span class='ocrx_word' id='word_1_69' title='bbox 735 1860 866 1907; x_wconf 88' lang='lat' dir='ltr'><strong>Nota</strong></span> <span class='ocrx_word' id='word_1_70' title='bbox 913 1857 1238 1908; x_wconf 82' lang='lat' dir='ltr'><strong>versiculum</strong></span> <span class='ocrx_word' id='word_1_71' title='bbox 1288 1859 1463 1909; x_wconf 92' lang='lat' dir='ltr'><strong>minus</strong></span> 
     </span>
     <span class='ocr_line' id='line_1_19' title="bbox 415 1931 1459 1996; baseline 0 -15"><span class='ocrx_word' id='word_1_72' title='bbox 415 1931 637 1996; x_wconf 88' lang='lat' dir='ltr'><strong>politum</strong></span> <span class='ocrx_word' id='word_1_73' title='bbox 659 1946 669 1980; x_wconf 89' lang='lat'>:</span> <span class='ocrx_word' id='word_1_74' title='bbox 696 1933 889 1993; x_wconf 73' lang='lat' dir='ltr'><strong>Alcaeo,</strong></span> <span class='ocrx_word' id='word_1_75' title='bbox 903 1933 1094 1994; x_wconf 79' lang='lat' dir='ltr'><strong>plectro</strong></span> <span class='ocrx_word' id='word_1_76' title='bbox 1125 1933 1275 1988; x_wconf 75' lang='lat' dir='ltr'><strong>ldural</strong></span> <span class='ocrx_word' id='word_1_77' title='bbox 1299 1934 1459 1981; x_wconf 78' lang='lat' dir='ltr'><strong>navis.</strong></span> 
     </span>
     <span class='ocr_line' id='line_1_20' title="bbox 417 2007 1461 2068; baseline 0.003 -16"><span class='ocrx_word' id='word_1_78' title='bbox 417 2007 507 2054; x_wconf 76' lang='lat' dir='ltr'><strong>«In</strong></span> <span class='ocrx_word' id='word_1_79' title='bbox 540 2019 606 2055; x_wconf 89' lang='lat' dir='ltr'><strong>eo</strong></span> <span class='ocrx_word' id='word_1_80' title='bbox 638 2019 894 2056; x_wconf 82' lang='lat' dir='ltr'><strong>versuum</strong></span> <span class='ocrx_word' id='word_1_81' title='bbox 939 2007 1261 2068; x_wconf 81' lang='lat' dir='ltr'><strong>systemate,</strong></span> <span class='ocrx_word' id='word_1_82' title='bbox 1317 2007 1461 2067; x_wconf 89' lang='lat' dir='ltr'><strong>quod</strong></span> 
     </span>
     <span class='ocr_line' id='line_1_21' title="bbox 418 2079 1464 2143; baseline 0.002 -16"><span class='ocrx_word' id='word_1_83' title='bbox 418 2079 628 2129; x_wconf 83' lang='lat' dir='ltr'><strong>Horatio</strong></span> <span class='ocrx_word' id='word_1_84' title='bbox 650 2093 780 2142; x_wconf 86' lang='lat' dir='ltr'><strong>prae</strong></span> <span class='ocrx_word' id='word_1_85' title='bbox 804 2082 995 2129; x_wconf 88' lang='lat' dir='ltr'><strong>ceteris</strong></span> <span class='ocrx_word' id='word_1_86' title='bbox 1025 2080 1288 2143; x_wconf 83' lang='lat' dir='ltr'><strong>placuisse</strong></span> <span class='ocrx_word' id='word_1_87' title='bbox 1310 2080 1464 2129; x_wconf 83' lang='lat' dir='ltr'><strong>vide-</strong></span> 
     </span>
     <span class='ocr_line' id='line_1_22' title="bbox 415 2153 1461 2216; baseline 0.001 -14"><span class='ocrx_word' id='word_1_88' title='bbox 415 2165 561 2213; x_wconf 85' lang='lat' dir='ltr'><strong>mus,</strong></span> <span class='ocrx_word' id='word_1_89' title='bbox 607 2153 761 2203; x_wconf 91' lang='lat' dir='ltr'><strong>colon</strong></span> <span class='ocrx_word' id='word_1_90' title='bbox 799 2155 1016 2203; x_wconf 88' lang='lat' dir='ltr'><strong>tertium</strong></span> <span class='ocrx_word' id='word_1_91' title='bbox 1057 2155 1179 2216; x_wconf 87' lang='lat' dir='ltr'><strong>post</strong></span> <span class='ocrx_word' id='word_1_92' title='bbox 1218 2154 1461 2215; x_wconf 85' lang='lat' dir='ltr'><strong>quintam</strong></span> 
     </span>
     <span class='ocr_line' id='line_1_23' title="bbox 414 2225 1458 2289; baseline 0 -13"><span class='ocrx_word' id='word_1_93' title='bbox 414 2225 674 2289; x_wconf 82' lang='lat' dir='ltr'><strong>syllabam</strong></span> <span class='ocrx_word' id='word_1_94' title='bbox 713 2241 776 2277; x_wconf 92' lang='lat' dir='ltr'><strong>ea</strong></span> <span class='ocrx_word' id='word_1_95' title='bbox 827 2228 1139 2277; x_wconf 89' lang='lat' dir='ltr'><strong>condicione</strong></span> <span class='ocrx_word' id='word_1_96' title='bbox 1195 2228 1458 2287; x_wconf 89' lang='lat' dir='ltr'><strong>inciditur,</strong></span> 
     </span>
     <span class='ocr_line' id='line_1_24' title="bbox 413 2300 1463 2353; baseline 0.003 -3"><span class='ocrx_word' id='word_1_97' title='bbox 413 2302 474 2350; x_wconf 90' lang='lat' dir='ltr'><strong>ut</strong></span> <span class='ocrx_word' id='word_1_98' title='bbox 504 2304 651 2351; x_wconf 84' lang='lat' dir='ltr'><strong>sexta</strong></span> <span class='ocrx_word' id='word_1_99' title='bbox 686 2304 867 2351; x_wconf 88' lang='lat' dir='ltr'><strong>teneat</strong></span> <span class='ocrx_word' id='word_1_100' title='bbox 896 2300 1218 2351; x_wconf 82' lang='lat' dir='ltr'><strong>vocabulum</strong></span> <span class='ocrx_word' id='word_1_101' title='bbox 1270 2315 1463 2353; x_wconf 89' lang='lat' dir='ltr'><strong>mono-</strong></span> 
     </span>
     <span class='ocr_line' id='line_1_25' title="bbox 413 2373 1464 2437; baseline 0.001 -13"><span class='ocrx_word' id='word_1_102' title='bbox 413 2373 703 2437; x_wconf 83' lang='lat' dir='ltr'><strong>syllabum,</strong></span> <span class='ocrx_word' id='word_1_103' title='bbox 744 2377 845 2425; x_wconf 89' lang='lat' dir='ltr'><strong>hoc</strong></span> <span class='ocrx_word' id='word_1_104' title='bbox 869 2376 1065 2425; x_wconf 82' lang='lat' dir='ltr'><strong>modo:</strong></span> <span class='ocrx_word' id='word_1_105' title='bbox 1103 2377 1316 2437; x_wconf 73' lang='lat' dir='ltr'><strong>Excepit</strong></span> <span class='ocrx_word' id='word_1_106' title='bbox 1338 2378 1464 2425; x_wconf 76' lang='lat' dir='ltr'><strong>ictus</strong></span> 
     </span>
     <span class='ocr_line' id='line_1_26' title="bbox 419 2447 1461 2512; baseline 0.003 -13"><span class='ocrx_word' id='word_1_107' title='bbox 419 2447 546 2512; x_wconf 76' lang='grc' dir='ltr'>ΙρνοΙ</span> <span class='ocrx_word' id='word_1_108' title='bbox 593 2451 806 2511; x_wconf 72' lang='lat' dir='ltr'><strong>pudicis</strong></span> <span class='ocrx_word' id='word_1_109' title='bbox 891 2451 1002 2500; x_wconf 84' lang='lat' dir='ltr'><strong>Hoc</strong></span> <span class='ocrx_word' id='word_1_110' title='bbox 1053 2451 1105 2500; x_wconf 91' lang='lat' dir='ltr'><strong>in</strong></span> <span class='ocrx_word' id='word_1_111' title='bbox 1161 2449 1461 2502; x_wconf 87' lang='lat' dir='ltr'><strong>cultissimis</strong></span> 
     </span>
     <span class='ocr_line' id='line_1_27' title="bbox 413 2524 1465 2587; baseline 0.003 -15"><span class='ocrx_word' id='word_1_112' title='bbox 413 2524 737 2575; x_wconf 80' lang='lat' dir='ltr'><strong>carminibus</strong></span> <span class='ocrx_word' id='word_1_113' title='bbox 786 2526 1002 2574; x_wconf 88' lang='lat' dir='ltr'><strong>secutus</strong></span> <span class='ocrx_word' id='word_1_114' title='bbox 1066 2528 1174 2584; x_wconf 85' lang='lat' dir='ltr'><strong>est,</strong></span> <span class='ocrx_word' id='word_1_115' title='bbox 1235 2525 1465 2587; x_wconf 82' lang='lat' dir='ltr'><strong>neglexit</strong></span> 
     </span>
     <span class='ocr_line' id='line_1_28' title="bbox 414 2598 1462 2661; baseline 0.003 -15"><span class='ocrx_word' id='word_1_116' title='bbox 414 2599 466 2646; x_wconf 91' lang='lat' dir='ltr'><strong>in</strong></span> <span class='ocrx_word' id='word_1_117' title='bbox 523 2598 873 2658; x_wconf 88' lang='lat' dir='ltr'><strong>quibusdam,</strong></span> <span class='ocrx_word' id='word_1_118' title='bbox 950 2611 1086 2661; x_wconf 90' lang='lat' dir='ltr'><strong>quae</strong></span> <span class='ocrx_word' id='word_1_119' title='bbox 1138 2612 1236 2647; x_wconf 88' lang='lat' dir='ltr'><strong>cur</strong></span> <span class='ocrx_word' id='word_1_120' title='bbox 1284 2601 1462 2649; x_wconf 91' lang='lat' dir='ltr'><strong>omnia</strong></span> 
     </span>
     <span class='ocr_line' id='line_1_29' title="bbox 411 2671 1458 2735; baseline 0.004 -16"><span class='ocrx_word' id='word_1_121' title='bbox 411 2671 585 2735; x_wconf 84' lang='lat' dir='ltr'><strong>primo</strong></span> <span class='ocrx_word' id='word_1_122' title='bbox 622 2673 676 2720; x_wconf 86' lang='lat' dir='ltr'><strong>et</strong></span> <span class='ocrx_word' id='word_1_123' title='bbox 708 2671 948 2722; x_wconf 89' lang='lat' dir='ltr'><strong>secundo</strong></span> <span class='ocrx_word' id='word_1_124' title='bbox 982 2671 1117 2721; x_wconf 86' lang='lat' dir='ltr'><strong>libro</strong></span> <span class='ocrx_word' id='word_1_125' title='bbox 1159 2674 1458 2735; x_wconf 83' lang='lat' dir='ltr'><strong>inseruerit,</strong></span> 
     </span>
     <span class='ocr_line' id='line_1_30' title="bbox 416 2746 1463 2809; baseline 0.002 -15"><span class='ocrx_word' id='word_1_126' title='bbox 416 2746 629 2795; x_wconf 63' lang='lat' dir='ltr'><strong>miron«</strong></span> <span class='ocrx_word' id='word_1_127' title='bbox 668 2748 959 2796; x_wconf 61' lang='lat' dir='ltr'><strong>meamus.</strong></span> <span class='ocrx_word' id='word_1_128' title='bbox 1009 2748 1144 2809; x_wconf 83' lang='lat' dir='ltr'><strong>App.</strong></span> <span class='ocrx_word' id='word_1_129' title='bbox 1191 2746 1260 2796; x_wconf 88' lang='lat' dir='ltr'><strong>ad</strong></span> <span class='ocrx_word' id='word_1_130' title='bbox 1298 2749 1463 2796; x_wconf 85' lang='lat' dir='ltr'><strong>Fran-</strong></span> 
     </span>
     <span class='ocr_line' id='line_1_31' title="bbox 414 2820 1460 2884; baseline 0 -17"><span class='ocrx_word' id='word_1_131' title='bbox 414 2820 557 2868; x_wconf 79' lang='lat' dir='ltr'><strong>kium</strong></span> <span class='ocrx_word' id='word_1_132' title='bbox 591 2833 710 2883; x_wconf 85' lang='lat' dir='ltr'><strong>pag.</strong></span> <span class='ocrx_word' id='word_1_133' title='bbox 747 2820 861 2870; x_wconf 70' lang='lat'><strong>238.</strong></span> <span class='ocrx_word' id='word_1_134' title='bbox 904 2848 959 2855; x_wconf 95' lang='lat'><strong>—</strong></span> <span class='ocrx_word' id='word_1_135' title='bbox 994 2821 1173 2884; x_wconf 60' lang='lat' dir='ltr'><strong>facque]</strong></span> <span class='ocrx_word' id='word_1_136' title='bbox 1212 2821 1460 2872; x_wconf 60' lang='lat' dir='ltr'><strong>«exsilii»</strong></span> 
     </span>
     <span class='ocr_line' id='line_1_32' title="bbox 425 2892 1464 2957; baseline 0.003 -15"><span class='ocrx_word' id='word_1_137' title='bbox 425 2920 473 2928; x_wconf 88' lang='lat'>-</span> <span class='ocrx_word' id='word_1_138' title='bbox 511 2892 644 2957; x_wconf 73' lang='lat' dir='ltr'><strong>belli]</strong></span> <span class='ocrx_word' id='word_1_139' title='bbox 681 2894 784 2944; x_wconf 87' lang='lat' dir='ltr'><strong>Cl&#39;r.</strong></span> <span class='ocrx_word' id='word_1_140' title='bbox 824 2894 891 2944; x_wconf 89' lang='lat' dir='ltr'><strong>ad</strong></span> <span class='ocrx_word' id='word_1_141' title='bbox 928 2893 1022 2942; x_wconf 91' lang='lat' dir='ltr'><strong>Od.</strong></span> <span class='ocrx_word' id='word_1_142' title='bbox 1061 2896 1119 2954; x_wconf 75' lang='lat'><strong>2,</strong></span> <span class='ocrx_word' id='word_1_143' title='bbox 1157 2895 1214 2953; x_wconf 86' lang='lat'><strong>7,</strong></span> <span class='ocrx_word' id='word_1_144' title='bbox 1257 2896 1332 2944; x_wconf 80' lang='lat'><strong>⁴0.</strong></span> <span class='ocrx_word' id='word_1_145' title='bbox 1388 2895 1464 2945; x_wconf 92' lang='lat' dir='ltr'><strong>lo-</strong></span> 
     </span>
     <span class='ocr_line' id='line_1_33' title="bbox 414 2968 1462 3026; baseline 0.002 -8"><span class='ocrx_word' id='word_1_146' title='bbox 414 2981 540 3018; x_wconf 87' lang='lat' dir='ltr'><strong>cum</strong></span> <span class='ocrx_word' id='word_1_147' title='bbox 564 2970 812 3019; x_wconf 84' lang='lat' dir='ltr'><strong>Herodoti</strong></span> <span class='ocrx_word' id='word_1_148' title='bbox 836 2971 885 3026; x_wconf 71' lang='lat'><strong>5.</strong></span> <span class='ocrx_word' id='word_1_149' title='bbox 914 2969 994 3019; x_wconf 80' lang='lat'><strong>95.</strong></span> <span class='ocrx_word' id='word_1_150' title='bbox 1034 2968 1261 3020; x_wconf 83' lang='lat' dir='ltr'><strong>Alcaeus</strong></span> <span class='ocrx_word' id='word_1_151' title='bbox 1285 2970 1462 3020; x_wconf 85' lang='lat' dir='ltr'><strong>floruit</strong></span> 
     </span>
     <span class='ocr_line' id='line_1_34' title="bbox 413 3042 1456 3106; baseline 0.001 -14"><span class='ocrx_word' id='word_1_152' title='bbox 413 3043 552 3092; x_wconf 89' lang='lat' dir='ltr'><strong>circa</strong></span> <span class='ocrx_word' id='word_1_153' title='bbox 589 3042 979 3106; x_wconf 80' lang='lat' dir='ltr'><strong>Olymp.XL11.</strong></span> <span class='ocrx_word' id='word_1_154' title='bbox 1035 3057 1084 3093; x_wconf 88' lang='lat' dir='ltr'><strong>a.</strong></span> <span class='ocrx_word' id='word_1_155' title='bbox 1141 3044 1265 3093; x_wconf 88' lang='lat' dir='ltr'><strong>Chr.</strong></span> <span class='ocrx_word' id='word_1_156' title='bbox 1314 3045 1456 3105; x_wconf 58' lang='lat'><strong>6⁴⁴„</strong></span> 
     </span>
     <span class='ocr_line' id='line_1_35' title="bbox 413 3115 1460 3181; baseline 0.003 -16"><span class='ocrx_word' id='word_1_157' title='bbox 413 3115 650 3178; x_wconf 91' lang='lat' dir='ltr'><strong>aequalis</strong></span> <span class='ocrx_word' id='word_1_158' title='bbox 700 3118 959 3181; x_wconf 75' lang='lat' dir='ltr'><strong>Sapphus,</strong></span> <span class='ocrx_word' id='word_1_159' title='bbox 1021 3119 1309 3181; x_wconf 87' lang='lat' dir='ltr'><strong>Praecipue</strong></span> <span class='ocrx_word' id='word_1_160' title='bbox 1346 3121 1460 3169; x_wconf 87' lang='lat' dir='ltr'><strong>eius</strong></span> 
     </span>
     <span class='ocr_line' id='line_1_36' title="bbox 413 3191 1462 3255; baseline 0.006 -18"><span class='ocrx_word' id='word_1_161' title='bbox 413 3191 578 3240; x_wconf 85' lang='lat' dir='ltr'><strong>virtus</strong></span> <span class='ocrx_word' id='word_1_162' title='bbox 628 3191 814 3240; x_wconf 86' lang='lat' dir='ltr'><strong>enituit</strong></span> <span class='ocrx_word' id='word_1_163' title='bbox 857 3192 912 3239; x_wconf 86' lang='lat' dir='ltr'><strong>in</strong></span> <span class='ocrx_word' id='word_1_164' title='bbox 962 3192 1333 3254; x_wconf 84' lang='lat' dir='ltr'><strong>impugnandis</strong></span> <span class='ocrx_word' id='word_1_165' title='bbox 1380 3196 1462 3255; x_wconf 83' lang='lat' dir='ltr'><strong>ty-</strong></span> 
     </span>
     <span class='ocr_line' id='line_1_37' title="bbox 413 3264 1459 3329; baseline 0.004 -16"><span class='ocrx_word' id='word_1_166' title='bbox 413 3265 619 3324; x_wconf 78' lang='lat' dir='ltr'><strong>ranniS,</strong></span> <span class='ocrx_word' id='word_1_167' title='bbox 704 3265 793 3326; x_wconf 92' lang='lat' dir='ltr'><strong>qui</strong></span> <span class='ocrx_word' id='word_1_168' title='bbox 868 3264 1121 3329; x_wconf 89' lang='lat' dir='ltr'><strong>deinceps</strong></span> <span class='ocrx_word' id='word_1_169' title='bbox 1180 3266 1459 3328; x_wconf 79' lang='lat' dir='ltr'><strong>Mytilenas</strong></span> 
     </span>
     <span class='ocr_line' id='line_1_38' title="bbox 413 3337 1455 3403; baseline 0.003 -17"><span class='ocrx_word' id='word_1_170' title='bbox 413 3338 561 3401; x_wconf 84' lang='lat' dir='ltr'><strong>potiti</strong></span> <span class='ocrx_word' id='word_1_171' title='bbox 596 3341 771 3398; x_wconf 85' lang='lat' dir='ltr'><strong>erant,</strong></span> <span class='ocrx_word' id='word_1_172' title='bbox 808 3337 1051 3400; x_wconf 81' lang='lat' dir='ltr'><strong>Myrsilo‚</strong></span> <span class='ocrx_word' id='word_1_173' title='bbox 1103 3338 1455 3403; x_wconf 84' lang='lat' dir='ltr'><strong>Megalagyro‚</strong></span> 
     </span>
     <span class='ocr_line' id='line_1_39' title="bbox 412 3410 1458 3464; baseline 0.005 -4"><span class='ocrx_word' id='word_1_174' title='bbox 412 3410 542 3461; x_wconf 88' lang='lat' dir='ltr'><strong>aliis.</strong></span> <span class='ocrx_word' id='word_1_175' title='bbox 613 3413 744 3462; x_wconf 86' lang='lat' dir='ltr'><strong>Nam</strong></span> <span class='ocrx_word' id='word_1_176' title='bbox 780 3425 904 3462; x_wconf 90' lang='lat' dir='ltr'><strong>cum</strong></span> <span class='ocrx_word' id='word_1_177' title='bbox 939 3413 1099 3463; x_wconf 85' lang='lat' dir='ltr'><strong>fratre</strong></span> <span class='ocrx_word' id='word_1_178' title='bbox 1122 3416 1458 3464; x_wconf 85' lang='lat' dir='ltr'><strong>Antimenide</strong></span> 
     </span>
     <span class='ocr_line' id='line_1_40' title="bbox 412 3485 1461 3551; baseline 0.003 -15"><span class='ocrx_word' id='word_1_179' title='bbox 412 3485 681 3536; x_wconf 86' lang='lat' dir='ltr'><strong>exsulibus</strong></span> <span class='ocrx_word' id='word_1_180' title='bbox 738 3486 1066 3549; x_wconf 82' lang='lat' dir='ltr'><strong>Mytilenaeis</strong></span> <span class='ocrx_word' id='word_1_181' title='bbox 1123 3489 1352 3551; x_wconf 74' lang='lat' dir='ltr'><strong>praefuit</strong></span> <span class='ocrx_word' id='word_1_182' title='bbox 1407 3492 1461 3539; x_wconf 88' lang='lat' dir='ltr'><strong>et</strong></span> 
     </span>
     <span class='ocr_line' id='line_1_41' title="bbox 414 3562 1459 3622; baseline 0.005 -13"><span class='ocrx_word' id='word_1_183' title='bbox 414 3562 480 3609; x_wconf 89' lang='lat' dir='ltr'><strong>ita</strong></span> <span class='ocrx_word' id='word_1_184' title='bbox 532 3562 676 3611; x_wconf 89' lang='lat' dir='ltr'><strong>cives</strong></span> <span class='ocrx_word' id='word_1_185' title='bbox 729 3562 966 3622; x_wconf 80' lang='lat' dir='ltr'><strong>vexavit,</strong></span> <span class='ocrx_word' id='word_1_186' title='bbox 1020 3565 1081 3610; x_wconf 88' lang='lat' dir='ltr'><strong>ut</strong></span> <span class='ocrx_word' id='word_1_187' title='bbox 1113 3562 1166 3610; x_wconf 90' lang='lat' dir='ltr'><strong>hi</strong></span> <span class='ocrx_word' id='word_1_188' title='bbox 1201 3565 1459 3614; x_wconf 86' lang='lat' dir='ltr'><strong>Pittacum</strong></span> 
     </span>
     <span class='ocr_line' id='line_1_42' title="bbox 411 3635 1460 3688; baseline 0.004 -4"><span class='ocrx_word' id='word_1_189' title='bbox 411 3635 607 3685; x_wconf 88' lang='lat' dir='ltr'><strong>ducem</strong></span> <span class='ocrx_word' id='word_1_190' title='bbox 656 3639 841 3686; x_wconf 85' lang='lat' dir='ltr'><strong>eontra</strong></span> <span class='ocrx_word' id='word_1_191' title='bbox 891 3635 1005 3685; x_wconf 89' lang='lat' dir='ltr'><strong>illos</strong></span> <span class='ocrx_word' id='word_1_192' title='bbox 1053 3640 1313 3686; x_wconf 84' lang='lat' dir='ltr'><strong>crearent.</strong></span> <span class='ocrx_word' id='word_1_193' title='bbox 1382 3640 1460 3688; x_wconf 87' lang='lat' dir='ltr'><strong>lta</strong></span> 
     </span>
     <span class='ocr_line' id='line_1_43' title="bbox 411 3710 1462 3774; baseline 0.002 -15"><span class='ocrx_word' id='word_1_194' title='bbox 411 3710 668 3759; x_wconf 84' lang='lat' dir='ltr'><strong>Pittacum</strong></span> <span class='ocrx_word' id='word_1_195' title='bbox 704 3723 917 3774; x_wconf 90' lang='lat' dir='ltr'><strong>quoque</strong></span> <span class='ocrx_word' id='word_1_196' title='bbox 956 3712 1011 3759; x_wconf 89' lang='lat' dir='ltr'><strong>et</strong></span> <span class='ocrx_word' id='word_1_197' title='bbox 1044 3711 1206 3760; x_wconf 86' lang='lat' dir='ltr'><strong>armis</strong></span> <span class='ocrx_word' id='word_1_198' title='bbox 1242 3712 1297 3759; x_wconf 88' lang='lat' dir='ltr'><strong>et</strong></span> <span class='ocrx_word' id='word_1_199' title='bbox 1330 3724 1462 3761; x_wconf 89' lang='lat' dir='ltr'><strong>con—</strong></span> 
     </span>
     <span class='ocr_line' id='line_1_44' title="bbox 409 3784 1461 3846; baseline 0.003 -14"><span class='ocrx_word' id='word_1_200' title='bbox 409 3784 555 3832; x_wconf 84' lang='lat' dir='ltr'><strong>viciis</strong></span> <span class='ocrx_word' id='word_1_201' title='bbox 607 3797 890 3846; x_wconf 79' lang='lat' dir='ltr'><strong>aggressus</strong></span> <span class='ocrx_word' id='word_1_202' title='bbox 943 3786 1057 3842; x_wconf 79' lang='lat' dir='ltr'><strong>est3</strong></span> <span class='ocrx_word' id='word_1_203' title='bbox 1118 3797 1148 3832; x_wconf 92' lang='lat' dir='ltr'><strong>a</strong></span> <span class='ocrx_word' id='word_1_204' title='bbox 1194 3796 1300 3846; x_wconf 90' lang='lat' dir='ltr'><strong>quo</strong></span> <span class='ocrx_word' id='word_1_205' title='bbox 1336 3799 1461 3835; x_wconf 87' lang='lat' dir='ltr'><strong>eum</strong></span> 
     </span>
     <span class='ocr_line' id='line_1_45' title="bbox 408 3855 1458 3922; baseline 0.004 -17"><span class='ocrx_word' id='word_1_206' title='bbox 408 3855 694 3920; x_wconf 85' lang='lat' dir='ltr'><strong>aliquando</strong></span> <span class='ocrx_word' id='word_1_207' title='bbox 729 3862 945 3922; x_wconf 88' lang='lat' dir='ltr'><strong>captum</strong></span> <span class='ocrx_word' id='word_1_208' title='bbox 966 3898 977 3919; x_wconf 93' lang='lat'><strong>,</strong></span> <span class='ocrx_word' id='word_1_209' title='bbox 1027 3858 1124 3908; x_wconf 86' lang='lat' dir='ltr'><strong>sed</strong></span> <span class='ocrx_word' id='word_1_210' title='bbox 1160 3857 1458 3909; x_wconf 87' lang='lat' dir='ltr'><strong>incolumen</strong></span> 
     </span>
     <span class='ocr_line' id='line_1_46' title="bbox 407 3930 1456 3991; baseline 0.003 -11"><span class='ocrx_word' id='word_1_211' title='bbox 407 3931 722 3991; x_wconf 88' lang='lat' dir='ltr'><strong>dimissum,</strong></span> <span class='ocrx_word' id='word_1_212' title='bbox 775 3935 1088 3983; x_wconf 79' lang='lat' dir='ltr'><strong>narraverat</strong></span> <span class='ocrx_word' id='word_1_213' title='bbox 1145 3930 1456 3983; x_wconf 86' lang='lat' dir='ltr'><strong>Heraclitus.</strong></span> 
     </span>
     <span class='ocr_line' id='line_1_47' title="bbox 409 4005 960 4068; baseline 0.005 -14"><span class='ocrx_word' id='word_1_214' title='bbox 409 4005 514 4056; x_wconf 82' lang='lat' dir='ltr'><strong>Cfr.</strong></span> <span class='ocrx_word' id='word_1_215' title='bbox 553 4006 648 4055; x_wconf 92' lang='lat' dir='ltr'><strong>Od.</strong></span> <span class='ocrx_word' id='word_1_216' title='bbox 689 4008 744 4066; x_wconf 81' lang='grc'><strong>4,</strong></span> <span class='ocrx_word' id='word_1_217' title='bbox 785 4008 874 4068; x_wconf 76' lang='lat'><strong>32,</strong></span> <span class='ocrx_word' id='word_1_218' title='bbox 912 4009 960 4057; x_wconf 81' lang='lat'><strong>5.</strong></span> 
     </span>
    </p>

    <p class='ocr_par' dir='ltr' id='par_1_15' title="bbox 405 4081 1459 4294">
     <span class='ocr_line' id='line_1_48' title="bbox 506 4081 1458 4146; baseline 0.001 -18"><span class='ocrx_word' id='word_1_219' title='bbox 506 4081 588 4129; x_wconf 73' lang='lat'><strong>29.</strong></span> <span class='ocrx_word' id='word_1_220' title='bbox 666 4081 962 4146; x_wconf 76' lang='lat' dir='ltr'><strong>Utrumque]</strong></span> <span class='ocrx_word' id='word_1_221' title='bbox 1015 4083 1234 4132; x_wconf 81' lang='lat' dir='ltr'><strong>Exstant</strong></span> <span class='ocrx_word' id='word_1_222' title='bbox 1267 4081 1458 4131; x_wconf 89' lang='lat' dir='ltr'><strong>etiam-</strong></span> 
     </span>
     <span class='ocr_line' id='line_1_49' title="bbox 409 4155 1458 4221; baseline 0.002 -19"><span class='ocrx_word' id='word_1_223' title='bbox 409 4166 549 4204; x_wconf 87' lang='lat' dir='ltr'><strong>nunc</strong></span> <span class='ocrx_word' id='word_1_224' title='bbox 568 4156 868 4206; x_wconf 86' lang='lat' dir='ltr'><strong>carminum</strong></span> <span class='ocrx_word' id='word_1_225' title='bbox 891 4156 1165 4221; x_wconf 80' lang='lat' dir='ltr'><strong>reliquiae,</strong></span> <span class='ocrx_word' id='word_1_226' title='bbox 1193 4158 1245 4206; x_wconf 90' lang='lat' dir='ltr'><strong>in</strong></span> <span class='ocrx_word' id='word_1_227' title='bbox 1263 4155 1458 4219; x_wconf 89' lang='lat' dir='ltr'><strong>quibus</strong></span> 
     </span>
     <span class='ocr_line' id='line_1_50' title="bbox 405 4226 1459 4294; baseline 0.001 -17"><span class='ocrx_word' id='word_1_228' title='bbox 405 4226 632 4278; x_wconf 78' lang='lat' dir='ltr'><strong>Alcaeus</strong></span> <span class='ocrx_word' id='word_1_229' title='bbox 683 4230 1026 4294; x_wconf 88' lang='lat' dir='ltr'><strong>Sapphonem</strong></span> <span class='ocrx_word' id='word_1_230' title='bbox 1048 4270 1060 4290; x_wconf 91' lang='lat'><strong>‚</strong></span> <span class='ocrx_word' id='word_1_231' title='bbox 1120 4230 1256 4281; x_wconf 89' lang='lat' dir='ltr'><strong>haec</strong></span> <span class='ocrx_word' id='word_1_232' title='bbox 1312 4228 1459 4279; x_wconf 90' lang='lat' dir='ltr'><strong>illum</strong></span> 
     </span>
    </p>
   </div>
   <div class='ocr_carea' id='block_1_14' title="bbox 1532 1630 2591 3093">
    <p class='ocr_par' dir='ltr' id='par_1_16' title="bbox 1532 1630 2591 3093">
     <span class='ocr_line' id='line_1_51' title="bbox 1536 1630 2589 1700; baseline 0.005 -19"><span class='ocrx_word' id='word_1_233' title='bbox 1536 1648 1673 1693; x_wconf 83' lang='grc' dir='ltr'><em>φοι,</em></span> <span class='ocrx_word' id='word_1_234' title='bbox 1729 1631 1888 1684; x_wconf 81' lang='grc' dir='ltr'><strong>Θέλω</strong></span> <span class='ocrx_word' id='word_1_235' title='bbox 1937 1647 1991 1682; x_wconf 82' lang='grc' dir='ltr'><strong>τι</strong></span> <span class='ocrx_word' id='word_1_236' title='bbox 2025 1631 2261 1699; x_wconf 69' lang='grc' dir='ltr'><em>Ρειπῆν,</em></span> <span class='ocrx_word' id='word_1_237' title='bbox 2315 1630 2463 1685; x_wconf 79' lang='grc' dir='ltr'><strong><em>ἀλλά</em></strong></span> <span class='ocrx_word' id='word_1_238' title='bbox 2513 1652 2589 1700; x_wconf 83' lang='grc' dir='ltr'><strong>με</strong></span> 
     </span>
     <span class='ocr_line' id='line_1_52' title="bbox 1535 1706 2584 1773; baseline 0.004 -16"><span class='ocrx_word' id='word_1_239' title='bbox 1535 1706 1742 1757; x_wconf 76' lang='grc' dir='ltr'><em>κωλύει</em></span> <span class='ocrx_word' id='word_1_240' title='bbox 1810 1706 2000 1769; x_wconf 74' lang='grc' dir='ltr'><em>αἴόως.</em></span> <span class='ocrx_word' id='word_1_241' title='bbox 2084 1709 2279 1773; x_wconf 88' lang='lat' dir='ltr'><strong>Sapph.</strong></span> <span class='ocrx_word' id='word_1_242' title='bbox 2352 1711 2430 1760; x_wconf 86' lang='lat' dir='ltr'><strong>Fr.</strong></span> <span class='ocrx_word' id='word_1_243' title='bbox 2503 1712 2584 1761; x_wconf 76' lang='lat'><strong>32.</strong></span> 
     </span>
     <span class='ocr_line' id='line_1_53' title="bbox 1535 1783 2585 1845; baseline 0.003 -13"><span class='ocrx_word' id='word_1_244' title='bbox 1535 1783 1707 1844; x_wconf 83' lang='lat' dir='ltr'><strong>Bergk</strong></span> <span class='ocrx_word' id='word_1_245' title='bbox 1741 1794 1793 1845; x_wconf 94' lang='lat' dir='ltr'><strong>p.</strong></span> <span class='ocrx_word' id='word_1_246' title='bbox 1834 1783 1947 1831; x_wconf 83' lang='lat'><strong>607.</strong></span> <span class='ocrx_word' id='word_1_247' title='bbox 2004 1784 2085 1832; x_wconf 88' lang='lat' dir='ltr'><strong>Fr.</strong></span> <span class='ocrx_word' id='word_1_248' title='bbox 2132 1783 2214 1832; x_wconf 71' lang='lat'><strong>26.</strong></span> <span class='ocrx_word' id='word_1_249' title='bbox 2257 1784 2585 1835; x_wconf 79' lang='lat' dir='ltr'><strong>Schneidew.</strong></span> 
     </span>
     <span class='ocr_line' id='line_1_54' title="bbox 1539 1855 2591 1909; baseline 0.006 -6"><span class='ocrx_word' id='word_1_250' title='bbox 1539 1884 1595 1892; x_wconf 93' lang='lat'><strong>—</strong></span> <span class='ocrx_word' id='word_1_251' title='bbox 1634 1858 1689 1904; x_wconf 88' lang='lat' dir='ltr'><strong>In</strong></span> <span class='ocrx_word' id='word_1_252' title='bbox 1744 1855 2166 1905; x_wconf 85' lang='lat' dir='ltr'><strong>celebratissimo</strong></span> <span class='ocrx_word' id='word_1_253' title='bbox 2216 1871 2344 1908; x_wconf 83' lang='lat' dir='ltr'><strong>vase</strong></span> <span class='ocrx_word' id='word_1_254' title='bbox 2398 1861 2591 1909; x_wconf 81' lang='lat' dir='ltr'><strong>Panet-</strong></span> 
     </span>
     <span class='ocr_line' id='line_1_55' title="bbox 1537 1930 2584 1993; baseline 0.006 -16"><span class='ocrx_word' id='word_1_255' title='bbox 1537 1930 1740 1979; x_wconf 86' lang='lat' dir='ltr'><strong>tierano</strong></span> <span class='ocrx_word' id='word_1_256' title='bbox 1775 1930 1921 1993; x_wconf 78' lang='lat' dir='ltr'><strong>(Bou.</strong></span> <span class='ocrx_word' id='word_1_257' title='bbox 1960 1931 2070 1979; x_wconf 78' lang='lat' dir='ltr'><strong>dell&#39;</strong></span> <span class='ocrx_word' id='word_1_258' title='bbox 2105 1931 2222 1980; x_wconf 79' lang='lat' dir='ltr'><strong>Inst.</strong></span> <span class='ocrx_word' id='word_1_259' title='bbox 2262 1934 2400 1981; x_wconf 71' lang='lat' dir='ltr'><strong>arch.</strong></span> <span class='ocrx_word' id='word_1_260' title='bbox 2439 1934 2584 1984; x_wconf 79' lang='lat'><strong>⁴838.</strong></span> 
     </span>
     <span class='ocr_line' id='line_1_56' title="bbox 1533 2003 2590 2067; baseline 0.005 -15"><span class='ocrx_word' id='word_1_261' title='bbox 1533 2015 1586 2065; x_wconf 91' lang='lat' dir='ltr'><strong>p.</strong></span> <span class='ocrx_word' id='word_1_262' title='bbox 1648 2003 1747 2065; x_wconf 71' lang='lat'><strong>47.)</strong></span> <span class='ocrx_word' id='word_1_263' title='bbox 1818 2004 2030 2067; x_wconf 87' lang='lat' dir='ltr'><strong>Sappho</strong></span> <span class='ocrx_word' id='word_1_264' title='bbox 2083 2008 2137 2053; x_wconf 88' lang='lat' dir='ltr'><strong>et</strong></span> <span class='ocrx_word' id='word_1_265' title='bbox 2186 2005 2412 2056; x_wconf 83' lang='lat' dir='ltr'><strong>Alcaeus</strong></span> <span class='ocrx_word' id='word_1_266' title='bbox 2465 2020 2590 2057; x_wconf 89' lang='lat' dir='ltr'><strong>cum</strong></span> 
     </span>
     <span class='ocr_line' id='line_1_57' title="bbox 1532 2077 2586 2148; baseline 0.005 -23"><span class='ocrx_word' id='word_1_267' title='bbox 1532 2077 1744 2126; x_wconf 88' lang='lat' dir='ltr'><strong>Baccho</strong></span> <span class='ocrx_word' id='word_1_268' title='bbox 1780 2080 1942 2140; x_wconf 86' lang='lat' dir='ltr'><strong>atque</strong></span> <span class='ocrx_word' id='word_1_269' title='bbox 1980 2077 2145 2148; x_wconf 79' lang='grc' dir='ltr'><em>Μέθῃ</em></span> <span class='ocrx_word' id='word_1_270' title='bbox 2182 2082 2586 2139; x_wconf 84' lang='lat' dir='ltr'><strong>consociantur;</strong></span> 
     </span>
     <span class='ocr_line' id='line_1_58' title="bbox 1534 2150 2591 2218; baseline 0.004 -19"><span class='ocrx_word' id='word_1_271' title='bbox 1534 2151 1649 2200; x_wconf 88' lang='lat' dir='ltr'><strong>sine</strong></span> <span class='ocrx_word' id='word_1_272' title='bbox 1701 2150 1814 2200; x_wconf 88' lang='lat' dir='ltr'><strong>aliis</strong></span> <span class='ocrx_word' id='word_1_273' title='bbox 1864 2152 2045 2213; x_wconf 84' lang='lat' dir='ltr'><strong>figuris</strong></span> <span class='ocrx_word' id='word_1_274' title='bbox 2092 2156 2249 2215; x_wconf 86' lang='lat' dir='ltr'><strong>poe&#39;ta</strong></span> <span class='ocrx_word' id='word_1_275' title='bbox 2298 2157 2352 2203; x_wconf 90' lang='lat' dir='ltr'><strong>et</strong></span> <span class='ocrx_word' id='word_1_276' title='bbox 2383 2155 2591 2218; x_wconf 74' lang='lat' dir='ltr'><strong>poetria</strong></span> 
     </span>
     <span class='ocr_line' id='line_1_59' title="bbox 1536 2225 2585 2292; baseline 0.004 -19"><span class='ocrx_word' id='word_1_277' title='bbox 1536 2237 1565 2273; x_wconf 94' lang='lat' dir='ltr'><strong>e</strong></span> <span class='ocrx_word' id='word_1_278' title='bbox 1617 2226 1832 2287; x_wconf 79' lang='lat' dir='ltr'><strong>regione</strong></span> <span class='ocrx_word' id='word_1_279' title='bbox 1884 2225 1984 2274; x_wconf 88' lang='lat' dir='ltr'><strong>sibi</strong></span> <span class='ocrx_word' id='word_1_280' title='bbox 2036 2229 2237 2276; x_wconf 87' lang='lat' dir='ltr'><strong>stantes</strong></span> <span class='ocrx_word' id='word_1_281' title='bbox 2290 2225 2433 2289; x_wconf 82' lang='lat' dir='ltr'><strong>lyras</strong></span> <span class='ocrx_word' id='word_1_282' title='bbox 2467 2228 2585 2292; x_wconf 90' lang='lat' dir='ltr'><strong>pul-</strong></span> 
     </span>
     <span class='ocr_line' id='line_1_60' title="bbox 1535 2299 2584 2362; baseline 0.005 -15"><span class='ocrx_word' id='word_1_283' title='bbox 1535 2301 1655 2347; x_wconf 89' lang='lat' dir='ltr'><strong>sant</strong></span> <span class='ocrx_word' id='word_1_284' title='bbox 1676 2299 1818 2362; x_wconf 90' lang='lat' dir='ltr'><strong>apud</strong></span> <span class='ocrx_word' id='word_1_285' title='bbox 1838 2299 2100 2362; x_wconf 81' lang='lat' dir='ltr'><strong>Millingen</strong></span> <span class='ocrx_word' id='word_1_286' title='bbox 2126 2302 2263 2350; x_wconf 80' lang='lat' dir='ltr'><strong>Mon.</strong></span> <span class='ocrx_word' id='word_1_287' title='bbox 2291 2304 2329 2351; x_wconf 92' lang='lat'><strong>1.</strong></span> <span class='ocrx_word' id='word_1_288' title='bbox 2352 2301 2479 2352; x_wconf 88' lang='lat' dir='ltr'><strong>Tab.</strong></span> <span class='ocrx_word' id='word_1_289' title='bbox 2503 2302 2584 2353; x_wconf 85' lang='lat'><strong>33.</strong></span> 
     </span>
     <span class='ocr_line' id='line_1_61' title="bbox 1536 2372 2583 2440; baseline 0.005 -18"><span class='ocrx_word' id='word_1_290' title='bbox 1536 2376 1590 2422; x_wconf 90' lang='lat' dir='ltr'><strong>et</strong></span> <span class='ocrx_word' id='word_1_291' title='bbox 1612 2372 1724 2431; x_wconf 60' lang='lat'><strong>34„</strong></span> <span class='ocrx_word' id='word_1_292' title='bbox 1765 2387 1831 2422; x_wconf 86' lang='lat' dir='ltr'><strong>ex</strong></span> <span class='ocrx_word' id='word_1_293' title='bbox 1855 2375 2089 2436; x_wconf 87' lang='lat' dir='ltr'><strong>quadam</strong></span> <span class='ocrx_word' id='word_1_294' title='bbox 2115 2377 2266 2437; x_wconf 89' lang='lat' dir='ltr'><strong>quasi</strong></span> <span class='ocrx_word' id='word_1_295' title='bbox 2305 2377 2583 2440; x_wconf 85' lang='lat' dir='ltr'><strong>utriusque</strong></span> 
     </span>
     <span class='ocr_line' id='line_1_62' title="bbox 1532 2442 2589 2516; baseline 0.005 -19"><span class='ocrx_word' id='word_1_296' title='bbox 1532 2442 1879 2499; x_wconf 76' lang='grc' dir='ltr'><em>ἀποθεώσει.</em></span> <span class='ocrx_word' id='word_1_297' title='bbox 1922 2475 1978 2486; x_wconf 86' lang='lat'><strong>-·</strong></span> <span class='ocrx_word' id='word_1_298' title='bbox 2014 2463 2208 2499; x_wconf 75' lang='lat' dir='ltr'><strong>sacro-</strong></span> <span class='ocrx_word' id='word_1_299' title='bbox 2229 2451 2446 2516; x_wconf 69' lang='lat' dir='ltr'><strong>silentio]</strong></span> <span class='ocrx_word' id='word_1_300' title='bbox 2482 2453 2589 2502; x_wconf 81' lang='lat' dir='ltr'><strong>Ac-</strong></span> 
     </span>
     <span class='ocr_line' id='line_1_63' title="bbox 1535 2523 2584 2588; baseline 0.003 -16"><span class='ocrx_word' id='word_1_301' title='bbox 1535 2523 1671 2573; x_wconf 91' lang='lat' dir='ltr'><strong>cedo</strong></span> <span class='ocrx_word' id='word_1_302' title='bbox 1695 2537 1838 2573; x_wconf 89' lang='lat' dir='ltr'><strong>nunc</strong></span> <span class='ocrx_word' id='word_1_303' title='bbox 1863 2523 2069 2573; x_wconf 85' lang='lat' dir='ltr'><strong>Halmio</strong></span> <span class='ocrx_word' id='word_1_304' title='bbox 2094 2526 2163 2573; x_wconf 81' lang='lat' dir='ltr'><strong>ita</strong></span> <span class='ocrx_word' id='word_1_305' title='bbox 2188 2526 2552 2588; x_wconf 86' lang='lat' dir='ltr'><strong>interpretanti</strong></span> <span class='ocrx_word' id='word_1_306' title='bbox 2573 2541 2584 2575; x_wconf 90' lang='lat'>:</span> 
     </span>
     <span class='ocr_line' id='line_1_64' title="bbox 1537 2597 2588 2662; baseline 0.002 -14"><span class='ocrx_word' id='word_1_307' title='bbox 1537 2597 1707 2648; x_wconf 78' lang='lat' dir='ltr'><strong>«Talia</strong></span> <span class='ocrx_word' id='word_1_308' title='bbox 1759 2612 1853 2648; x_wconf 87' lang='lat' dir='ltr'><strong>eos</strong></span> <span class='ocrx_word' id='word_1_309' title='bbox 1907 2599 2164 2648; x_wconf 81' lang='lat' dir='ltr'><strong>cecinisse</strong></span> <span class='ocrx_word' id='word_1_310' title='bbox 2214 2599 2392 2661; x_wconf 85' lang='lat' dir='ltr'><strong>fingit,</strong></span> <span class='ocrx_word' id='word_1_311' title='bbox 2447 2612 2588 2662; x_wconf 89' lang='lat' dir='ltr'><strong>quae</strong></span> 
     </span>
     <span class='ocr_line' id='line_1_65' title="bbox 1534 2672 2590 2735; baseline 0.002 -14"><span class='ocrx_word' id='word_1_312' title='bbox 1534 2672 1689 2734; x_wconf 88' lang='lat' dir='ltr'><strong>digna</strong></span> <span class='ocrx_word' id='word_1_313' title='bbox 1717 2675 1922 2732; x_wconf 88' lang='lat' dir='ltr'><strong>essent,</strong></span> <span class='ocrx_word' id='word_1_314' title='bbox 1960 2675 2035 2730; x_wconf 87' lang='lat' dir='ltr'><strong>ut,</strong></span> <span class='ocrx_word' id='word_1_315' title='bbox 2075 2672 2380 2735; x_wconf 88' lang='lat' dir='ltr'><strong>ubicunque</strong></span> <span class='ocrx_word' id='word_1_316' title='bbox 2407 2673 2590 2723; x_wconf 88' lang='lat' dir='ltr'><strong>audie-</strong></span> 
     </span>
     <span class='ocr_line' id='line_1_66' title="bbox 1534 2747 2589 2811; baseline 0.002 -15"><span class='ocrx_word' id='word_1_317' title='bbox 1534 2747 1754 2805; x_wconf 86' lang='lat' dir='ltr'><strong>bantur,</strong></span> <span class='ocrx_word' id='word_1_318' title='bbox 1814 2760 1962 2795; x_wconf 81' lang='lat' dir='ltr'><strong>sacro</strong></span> <span class='ocrx_word' id='word_1_319' title='bbox 2009 2747 2203 2795; x_wconf 75' lang='lat' dir='ltr'><strong>silentio</strong></span> <span class='ocrx_word' id='word_1_320' title='bbox 2272 2748 2589 2811; x_wconf 83' lang='lat' dir='ltr'><strong>exciperen-</strong></span> 
     </span>
     <span class='ocr_line' id='line_1_67' title="bbox 1535 2819 2584 2884; baseline 0.001 -15"><span class='ocrx_word' id='word_1_321' title='bbox 1535 2822 1645 2880; x_wconf 88' lang='lat' dir='ltr'><strong>tur,</strong></span> <span class='ocrx_word' id='word_1_322' title='bbox 1719 2820 1872 2883; x_wconf 87' lang='lat' dir='ltr'><strong>quasi</strong></span> <span class='ocrx_word' id='word_1_323' title='bbox 1934 2833 2021 2870; x_wconf 90' lang='lat' dir='ltr'><strong>res</strong></span> <span class='ocrx_word' id='word_1_324' title='bbox 2073 2819 2250 2869; x_wconf 87' lang='lat' dir='ltr'><strong>divina</strong></span> <span class='ocrx_word' id='word_1_325' title='bbox 2318 2824 2584 2884; x_wconf 85' lang='lat' dir='ltr'><strong>ageretur.</strong></span> 
     </span>
     <span class='ocr_line' id='line_1_68' title="bbox 1534 2894 2591 2954; baseline 0.003 -12"><span class='ocrx_word' id='word_1_326' title='bbox 1534 2895 1659 2943; x_wconf 88' lang='lat' dir='ltr'><strong>Erat</strong></span> <span class='ocrx_word' id='word_1_327' title='bbox 1693 2894 1835 2944; x_wconf 88' lang='lat' dir='ltr'><strong>enim</strong></span> <span class='ocrx_word' id='word_1_328' title='bbox 1871 2897 2060 2943; x_wconf 88' lang='lat' dir='ltr'><strong>cantus</strong></span> <span class='ocrx_word' id='word_1_329' title='bbox 2096 2895 2205 2944; x_wconf 83' lang='lat' dir='ltr'><strong>tam</strong></span> <span class='ocrx_word' id='word_1_330' title='bbox 2240 2894 2480 2954; x_wconf 83' lang='lat' dir='ltr'><strong>divinus,</strong></span> <span class='ocrx_word' id='word_1_331' title='bbox 2530 2897 2591 2944; x_wconf 87' lang='lat' dir='ltr'><strong>ut</strong></span> 
     </span>
     <span class='ocr_line' id='line_1_69' title="bbox 1533 2969 2588 3033; baseline 0.001 -15"><span class='ocrx_word' id='word_1_332' title='bbox 1533 2969 1602 3018; x_wconf 87' lang='lat' dir='ltr'><strong>ab</strong></span> <span class='ocrx_word' id='word_1_333' title='bbox 1652 2970 1770 3032; x_wconf 88' lang='lat' dir='ltr'><strong>ipso</strong></span> <span class='ocrx_word' id='word_1_334' title='bbox 1832 2970 2105 3019; x_wconf 89' lang='lat' dir='ltr'><strong>Musarum</strong></span> <span class='ocrx_word' id='word_1_335' title='bbox 2168 2982 2260 3019; x_wconf 90' lang='lat' dir='ltr'><strong>ore</strong></span> <span class='ocrx_word' id='word_1_336' title='bbox 2318 2969 2588 3033; x_wconf 81' lang='lat' dir='ltr'><strong>profectus</strong></span> 
     </span>
     <span class='ocr_line' id='line_1_70' title="bbox 1532 3043 1864 3093; baseline 0.009 -3"><span class='ocrx_word' id='word_1_337' title='bbox 1532 3043 1864 3093; x_wconf 74' lang='lat' dir='ltr'><strong>videretur.»</strong></span> 
     </span>
    </p>
   </div>
   <div class='ocr_carea' id='block_1_15' title="bbox 1530 3116 2594 4289">
    <p class='ocr_par' dir='ltr' id='par_1_17' title="bbox 1530 3116 2594 4289">
     <span class='ocr_line' id='line_1_71' title="bbox 1597 3116 2590 3181; baseline 0.003 -15"><span class='ocrx_word' id='word_1_338' title='bbox 1597 3117 1678 3166; x_wconf 89' lang='grc'><strong>30.</strong></span> <span class='ocrx_word' id='word_1_339' title='bbox 1717 3118 1798 3167; x_wconf 75' lang='lat'><strong>3⁴.</strong></span> <span class='ocrx_word' id='word_1_340' title='bbox 1834 3118 1999 3180; x_wconf 64' lang='lat' dir='ltr'><strong>magis</strong></span> <span class='ocrx_word' id='word_1_341' title='bbox 2017 3117 2232 3181; x_wconf 63' lang='lat' dir='ltr'><strong>pugnas]</strong></span> <span class='ocrx_word' id='word_1_342' title='bbox 2271 3116 2590 3170; x_wconf 72' lang='lat' dir='ltr'><strong>«Multitudi-</strong></span> 
     </span>
     <span class='ocr_line' id='line_1_72' title="bbox 1532 3189 2587 3253; baseline 0.001 -14"><span class='ocrx_word' id='word_1_343' title='bbox 1532 3204 1657 3240; x_wconf 90' lang='lat' dir='ltr'><strong>nem</strong></span> <span class='ocrx_word' id='word_1_344' title='bbox 1709 3192 1879 3253; x_wconf 87' lang='lat' dir='ltr'><strong>magis</strong></span> <span class='ocrx_word' id='word_1_345' title='bbox 1928 3189 2139 3240; x_wconf 87' lang='lat' dir='ltr'><strong>allicere</strong></span> <span class='ocrx_word' id='word_1_346' title='bbox 2192 3192 2246 3240; x_wconf 88' lang='lat' dir='ltr'><strong>et</strong></span> <span class='ocrx_word' id='word_1_347' title='bbox 2313 3190 2587 3240; x_wconf 84' lang='lat' dir='ltr'><strong>delectare</strong></span> 
     </span>
     <span class='ocr_line' id='line_1_73' title="bbox 1532 3260 2587 3329; baseline -0.001 -15"><span class='ocrx_word' id='word_1_348' title='bbox 1532 3263 1704 3314; x_wconf 88' lang='lat' dir='ltr'><strong>solent</strong></span> <span class='ocrx_word' id='word_1_349' title='bbox 1746 3261 1815 3314; x_wconf 86' lang='grc' dir='ltr'><strong>τὰ</strong></span> <span class='ocrx_word' id='word_1_350' title='bbox 1866 3260 2221 3315; x_wconf 83' lang='grc' dir='ltr'><em>στασιωτικά</em></span> <span class='ocrx_word' id='word_1_351' title='bbox 2253 3262 2587 3329; x_wconf 82' lang='grc' dir='ltr'><em>καλούμενα</em></span> 
     </span>
     <span class='ocr_line' id='line_1_74' title="bbox 1532 3333 2580 3404; baseline -0.001 -16"><span class='ocrx_word' id='word_1_352' title='bbox 1532 3336 1636 3388; x_wconf 80' lang='grc' dir='ltr'><strong>τοῦ</strong></span> <span class='ocrx_word' id='word_1_353' title='bbox 1699 3333 1957 3390; x_wconf 74' lang='grc' dir='ltr'><strong>Ἀλκαίου</strong></span> <span class='ocrx_word' id='word_1_354' title='bbox 2029 3336 2329 3404; x_wconf 81' lang='grc' dir='ltr'><em>ποιήματα</em></span> <span class='ocrx_word' id='word_1_355' title='bbox 2386 3339 2580 3401; x_wconf 87' lang='lat' dir='ltr'><strong>(Strab.</strong></span> 
     </span>
     <span class='ocr_line' id='line_1_75' title="bbox 1534 3412 2586 3476; baseline -0.002 -13"><span class='ocrx_word' id='word_1_356' title='bbox 1534 3412 1612 3472; x_wconf 78' lang='lat'><strong>⁴3,</strong></span> <span class='ocrx_word' id='word_1_357' title='bbox 1637 3413 1771 3475; x_wconf 72' lang='lat'><strong>6⁴7.)</strong></span> <span class='ocrx_word' id='word_1_358' title='bbox 1797 3427 1959 3476; x_wconf 87' lang='lat' dir='ltr'><strong>quam</strong></span> <span class='ocrx_word' id='word_1_359' title='bbox 1984 3417 2201 3463; x_wconf 89' lang='lat' dir='ltr'><strong>tenerae</strong></span> <span class='ocrx_word' id='word_1_360' title='bbox 2226 3414 2423 3462; x_wconf 89' lang='lat' dir='ltr'><strong>amoris</strong></span> <span class='ocrx_word' id='word_1_361' title='bbox 2447 3425 2586 3475; x_wconf 89' lang='lat' dir='ltr'><strong>que-</strong></span> 
     </span>
     <span class='ocr_line' id='line_1_76' title="bbox 1532 3485 2583 3550; baseline -0.002 -14"><span class='ocrx_word' id='word_1_362' title='bbox 1532 3487 1789 3536; x_wconf 88' lang='lat' dir='ltr'><strong>rimoniae</strong></span> <span class='ocrx_word' id='word_1_363' title='bbox 1843 3501 1907 3536; x_wconf 89' lang='lat' dir='ltr'><strong>ac</strong></span> <span class='ocrx_word' id='word_1_364' title='bbox 1958 3491 2149 3536; x_wconf 89' lang='lat' dir='ltr'><strong>tenues</strong></span> <span class='ocrx_word' id='word_1_365' title='bbox 2185 3485 2302 3536; x_wconf 87' lang='lat' dir='ltr'><strong>illae</strong></span> <span class='ocrx_word' id='word_1_366' title='bbox 2339 3487 2583 3550; x_wconf 88' lang='lat' dir='ltr'><strong>Sapphus</strong></span> 
     </span>
     <span class='ocr_line' id='line_1_77' title="bbox 1531 3556 2583 3630; baseline -0.001 -21"><span class='ocrx_word' id='word_1_367' title='bbox 1531 3558 1760 3630; x_wconf 81' lang='grc' dir='ltr'><em>χάριτες</em></span> <span class='ocrx_word' id='word_1_368' title='bbox 1803 3558 1950 3625; x_wconf 82' lang='grc' dir='ltr'><em>μετὰ</em></span> <span class='ocrx_word' id='word_1_369' title='bbox 1994 3556 2402 3629; x_wconf 76' lang='grc' dir='ltr'><em>σωφροσύνης.</em></span> <span class='ocrx_word' id='word_1_370' title='bbox 2472 3560 2583 3609; x_wconf 89' lang='lat' dir='ltr'><strong>De·—</strong></span> 
     </span>
     <span class='ocr_line' id='line_1_78' title="bbox 1532 3626 2594 3696; baseline -0.002 -11"><span class='ocrx_word' id='word_1_371' title='bbox 1532 3637 1688 3685; x_wconf 89' lang='lat' dir='ltr'><strong>metr.</strong></span> <span class='ocrx_word' id='word_1_372' title='bbox 1744 3636 1886 3685; x_wconf 87' lang='lat' dir='ltr'><strong>Phal.</strong></span> <span class='ocrx_word' id='word_1_373' title='bbox 1942 3636 2010 3685; x_wconf 90' lang='lat' dir='ltr'><strong>de</strong></span> <span class='ocrx_word' id='word_1_374' title='bbox 2062 3635 2203 3685; x_wconf 89' lang='lat' dir='ltr'><strong>Eloc.</strong></span> <span class='ocrx_word' id='word_1_375' title='bbox 2258 3635 2306 3696; x_wconf 69' lang='grc' dir='ltr'><strong>ἓ.</strong></span> <span class='ocrx_word' id='word_1_376' title='bbox 2348 3635 2476 3684; x_wconf 75' lang='lat'>⁴67:</span> <span class='ocrx_word' id='word_1_377' title='bbox 2520 3626 2594 3683; x_wconf 87' lang='grc' dir='ltr'><em>Ἡ</em></span> 
     </span>
     <span class='ocr_line' id='line_1_79' title="bbox 1531 3702 2587 3780; baseline 0.001 -23"><span class='ocrx_word' id='word_1_378' title='bbox 1531 3705 1754 3770; x_wconf 73' lang='grc' dir='ltr'><em>Σαπφώ</em></span> <span class='ocrx_word' id='word_1_379' title='bbox 1792 3711 1919 3780; x_wconf 76' lang='grc' dir='ltr'><strong>περὶ</strong></span> <span class='ocrx_word' id='word_1_380' title='bbox 1950 3709 2059 3774; x_wconf 74' lang='grc' dir='ltr'><strong>μὲν</strong></span> <span class='ocrx_word' id='word_1_381' title='bbox 2108 3707 2357 3771; x_wconf 84' lang='grc' dir='ltr'><strong><em>κάλλους</em></strong></span> <span class='ocrx_word' id='word_1_382' title='bbox 2405 3702 2587 3775; x_wconf 82' lang='grc' dir='ltr'><strong><em>ᾅδου-</em></strong></span> 
     </span>
     <span class='ocr_line' id='line_1_80' title="bbox 1532 3777 2589 3849; baseline 0 -17"><span class='ocrx_word' id='word_1_383' title='bbox 1532 3799 1611 3833; x_wconf 90' lang='grc' dir='ltr'><strong>σα</strong></span> <span class='ocrx_word' id='word_1_384' title='bbox 1633 3782 1941 3849; x_wconf 78' lang='grc' dir='ltr'><strong><em>καλλιεπής</em></strong></span> <span class='ocrx_word' id='word_1_385' title='bbox 1963 3784 2085 3835; x_wconf 81' lang='grc' dir='ltr'><em>ἐστι</em></span> <span class='ocrx_word' id='word_1_386' title='bbox 2121 3784 2219 3834; x_wconf 78' lang='grc' dir='ltr'><strong>καὶ</strong></span> <span class='ocrx_word' id='word_1_387' title='bbox 2250 3777 2446 3848; x_wconf 79' lang='grc' dir='ltr'><em>ἡδεῖα·</em></span> <span class='ocrx_word' id='word_1_388' title='bbox 2483 3782 2589 3832; x_wconf 80' lang='grc' dir='ltr'><strong>καὶ</strong></span> 
     </span>
     <span class='ocr_line' id='line_1_81' title="bbox 1533 3853 2589 3929; baseline 0 -24"><span class='ocrx_word' id='word_1_389' title='bbox 1533 3858 1662 3927; x_wconf 81' lang='grc' dir='ltr'><strong>περὶ</strong></span> <span class='ocrx_word' id='word_1_390' title='bbox 1683 3854 1909 3927; x_wconf 78' lang='grc' dir='ltr'><em>ἐρώτων</em></span> <span class='ocrx_word' id='word_1_391' title='bbox 1931 3856 1992 3908; x_wconf 82' lang='grc' dir='ltr'><strong>δὲ</strong></span> <span class='ocrx_word' id='word_1_392' title='bbox 2021 3859 2120 3909; x_wconf 80' lang='grc' dir='ltr'><strong>καὶ</strong></span> <span class='ocrx_word' id='word_1_393' title='bbox 2144 3853 2316 3929; x_wconf 71' lang='grc' dir='ltr'><em>ἔαρος</em></span> <span class='ocrx_word' id='word_1_394' title='bbox 2338 3857 2438 3906; x_wconf 79' lang='grc' dir='ltr'><strong>καὶ</strong></span> <span class='ocrx_word' id='word_1_395' title='bbox 2460 3857 2589 3924; x_wconf 69' lang='grc' dir='ltr'><strong>περὶ</strong></span> 
     </span>
     <span class='ocr_line' id='line_1_82' title="bbox 1530 3924 2588 3996; baseline 0 -15"><span class='ocrx_word' id='word_1_396' title='bbox 1530 3926 1846 3994; x_wconf 81' lang='grc' dir='ltr'><strong><em>ἁλκυόνος·</em></strong></span> <span class='ocrx_word' id='word_1_397' title='bbox 1881 3933 1980 3981; x_wconf 81' lang='grc' dir='ltr'><strong>καὶ</strong></span> <span class='ocrx_word' id='word_1_398' title='bbox 2009 3926 2166 3982; x_wconf 79' lang='grc' dir='ltr'><em>ἅπαν</em></span> <span class='ocrx_word' id='word_1_399' title='bbox 2192 3928 2373 3982; x_wconf 84' lang='grc' dir='ltr'><em>καλὸν</em></span> <span class='ocrx_word' id='word_1_400' title='bbox 2395 3924 2588 3996; x_wconf 81' lang='grc' dir='ltr'><em>ὄνομα</em></span> 
     </span>
     <span class='ocr_line' id='line_1_83' title="bbox 1534 3999 2586 4077; baseline 0.001 -23"><span class='ocrx_word' id='word_1_401' title='bbox 1534 4002 1849 4067; x_wconf 75' lang='grc' dir='ltr'><em>ἐνύφανται</em></span> <span class='ocrx_word' id='word_1_402' title='bbox 1884 3999 2068 4071; x_wconf 78' lang='grc' dir='ltr'><em>αὐτῆς</em></span> <span class='ocrx_word' id='word_1_403' title='bbox 2101 4005 2172 4077; x_wconf 81' lang='grc' dir='ltr'><strong>τῇ</strong></span> <span class='ocrx_word' id='word_1_404' title='bbox 2209 4003 2470 4072; x_wconf 81' lang='grc' dir='ltr'><em>ποιήσει·</em></span> <span class='ocrx_word' id='word_1_405' title='bbox 2515 4001 2586 4056; x_wconf 84' lang='grc' dir='ltr'><strong>τὰ</strong></span> 
     </span>
     <span class='ocr_line' id='line_1_84' title="bbox 1533 4074 2586 4148; baseline 0.003 -21"><span class='ocrx_word' id='word_1_406' title='bbox 1533 4076 1595 4128; x_wconf 79' lang='grc' dir='ltr'><strong>δὲ</strong></span> <span class='ocrx_word' id='word_1_407' title='bbox 1642 4081 1741 4129; x_wconf 78' lang='grc' dir='ltr'><strong>καὶ</strong></span> <span class='ocrx_word' id='word_1_408' title='bbox 1773 4074 1922 4143; x_wconf 78' lang='grc' dir='ltr'><em>αὐτὴ</em></span> <span class='ocrx_word' id='word_1_409' title='bbox 1957 4075 2284 4148; x_wconf 78' lang='grc' dir='ltr'><em>εἰργάσατο.</em></span> <span class='ocrx_word' id='word_1_410' title='bbox 2345 4080 2493 4131; x_wconf 84' lang='lat' dir='ltr'><strong>ovid.</strong></span> <span class='ocrx_word' id='word_1_411' title='bbox 2530 4081 2586 4130; x_wconf 86' lang='lat' dir='ltr'><strong>in</strong></span> 
     </span>
     <span class='ocr_line' id='line_1_85' title="bbox 1535 4154 2587 4219; baseline 0.002 -16"><span class='ocrx_word' id='word_1_412' title='bbox 1535 4154 1779 4217; x_wconf 88' lang='lat' dir='ltr'><strong>Sapphus</strong></span> <span class='ocrx_word' id='word_1_413' title='bbox 1812 4155 1973 4218; x_wconf 86' lang='lat' dir='ltr'><strong>Epist.</strong></span> <span class='ocrx_word' id='word_1_414' title='bbox 2014 4156 2137 4205; x_wconf 89' lang='lat' dir='ltr'><strong>Her.</strong></span> <span class='ocrx_word' id='word_1_415' title='bbox 2165 4158 2255 4218; x_wconf 75' lang='lat'><strong>⁴5,</strong></span> <span class='ocrx_word' id='word_1_416' title='bbox 2292 4156 2385 4206; x_wconf 80' lang='lat'><strong>27:</strong></span> <span class='ocrx_word' id='word_1_417' title='bbox 2432 4157 2587 4219; x_wconf 65' lang='lat' dir='ltr'><strong>Pega-</strong></span> 
     </span>
     <span class='ocr_line' id='line_1_86' title="bbox 1534 4228 2586 4289; baseline 0.002 -12"><span class='ocrx_word' id='word_1_418' title='bbox 1534 4229 1662 4279; x_wconf 68' lang='lat' dir='ltr'><strong>sides</strong></span> <span class='ocrx_word' id='word_1_419' title='bbox 1689 4228 2009 4278; x_wconf 70' lang='lat' dir='ltr'><strong>blandissima</strong></span> <span class='ocrx_word' id='word_1_420' title='bbox 2030 4231 2263 4279; x_wconf 63' lang='lat' dir='ltr'><strong>camnine</strong></span> <span class='ocrx_word' id='word_1_421' title='bbox 2284 4231 2495 4289; x_wconf 72' lang='lat' dir='ltr'><strong>dictant,</strong></span> <span class='ocrx_word' id='word_1_422' title='bbox 2520 4256 2544 4265; x_wconf 92' lang='lat'>-</span> <span class='ocrx_word' id='word_1_423' title='bbox 2561 4255 2586 4265; x_wconf 95' lang='lat'>-</span> 
     </span>
    </p>
   </div>
  </div>
 </body>
</html>
