<?xml version="1.0" encoding="UTF-8"?>
<!DOCTYPE html PUBLIC "-//W3C//DTD XHTML 1.0 Transitional//EN"
    "http://www.w3.org/TR/xhtml1/DTD/xhtml1-transitional.dtd">
<html xmlns="http://www.w3.org/1999/xhtml" xml:lang="en" lang="en">
 <head>
  <title>
</title>
<meta http-equiv="Content-Type" content="text/html;charset=utf-8" />
  <meta name='ocr-system' content='tesseract 3.04.00' />
  <meta name='ocr-capabilities' content='ocr_page ocr_carea ocr_par ocr_line ocrx_word'/>
</head>
<body>
  <div class='ocr_page' id='page_1' title='image "./qhoratiusflaccu05baitgoog_0286.png"; bbox 0 0 3234 4975; ppageno 0'>
   <div class='ocr_carea' id='block_1_1' title="bbox 656 414 780 480">
    <p class='ocr_par' dir='ltr' id='par_1_1' title="bbox 656 414 780 480">
     <span class='ocr_line' id='line_1_1' title="bbox 656 414 780 480; baseline -0.016 -1"><span class='ocrx_word' id='word_1_1' title='bbox 656 414 780 480; x_wconf 74' lang='lat'>258</span> 
     </span>
    </p>
   </div>
   <div class='ocr_carea' id='block_1_2' title="bbox 1428 411 2057 462">
    <p class='ocr_par' dir='ltr' id='par_1_2' title="bbox 1428 411 2057 462">
     <span class='ocr_line' id='line_1_2' title="bbox 1428 411 2057 462; baseline -0.003 0"><span class='ocrx_word' id='word_1_2' title='bbox 1428 413 1684 462; x_wconf 81' lang='lat' dir='ltr'>HORATll</span> <span class='ocrx_word' id='word_1_3' title='bbox 1721 411 2057 462; x_wconf 77' lang='lat' dir='ltr'>CARMINUM</span> 
     </span>
    </p>
   </div>
   <div class='ocr_carea' id='block_1_3' title="bbox 1166 566 2261 656">
    <p class='ocr_par' dir='ltr' id='par_1_3' title="bbox 1166 566 2261 656">
     <span class='ocr_line' id='line_1_3' title="bbox 1166 566 2261 656; baseline -0.007 -20"><span class='ocrx_word' id='word_1_4' title='bbox 1166 571 1412 656; x_wconf 82' lang='lat' dir='ltr'><strong>Usque,</strong></span> <span class='ocrx_word' id='word_1_5' title='bbox 1465 589 1585 633; x_wconf 92' lang='lat' dir='ltr'>nec</span> <span class='ocrx_word' id='word_1_6' title='bbox 1630 567 1946 633; x_wconf 81' lang='lat' dir='ltr'><strong>Armeniis</strong></span> <span class='ocrx_word' id='word_1_7' title='bbox 1994 566 2056 629; x_wconf 88' lang='lat' dir='ltr'>in</span> <span class='ocrx_word' id='word_1_8' title='bbox 2099 566 2261 639; x_wconf 79' lang='lat' dir='ltr'>oriS‚</span> 
     </span>
    </p>
   </div>
   <div class='ocr_carea' id='block_1_4' title="bbox 987 724 2828 1154">
    <p class='ocr_par' dir='ltr' id='par_1_4' title="bbox 987 724 2828 1154">
     <span class='ocr_line' id='line_1_4' title="bbox 993 724 2828 813; baseline -0.005 -21"><span class='ocrx_word' id='word_1_9' title='bbox 993 728 1211 792; x_wconf 84' lang='lat' dir='ltr'>Amice</span> <span class='ocrx_word' id='word_1_10' title='bbox 1269 725 1473 813; x_wconf 83' lang='lat' dir='ltr'>Valgi,</span> <span class='ocrx_word' id='word_1_11' title='bbox 1522 734 1647 790; x_wconf 85' lang='lat' dir='ltr'>stat</span> <span class='ocrx_word' id='word_1_12' title='bbox 1690 724 1929 812; x_wconf 79' lang='lat' dir='ltr'>glacies</span> <span class='ocrx_word' id='word_1_13' title='bbox 1977 725 2149 789; x_wconf 92' lang='lat' dir='ltr'>iners</span> <span class='ocrx_word' id='word_1_14' title='bbox 2791 724 2828 783; x_wconf 78' lang='lat'>5</span> 
     </span>
     <span class='ocr_line' id='line_1_5' title="bbox 987 842 2294 933; baseline -0.005 -21"><span class='ocrx_word' id='word_1_15' title='bbox 987 850 1239 913; x_wconf 83' lang='lat' dir='ltr'><strong>Menses</strong></span> <span class='ocrx_word' id='word_1_16' title='bbox 1285 869 1403 933; x_wconf 88' lang='lat' dir='ltr'>per</span> <span class='ocrx_word' id='word_1_17' title='bbox 1447 866 1674 912; x_wconf 91' lang='lat' dir='ltr'>omnes</span> <span class='ocrx_word' id='word_1_18' title='bbox 1719 856 1829 909; x_wconf 90' lang='lat' dir='ltr'>aut</span> <span class='ocrx_word' id='word_1_19' title='bbox 1872 842 2294 931; x_wconf 83' lang='lat' dir='ltr'>Aquilonibus</span> 
     </span>
     <span class='ocr_line' id='line_1_6' title="bbox 1084 964 2070 1053; baseline -0.003 -20"><span class='ocrx_word' id='word_1_20' title='bbox 1084 970 1407 1048; x_wconf 88' lang='lat' dir='ltr'>Querceta</span> <span class='ocrx_word' id='word_1_21' title='bbox 1455 966 1731 1053; x_wconf 82' lang='lat' dir='ltr'>Gargani</span> <span class='ocrx_word' id='word_1_22' title='bbox 1778 964 2070 1031; x_wconf 88' lang='lat' dir='ltr'>laborant</span> 
     </span>
     <span class='ocr_line' id='line_1_7' title="bbox 1164 1086 2057 1154; baseline -0.006 0"><span class='ocrx_word' id='word_1_23' title='bbox 1164 1090 1239 1154; x_wconf 90' lang='lat' dir='ltr'>Et</span> <span class='ocrx_word' id='word_1_24' title='bbox 1283 1086 1448 1154; x_wconf 85' lang='lat' dir='ltr'>soliis</span> <span class='ocrx_word' id='word_1_25' title='bbox 1492 1086 1838 1153; x_wconf 85' lang='lat' dir='ltr'>viduantur</span> <span class='ocrx_word' id='word_1_26' title='bbox 1882 1086 2057 1152; x_wconf 87' lang='lat' dir='ltr'>orni:</span> 
     </span>
    </p>
   </div>
   <div class='ocr_carea' id='block_1_5' title="bbox 994 1243 2253 1333">
    <p class='ocr_par' dir='ltr' id='par_1_5' title="bbox 994 1243 2253 1333">
     <span class='ocr_line' id='line_1_8' title="bbox 994 1243 2253 1333; baseline -0.004 -19"><span class='ocrx_word' id='word_1_27' title='bbox 994 1251 1083 1314; x_wconf 90' lang='lat' dir='ltr'>Tu</span> <span class='ocrx_word' id='word_1_28' title='bbox 1129 1268 1391 1333; x_wconf 82' lang='lat' dir='ltr'><strong>semper</strong></span> <span class='ocrx_word' id='word_1_29' title='bbox 1432 1267 1629 1332; x_wconf 83' lang='lat' dir='ltr'><strong>urges</strong></span> <span class='ocrx_word' id='word_1_30' title='bbox 1675 1243 1998 1311; x_wconf 87' lang='lat' dir='ltr'>flebilibus</span> <span class='ocrx_word' id='word_1_31' title='bbox 2045 1244 2253 1310; x_wconf 90' lang='lat' dir='ltr'>modis</span> 
     </span>
    </p>
   </div>
   <div class='ocr_carea' id='block_1_6' title="bbox 992 1364 2348 1458">
    <p class='ocr_par' dir='ltr' id='par_1_6' title="bbox 992 1364 2348 1458">
     <span class='ocr_line' id='line_1_9' title="bbox 992 1364 2348 1458; baseline -0.001 -25"><span class='ocrx_word' id='word_1_32' title='bbox 992 1370 1241 1458; x_wconf 75' lang='lat' dir='ltr'>Mysten</span> <span class='ocrx_word' id='word_1_33' title='bbox 1286 1366 1689 1453; x_wconf 89' lang='lat' dir='ltr'>ademptum,</span> <span class='ocrx_word' id='word_1_34' title='bbox 1739 1385 1860 1431; x_wconf 92' lang='lat' dir='ltr'>nec</span> <span class='ocrx_word' id='word_1_35' title='bbox 1906 1364 2015 1430; x_wconf 89' lang='lat' dir='ltr'>tibi</span> <span class='ocrx_word' id='word_1_36' title='bbox 2063 1367 2348 1453; x_wconf 86' lang='lat' dir='ltr'>Vespero</span> 
     </span>
    </p>
   </div>
   <div class='ocr_carea' id='block_1_7' title="bbox 2740 1366 2820 1431">
    <p class='ocr_par' dir='ltr' id='par_1_7' title="bbox 2740 1366 2820 1431">
     <span class='ocr_line' id='line_1_10' title="bbox 2740 1366 2820 1431; baseline -0.025 0"><span class='ocrx_word' id='word_1_37' title='bbox 2740 1366 2820 1431; x_wconf 70' lang='lat'>40</span> 
     </span>
    </p>
   </div>
   <div class='ocr_carea' id='block_1_8' title="bbox 718 1598 2753 1739">
    <p class='ocr_par' dir='ltr' id='par_1_8' title="bbox 718 1598 2753 1739">
     <span class='ocr_line' id='line_1_11' title="bbox 783 1598 2753 1661; baseline -0.003 -7"><span class='ocrx_word' id='word_1_38' title='bbox 783 1604 831 1655; x_wconf 90' lang='grc'>4.</span> <span class='ocrx_word' id='word_1_39' title='bbox 868 1616 957 1652; x_wconf 81' lang='lat' dir='ltr'>nec</span> <span class='ocrx_word' id='word_1_40' title='bbox 980 1601 1219 1661; x_wconf 86' lang='lat' dir='ltr'>BbSTcd‚</span> <span class='ocrx_word' id='word_1_41' title='bbox 1248 1601 1390 1651; x_wconf 86' lang='lat' dir='ltr'>LCtF</span> <span class='ocrx_word' id='word_1_42' title='bbox 1414 1602 1468 1649; x_wconf 88' lang='lat' dir='ltr'>et</span> <span class='ocrx_word' id='word_1_43' title='bbox 1489 1598 1680 1649; x_wconf 90' lang='lat' dir='ltr'>Bentl.:</span> <span class='ocrx_word' id='word_1_44' title='bbox 1706 1613 1865 1660; x_wconf 71' lang='lat' dir='ltr'>noque</span> <span class='ocrx_word' id='word_1_45' title='bbox 1887 1600 1952 1649; x_wconf 84' lang='lat' dir='ltr'><strong>M.</strong></span> <span class='ocrx_word' id='word_1_46' title='bbox 1987 1626 2040 1635; x_wconf 95' lang='lat'>—</span> <span class='ocrx_word' id='word_1_47' title='bbox 2067 1601 2115 1648; x_wconf 88' lang='lat'><strong>7.</strong></span> <span class='ocrx_word' id='word_1_48' title='bbox 2144 1604 2418 1661; x_wconf 70' lang='lat' dir='ltr'>quer-quota</span> <span class='ocrx_word' id='word_1_49' title='bbox 2446 1600 2512 1661; x_wconf 88' lang='lat' dir='ltr'>B,</span> <span class='ocrx_word' id='word_1_50' title='bbox 2550 1599 2753 1659; x_wconf 71' lang='lat' dir='ltr'>mand..</span> 
     </span>
     <span class='ocr_line' id='line_1_12' title="bbox 718 1671 2159 1739; baseline -0.003 -12"><span class='ocrx_word' id='word_1_51' title='bbox 718 1680 775 1727; x_wconf 90' lang='lat' dir='ltr'>C.</span> <span class='ocrx_word' id='word_1_52' title='bbox 820 1705 873 1713; x_wconf 92' lang='lat'>—-</span> <span class='ocrx_word' id='word_1_53' title='bbox 912 1678 959 1726; x_wconf 87' lang='lat'>8.</span> <span class='ocrx_word' id='word_1_54' title='bbox 998 1677 1076 1739; x_wconf 74' lang='lat' dir='ltr'>Et]</span> <span class='ocrx_word' id='word_1_55' title='bbox 1111 1676 1208 1724; x_wconf 80' lang='lat' dir='ltr'>Aut</span> <span class='ocrx_word' id='word_1_56' title='bbox 1241 1671 1274 1722; x_wconf 80' lang='grc' dir='ltr'><strong><em>ὅ</em></strong></span> <span class='ocrx_word' id='word_1_57' title='bbox 1308 1687 1393 1738; x_wconf 89' lang='lat' dir='ltr'>ap.</span> <span class='ocrx_word' id='word_1_58' title='bbox 1432 1674 1646 1723; x_wconf 84' lang='lat' dir='ltr'>Kirchn.</span> <span class='ocrx_word' id='word_1_59' title='bbox 1685 1676 1746 1724; x_wconf 87' lang='lat' dir='ltr'>N.</span> <span class='ocrx_word' id='word_1_60' title='bbox 1787 1675 1846 1733; x_wconf 88' lang='lat' dir='ltr'>Q.</span> <span class='ocrx_word' id='word_1_61' title='bbox 1888 1675 1947 1723; x_wconf 88' lang='lat' dir='ltr'>H.</span> <span class='ocrx_word' id='word_1_62' title='bbox 1986 1687 2039 1738; x_wconf 89' lang='lat' dir='ltr'>p.</span> <span class='ocrx_word' id='word_1_63' title='bbox 2078 1675 2159 1723; x_wconf 79' lang='lat'><strong>56.</strong></span> 
     </span>
    </p>
   </div>
   <div class='ocr_carea' id='block_1_9' title="bbox 652 1854 2817 1950">
    <p class='ocr_par' dir='ltr' id='par_1_9' title="bbox 652 1854 2817 1950">
     <span class='ocr_line' id='line_1_13' title="bbox 652 1854 2817 1950; baseline -0.001 -11"><span class='ocrx_word' id='word_1_64' title='bbox 652 1854 857 1939; x_wconf 72' lang='lat' dir='ltr'>minore</span> <span class='ocrx_word' id='word_1_65' title='bbox 892 1900 1016 1937; x_wconf 84' lang='lat' dir='ltr'>curn</span> <span class='ocrx_word' id='word_1_66' title='bbox 1058 1888 1261 1949; x_wconf 88' lang='lat' dir='ltr'>impetu</span> <span class='ocrx_word' id='word_1_67' title='bbox 1303 1885 1519 1944; x_wconf 85' lang='lat' dir='ltr'>ssantes;</span> <span class='ocrx_word' id='word_1_68' title='bbox 1556 1898 1690 1935; x_wconf 90' lang='lat' dir='ltr'>non:</span> <span class='ocrx_word' id='word_1_69' title='bbox 1771 1888 1918 1936; x_wconf 90' lang='lat' dir='ltr'>nium</span> <span class='ocrx_word' id='word_1_70' title='bbox 1938 1886 2040 1935; x_wconf 75' lang='lat' dir='ltr'>Atti</span> <span class='ocrx_word' id='word_1_71' title='bbox 2061 1889 2117 1936; x_wconf 84' lang='lat' dir='ltr'><strong>F.</strong></span> <span class='ocrx_word' id='word_1_72' title='bbox 2143 1888 2201 1936; x_wconf 78' lang='lat' dir='ltr'><strong>A.</strong></span> <span class='ocrx_word' id='word_1_73' title='bbox 2232 1901 2282 1950; x_wconf 88' lang='lat' dir='ltr'>p.</span> <span class='ocrx_word' id='word_1_74' title='bbox 2310 1886 2432 1937; x_wconf 82' lang='lat'>583:</span> <span class='ocrx_word' id='word_1_75' title='bbox 2470 1888 2701 1938; x_wconf 66' lang='lat' dir='ltr'>Hssnusss.</span> <span class='ocrx_word' id='word_1_76' title='bbox 2724 1890 2817 1938; x_wconf 82' lang='lat' dir='ltr'>Er.</span> 
     </span>
    </p>
   </div>
   <div class='ocr_carea' id='block_1_10' title="bbox 654 1958 1638 2027">
    <p class='ocr_par' dir='ltr' id='par_1_10' title="bbox 654 1958 1638 2027">
     <span class='ocr_line' id='line_1_14' title="bbox 654 1958 1638 2027; baseline 0 -20"><span class='ocrx_word' id='word_1_77' title='bbox 654 1977 822 2027; x_wconf 79' lang='lat' dir='ltr'>«quae</span> <span class='ocrx_word' id='word_1_78' title='bbox 859 1974 1008 2011; x_wconf 87' lang='lat' dir='ltr'>mare</span> <span class='ocrx_word' id='word_1_79' title='bbox 1045 1958 1319 2023; x_wconf 79' lang='lat' dir='ltr'>inaequale</span> <span class='ocrx_word' id='word_1_80' title='bbox 1355 1959 1638 2009; x_wconf 75' lang='lat' dir='ltr'>reddunt.»</span> 
     </span>
    </p>
   </div>
   <div class='ocr_carea' id='block_1_11' title="bbox 648 2059 1696 2646">
    <p class='ocr_par' dir='ltr' id='par_1_11' title="bbox 648 2059 1696 2646">
     <span class='ocr_line' id='line_1_15' title="bbox 716 2059 1696 2127; baseline -0.004 -13"><span class='ocrx_word' id='word_1_81' title='bbox 716 2064 762 2114; x_wconf 84' lang='lat'><strong>4.</strong></span> <span class='ocrx_word' id='word_1_82' title='bbox 806 2061 1077 2127; x_wconf 74' lang='lat' dir='ltr'>Armeniis]</span> <span class='ocrx_word' id='word_1_83' title='bbox 1124 2063 1199 2111; x_wconf 87' lang='lat' dir='ltr'>De</span> <span class='ocrx_word' id='word_1_84' title='bbox 1242 2061 1398 2110; x_wconf 80' lang='lat' dir='ltr'>Tauri</span> <span class='ocrx_word' id='word_1_85' title='bbox 1440 2061 1574 2123; x_wconf 83' lang='lat' dir='ltr'>iugis</span> <span class='ocrx_word' id='word_1_86' title='bbox 1611 2059 1696 2110; x_wconf 92' lang='lat' dir='ltr'>lo-</span> 
     </span>
     <span class='ocr_line' id='line_1_16' title="bbox 648 2133 1694 2202; baseline -0.005 -14"><span class='ocrx_word' id='word_1_87' title='bbox 648 2140 832 2202; x_wconf 85' lang='lat' dir='ltr'>quitur</span> <span class='ocrx_word' id='word_1_88' title='bbox 874 2139 1136 2200; x_wconf 87' lang='lat' dir='ltr'>perpetua</span> <span class='ocrx_word' id='word_1_89' title='bbox 1170 2136 1290 2185; x_wconf 83' lang='lat' dir='ltr'>nive</span> <span class='ocrx_word' id='word_1_90' title='bbox 1327 2136 1551 2199; x_wconf 89' lang='lat' dir='ltr'>opertis,</span> <span class='ocrx_word' id='word_1_91' title='bbox 1600 2133 1694 2183; x_wconf 88' lang='lat' dir='ltr'>ubi</span> 
     </span>
     <span class='ocr_line' id='line_1_17' title="bbox 650 2209 1694 2275; baseline -0.005 -11"><span class='ocrx_word' id='word_1_92' title='bbox 650 2225 901 2275; x_wconf 79' lang='lat' dir='ltr'>magnum</span> <span class='ocrx_word' id='word_1_93' title='bbox 977 2210 1140 2273; x_wconf 82' lang='lat' dir='ltr'>frigus</span> <span class='ocrx_word' id='word_1_94' title='bbox 1216 2210 1324 2259; x_wconf 89' lang='lat' dir='ltr'>iam</span> <span class='ocrx_word' id='word_1_95' title='bbox 1400 2209 1694 2272; x_wconf 80' lang='lat' dir='ltr'>Xenophon</span> 
     </span>
     <span class='ocr_line' id='line_1_18' title="bbox 653 2282 1695 2349; baseline -0.002 -13"><span class='ocrx_word' id='word_1_96' title='bbox 653 2286 836 2349; x_wconf 79' lang='lat' dir='ltr'>(Anah.</span> <span class='ocrx_word' id='word_1_97' title='bbox 882 2284 938 2343; x_wconf 80' lang='grc'>4,</span> <span class='ocrx_word' id='word_1_98' title='bbox 989 2284 1057 2346; x_wconf 91' lang='grc'>4.)</span> <span class='ocrx_word' id='word_1_99' title='bbox 1107 2287 1161 2333; x_wconf 88' lang='lat' dir='ltr'>et</span> <span class='ocrx_word' id='word_1_100' title='bbox 1207 2283 1399 2333; x_wconf 89' lang='lat' dir='ltr'>deinde</span> <span class='ocrx_word' id='word_1_101' title='bbox 1446 2282 1695 2334; x_wconf 86' lang='lat' dir='ltr'>Lucullus</span> 
     </span>
     <span class='ocr_line' id='line_1_19' title="bbox 651 2358 1694 2423; baseline -0.003 -13"><span class='ocrx_word' id='word_1_102' title='bbox 651 2360 800 2423; x_wconf 87' lang='lat' dir='ltr'>(Plut.</span> <span class='ocrx_word' id='word_1_103' title='bbox 856 2361 979 2410; x_wconf 87' lang='lat' dir='ltr'>Luc.</span> <span class='ocrx_word' id='word_1_104' title='bbox 1023 2359 1133 2421; x_wconf 73' lang='lat'><strong>32.)</strong></span> <span class='ocrx_word' id='word_1_105' title='bbox 1188 2371 1314 2408; x_wconf 88' lang='lat' dir='ltr'>cum</span> <span class='ocrx_word' id='word_1_106' title='bbox 1366 2358 1532 2421; x_wconf 85' lang='lat' dir='ltr'>copiis</span> <span class='ocrx_word' id='word_1_107' title='bbox 1583 2358 1694 2408; x_wconf 88' lang='lat' dir='ltr'>suis</span> 
     </span>
     <span class='ocr_line' id='line_1_20' title="bbox 649 2431 1694 2496; baseline -0.003 -11"><span class='ocrx_word' id='word_1_108' title='bbox 649 2436 949 2486; x_wconf 88' lang='lat' dir='ltr'>senserunt.</span> <span class='ocrx_word' id='word_1_109' title='bbox 1028 2435 1213 2496; x_wconf 78' lang='lat' dir='ltr'>Aeque</span> <span class='ocrx_word' id='word_1_110' title='bbox 1266 2431 1396 2482; x_wconf 77' lang='lat' dir='ltr'>falso</span> <span class='ocrx_word' id='word_1_111' title='bbox 1447 2434 1694 2482; x_wconf 81' lang='lat' dir='ltr'>acumine</span> 
     </span>
     <span class='ocr_line' id='line_1_21' title="bbox 648 2507 1694 2571; baseline -0.003 -12"><span class='ocrx_word' id='word_1_112' title='bbox 648 2521 913 2559; x_wconf 87' lang='lat' dir='ltr'>nonnemo</span> <span class='ocrx_word' id='word_1_113' title='bbox 946 2508 1229 2571; x_wconf 87' lang='lat' dir='ltr'>proposuit</span> <span class='ocrx_word' id='word_1_114' title='bbox 1254 2507 1501 2556; x_wconf 76' lang='lat' dir='ltr'>Aemoniis</span> <span class='ocrx_word' id='word_1_115' title='bbox 1532 2509 1694 2570; x_wconf 87' lang='lat' dir='ltr'>atque</span> 
     </span>
     <span class='ocr_line' id='line_1_22' title="bbox 648 2581 1408 2646; baseline -0.004 -13"><span class='ocrx_word' id='word_1_116' title='bbox 648 2582 781 2633; x_wconf 87' lang='lat' dir='ltr'>alius</span> <span class='ocrx_word' id='word_1_117' title='bbox 812 2582 1013 2632; x_wconf 61' lang='lat' dir='ltr'>mneos</span> <span class='ocrx_word' id='word_1_118' title='bbox 1044 2594 1143 2646; x_wconf 90' lang='lat' dir='ltr'>pro</span> <span class='ocrx_word' id='word_1_119' title='bbox 1176 2581 1408 2642; x_wconf 70' lang='lat' dir='ltr'>hispidos.</span> 
     </span>
    </p>
   </div>
   <div class='ocr_carea' id='block_1_12' title="bbox 646 2681 1701 3252">
    <p class='ocr_par' dir='ltr' id='par_1_12' title="bbox 646 2681 1701 3252">
     <span class='ocr_line' id='line_1_23' title="bbox 712 2681 1692 2748; baseline -0.002 -13"><span class='ocrx_word' id='word_1_120' title='bbox 712 2686 822 2735; x_wconf 82' lang='grc'>5-8.</span> <span class='ocrx_word' id='word_1_121' title='bbox 860 2684 975 2748; x_wconf 76' lang='lat' dir='ltr'>stat]</span> <span class='ocrx_word' id='word_1_122' title='bbox 1003 2684 1195 2746; x_wconf 82' lang='lat' dir='ltr'>«riget,</span> <span class='ocrx_word' id='word_1_123' title='bbox 1236 2683 1478 2744; x_wconf 74' lang='lat' dir='ltr'>horret,»</span> <span class='ocrx_word' id='word_1_124' title='bbox 1514 2685 1574 2731; x_wconf 89' lang='lat' dir='ltr'>ut</span> <span class='ocrx_word' id='word_1_125' title='bbox 1596 2681 1692 2733; x_wconf 88' lang='lat' dir='ltr'>Od.</span> 
     </span>
     <span class='ocr_line' id='line_1_24' title="bbox 650 2756 1691 2822; baseline -0.004 -14"><span class='ocrx_word' id='word_1_126' title='bbox 650 2763 704 2820; x_wconf 72' lang='lat'>⁴,</span> <span class='ocrx_word' id='word_1_127' title='bbox 742 2761 798 2820; x_wconf 82' lang='lat'>9,</span> <span class='ocrx_word' id='word_1_128' title='bbox 839 2761 885 2808; x_wconf 72' lang='lat'><strong>4.</strong></span> <span class='ocrx_word' id='word_1_129' title='bbox 929 2786 983 2794; x_wconf 91' lang='lat'>-</span> <span class='ocrx_word' id='word_1_130' title='bbox 1021 2758 1171 2822; x_wconf 79' lang='lat' dir='ltr'>iners]</span> <span class='ocrx_word' id='word_1_131' title='bbox 1206 2758 1346 2821; x_wconf 81' lang='lat' dir='ltr'>Virg.</span> <span class='ocrx_word' id='word_1_132' title='bbox 1386 2761 1476 2807; x_wconf 89' lang='lat' dir='ltr'>Ge.</span> <span class='ocrx_word' id='word_1_133' title='bbox 1506 2758 1560 2817; x_wconf 71' lang='lat'>⁴,</span> <span class='ocrx_word' id='word_1_134' title='bbox 1599 2756 1691 2807; x_wconf 71' lang='lat'>94:</span> 
     </span>
     <span class='ocr_line' id='line_1_25' title="bbox 646 2832 1698 2897; baseline -0.002 -14"><span class='ocrx_word' id='word_1_135' title='bbox 646 2837 826 2883; x_wconf 73' lang='lat' dir='ltr'>rastris</span> <span class='ocrx_word' id='word_1_136' title='bbox 844 2833 1013 2897; x_wconf 61' lang='lat' dir='ltr'>alebas</span> <span class='ocrx_word' id='word_1_137' title='bbox 1036 2834 1122 2894; x_wconf 81' lang='lat' dir='ltr'>qui</span> <span class='ocrx_word' id='word_1_138' title='bbox 1152 2833 1347 2896; x_wconf 75' lang='lat' dir='ltr'>sranyit</span> <span class='ocrx_word' id='word_1_139' title='bbox 1378 2835 1559 2882; x_wconf 77' lang='lat' dir='ltr'>inertes</span> <span class='ocrx_word' id='word_1_140' title='bbox 1596 2832 1698 2895; x_wconf 78' lang='lat' dir='ltr'>(die</span> 
     </span>
     <span class='ocr_line' id='line_1_26' title="bbox 647 2907 1698 2970; baseline -0.002 -12"><span class='ocrx_word' id='word_1_141' title='bbox 647 2909 932 2970; x_wconf 67' lang='lat' dir='ltr'>saumiqen,</span> <span class='ocrx_word' id='word_1_142' title='bbox 985 2912 1120 2956; x_wconf 78' lang='lat' dir='ltr'>sonst</span> <span class='ocrx_word' id='word_1_143' title='bbox 1168 2907 1325 2955; x_wconf 66' lang='lat' dir='ltr'>nicht-5</span> <span class='ocrx_word' id='word_1_144' title='bbox 1372 2907 1698 2956; x_wconf 68' lang='lat' dir='ltr'>her-vorbrin-</span> 
     </span>
     <span class='ocr_line' id='line_1_27' title="bbox 648 2979 1696 3046; baseline -0.002 -14"><span class='ocrx_word' id='word_1_145' title='bbox 648 2983 835 3046; x_wconf 66' lang='lat' dir='ltr'>periclen</span> <span class='ocrx_word' id='word_1_146' title='bbox 858 2979 1121 3042; x_wconf 75' lang='lat' dir='ltr'>Schellen).</span> <span class='ocrx_word' id='word_1_147' title='bbox 1146 3007 1202 3015; x_wconf 95' lang='lat'>—</span> <span class='ocrx_word' id='word_1_148' title='bbox 1224 2982 1513 3042; x_wconf 64' lang='lat' dir='ltr'>Garanum,</span> <span class='ocrx_word' id='word_1_149' title='bbox 1540 2993 1696 3030; x_wconf 89' lang='lat' dir='ltr'>mons</span> 
     </span>
     <span class='ocr_line' id='line_1_28' title="bbox 651 3053 1693 3118; baseline -0.001 -13"><span class='ocrx_word' id='word_1_150' title='bbox 651 3053 871 3118; x_wconf 76' lang='lat' dir='ltr'>Apuliae</span> <span class='ocrx_word' id='word_1_151' title='bbox 906 3055 1144 3103; x_wconf 82' lang='lat' dir='ltr'>Dauniae</span> <span class='ocrx_word' id='word_1_152' title='bbox 1178 3066 1348 3116; x_wconf 86' lang='lat' dir='ltr'>prope</span> <span class='ocrx_word' id='word_1_153' title='bbox 1397 3055 1693 3117; x_wconf 87' lang='lat' dir='ltr'>Sipontum.</span> 
     </span>
     <span class='ocr_line' id='line_1_29' title="bbox 653 3128 1701 3193; baseline 0 -16"><span class='ocrx_word' id='word_1_154' title='bbox 653 3156 708 3166; x_wconf 87' lang='lat'>-</span> <span class='ocrx_word' id='word_1_155' title='bbox 743 3128 1034 3192; x_wconf 76' lang='lat' dir='ltr'>viduantur]</span> <span class='ocrx_word' id='word_1_156' title='bbox 1071 3128 1125 3177; x_wconf 90' lang='lat' dir='ltr'>in</span> <span class='ocrx_word' id='word_1_157' title='bbox 1157 3140 1320 3190; x_wconf 88' lang='lat' dir='ltr'>prosa</span> <span class='ocrx_word' id='word_1_158' title='bbox 1355 3129 1487 3177; x_wconf 89' lang='lat' dir='ltr'>orat.</span> <span class='ocrx_word' id='word_1_159' title='bbox 1537 3141 1701 3193; x_wconf 72' lang='lat' dir='ltr'>«spo-</span> 
     </span>
     <span class='ocr_line' id='line_1_30' title="bbox 650 3203 894 3252; baseline -0.02 0"><span class='ocrx_word' id='word_1_160' title='bbox 650 3203 894 3252; x_wconf 74' lang='lat' dir='ltr'>liantur.»</span> 
     </span>
    </p>
   </div>
   <div class='ocr_carea' id='block_1_13' title="bbox 650 3295 1703 3957">
    <p class='ocr_par' dir='ltr' id='par_1_13' title="bbox 650 3295 1703 3957">
     <span class='ocr_line' id='line_1_31' title="bbox 716 3295 1700 3361; baseline 0 -15"><span class='ocrx_word' id='word_1_161' title='bbox 716 3297 763 3346; x_wconf 88' lang='grc'>9.</span> <span class='ocrx_word' id='word_1_162' title='bbox 821 3296 900 3345; x_wconf 75' lang='grc'>40.</span> <span class='ocrx_word' id='word_1_163' title='bbox 954 3295 1119 3360; x_wconf 71' lang='lat' dir='ltr'>urqos]</span> <span class='ocrx_word' id='word_1_164' title='bbox 1172 3297 1288 3346; x_wconf 75' lang='lat' dir='ltr'>«Tu</span> <span class='ocrx_word' id='word_1_165' title='bbox 1338 3298 1523 3346; x_wconf 89' lang='lat' dir='ltr'>contra</span> <span class='ocrx_word' id='word_1_166' title='bbox 1571 3310 1700 3361; x_wconf 88' lang='lat' dir='ltr'>per-</span> 
     </span>
     <span class='ocr_line' id='line_1_32' title="bbox 650 3370 1698 3436; baseline -0.003 -14"><span class='ocrx_word' id='word_1_167' title='bbox 650 3375 813 3436; x_wconf 88' lang='lat' dir='ltr'>petuo</span> <span class='ocrx_word' id='word_1_168' title='bbox 876 3370 1177 3434; x_wconf 86' lang='lat' dir='ltr'>insequeris</span> <span class='ocrx_word' id='word_1_169' title='bbox 1238 3371 1457 3420; x_wconf 76' lang='lat' dir='ltr'>maestiS</span> <span class='ocrx_word' id='word_1_170' title='bbox 1518 3370 1698 3434; x_wconf 83' lang='lat' dir='ltr'>elegiis</span> 
     </span>
     <span class='ocr_line' id='line_1_33' title="bbox 652 3443 1698 3508; baseline -0.004 -11"><span class='ocrx_word' id='word_1_171' title='bbox 652 3447 882 3508; x_wconf 77' lang='lat' dir='ltr'>Mysten,</span> <span class='ocrx_word' id='word_1_172' title='bbox 919 3458 1026 3495; x_wconf 90' lang='lat' dir='ltr'>non</span> <span class='ocrx_word' id='word_1_173' title='bbox 1062 3443 1254 3504; x_wconf 87' lang='lat' dir='ltr'>filium,</span> <span class='ocrx_word' id='word_1_174' title='bbox 1297 3446 1357 3494; x_wconf 86' lang='lat' dir='ltr'>ut</span> <span class='ocrx_word' id='word_1_175' title='bbox 1389 3443 1513 3495; x_wconf 89' lang='lat' dir='ltr'>olim</span> <span class='ocrx_word' id='word_1_176' title='bbox 1548 3443 1698 3495; x_wconf 85' lang='lat' dir='ltr'>multi</span> 
     </span>
     <span class='ocr_line' id='line_1_34' title="bbox 651 3519 1700 3584; baseline -0.002 -14"><span class='ocrx_word' id='word_1_177' title='bbox 651 3519 1034 3584; x_wconf 77' lang='lat' dir='ltr'>opinabantur,</span> <span class='ocrx_word' id='word_1_178' title='bbox 1101 3519 1199 3570; x_wconf 89' lang='lat' dir='ltr'>sed</span> <span class='ocrx_word' id='word_1_179' title='bbox 1261 3533 1491 3583; x_wconf 88' lang='lat' dir='ltr'>puerum</span> <span class='ocrx_word' id='word_1_180' title='bbox 1546 3534 1700 3570; x_wconf 88' lang='lat' dir='ltr'>ama-</span> 
     </span>
     <span class='ocr_line' id='line_1_35' title="bbox 652 3594 1700 3659; baseline -0.003 -14"><span class='ocrx_word' id='word_1_181' title='bbox 652 3597 793 3655; x_wconf 90' lang='lat' dir='ltr'>tum,</span> <span class='ocrx_word' id='word_1_182' title='bbox 840 3594 934 3645; x_wconf 89' lang='lat' dir='ltr'>tibi</span> <span class='ocrx_word' id='word_1_183' title='bbox 977 3595 1324 3659; x_wconf 86' lang='lat' dir='ltr'>praecipitata</span> <span class='ocrx_word' id='word_1_184' title='bbox 1365 3596 1539 3644; x_wconf 86' lang='lat' dir='ltr'>morte</span> <span class='ocrx_word' id='word_1_185' title='bbox 1574 3607 1700 3643; x_wconf 86' lang='lat' dir='ltr'>ere-</span> 
     </span>
     <span class='ocr_line' id='line_1_36' title="bbox 652 3668 1702 3734; baseline -0.001 -15"><span class='ocrx_word' id='word_1_186' title='bbox 652 3673 858 3734; x_wconf 72' lang='lat' dir='ltr'>ptum.»</span> <span class='ocrx_word' id='word_1_187' title='bbox 979 3671 1155 3734; x_wconf 69' lang='lat' dir='ltr'>Uryez,</span> <span class='ocrx_word' id='word_1_188' title='bbox 1210 3672 1270 3719; x_wconf 89' lang='lat' dir='ltr'>ut</span> <span class='ocrx_word' id='word_1_189' title='bbox 1312 3669 1507 3720; x_wconf 88' lang='lat' dir='ltr'>crebro</span> <span class='ocrx_word' id='word_1_190' title='bbox 1558 3668 1702 3733; x_wconf 89' lang='lat' dir='ltr'>apud</span> 
     </span>
     <span class='ocr_line' id='line_1_37' title="bbox 656 3743 1703 3807; baseline -0.002 -14"><span class='ocrx_word' id='word_1_191' title='bbox 656 3745 930 3793; x_wconf 80' lang='lat' dir='ltr'>Horatium</span> <span class='ocrx_word' id='word_1_192' title='bbox 966 3744 1034 3807; x_wconf 80' lang='lat' dir='ltr'>(v,</span> <span class='ocrx_word' id='word_1_193' title='bbox 1074 3743 1298 3806; x_wconf 86' lang='lat' dir='ltr'>Liibker)</span> <span class='ocrx_word' id='word_1_194' title='bbox 1325 3747 1380 3793; x_wconf 87' lang='lat' dir='ltr'>et</span> <span class='ocrx_word' id='word_1_195' title='bbox 1402 3743 1544 3807; x_wconf 90' lang='lat' dir='ltr'>apud</span> <span class='ocrx_word' id='word_1_196' title='bbox 1569 3745 1703 3792; x_wconf 88' lang='lat' dir='ltr'>Pro-</span> 
     </span>
     <span class='ocr_line' id='line_1_38' title="bbox 655 3817 1703 3882; baseline 0.001 -16"><span class='ocrx_word' id='word_1_197' title='bbox 655 3821 792 3882; x_wconf 85' lang='lat' dir='ltr'>pert.</span> <span class='ocrx_word' id='word_1_198' title='bbox 821 3817 876 3877; x_wconf 85' lang='grc'>4,</span> <span class='ocrx_word' id='word_1_199' title='bbox 905 3818 958 3867; x_wconf 77' lang='grc' dir='ltr'>Η</span> <span class='ocrx_word' id='word_1_200' title='bbox 981 3857 993 3879; x_wconf 88' lang='grc'>,</span> <span class='ocrx_word' id='word_1_201' title='bbox 1022 3819 1041 3867; x_wconf 78' lang='grc'><strong>4</strong></span> <span class='ocrx_word' id='word_1_202' title='bbox 1065 3832 1075 3866; x_wconf 92' lang='lat'><strong>:</strong></span> <span class='ocrx_word' id='word_1_203' title='bbox 1102 3818 1301 3880; x_wconf 76' lang='lat' dir='ltr'>Desine,</span> <span class='ocrx_word' id='word_1_204' title='bbox 1324 3819 1512 3878; x_wconf 75' lang='lat' dir='ltr'>Paullo,</span> <span class='ocrx_word' id='word_1_205' title='bbox 1536 3831 1703 3867; x_wconf 77' lang='lat' dir='ltr'>meum</span> 
     </span>
     <span class='ocr_line' id='line_1_39' title="bbox 654 3892 1700 3957; baseline 0.001 -17"><span class='ocrx_word' id='word_1_206' title='bbox 654 3892 878 3941; x_wconf 76' lang='lat' dir='ltr'>lacrimis</span> <span class='ocrx_word' id='word_1_207' title='bbox 896 3905 1078 3955; x_wconf 73' lang='lat' dir='ltr'>uryere</span> <span class='ocrx_word' id='word_1_208' title='bbox 1091 3893 1391 3954; x_wconf 77' lang='lat' dir='ltr'>sepulcrum.</span> <span class='ocrx_word' id='word_1_209' title='bbox 1414 3918 1470 3929; x_wconf 94' lang='lat'>-</span> <span class='ocrx_word' id='word_1_210' title='bbox 1490 3893 1700 3957; x_wconf 76' lang='lat' dir='ltr'>Mysten]</span> 
     </span>
    </p>
   </div>
   <div class='ocr_carea' id='block_1_14' title="bbox 1766 1962 2824 3956">
    <p class='ocr_par' dir='ltr' id='par_1_14' title="bbox 1766 1962 2824 2916">
     <span class='ocr_line' id='line_1_40' title="bbox 1769 1962 2820 2025; baseline 0.001 -14"><span class='ocrx_word' id='word_1_211' title='bbox 1769 1962 1988 2012; x_wconf 74' lang='lat' dir='ltr'>Mrsms.</span> <span class='ocrx_word' id='word_1_212' title='bbox 2027 1963 2290 2013; x_wconf 70' lang='lat' dir='ltr'>Aectsrm.</span> <span class='ocrx_word' id='word_1_213' title='bbox 2327 1964 2449 2012; x_wconf 76' lang='lat' dir='ltr'>Am.</span> <span class='ocrx_word' id='word_1_214' title='bbox 2490 1965 2599 2012; x_wconf 75' lang='lat' dir='ltr'>Lm.</span> <span class='ocrx_word' id='word_1_215' title='bbox 2626 1962 2820 2025; x_wconf 61' lang='lat' dir='ltr'>Saum.)</span> 
     </span>
     <span class='ocr_line' id='line_1_41' title="bbox 1774 2035 2814 2101; baseline 0.004 -18"><span class='ocrx_word' id='word_1_216' title='bbox 1774 2062 1828 2071; x_wconf 88' lang='lat'>-</span> <span class='ocrx_word' id='word_1_217' title='bbox 1864 2049 1953 2084; x_wconf 81' lang='lat' dir='ltr'>nec</span> <span class='ocrx_word' id='word_1_218' title='bbox 1977 2035 2063 2085; x_wconf 80' lang='lat' dir='ltr'>tibi</span> <span class='ocrx_word' id='word_1_219' title='bbox 2091 2037 2313 2101; x_wconf 79' lang='lat' dir='ltr'>Vespero]</span> <span class='ocrx_word' id='word_1_220' title='bbox 2341 2039 2555 2087; x_wconf 83' lang='lat' dir='ltr'>Servius</span> <span class='ocrx_word' id='word_1_221' title='bbox 2581 2038 2649 2086; x_wconf 86' lang='lat' dir='ltr'>ad</span> <span class='ocrx_word' id='word_1_222' title='bbox 2673 2039 2814 2100; x_wconf 81' lang='lat' dir='ltr'>virg.</span> 
     </span>
     <span class='ocr_line' id='line_1_42' title="bbox 1769 2098 2817 2171; baseline 0.003 -13"><span class='ocrx_word' id='word_1_223' title='bbox 1769 2112 1860 2159; x_wconf 87' lang='lat' dir='ltr'>Ge.</span> <span class='ocrx_word' id='word_1_224' title='bbox 1927 2111 1982 2170; x_wconf 71' lang='lat'>⁴,</span> <span class='ocrx_word' id='word_1_225' title='bbox 2041 2098 2161 2160; x_wconf 67' lang='lat'>288:</span> <span class='ocrx_word' id='word_1_226' title='bbox 2234 2112 2395 2160; x_wconf 82' lang='lat' dir='ltr'>Cinna</span> <span class='ocrx_word' id='word_1_227' title='bbox 2449 2113 2503 2160; x_wconf 82' lang='lat' dir='ltr'>in</span> <span class='ocrx_word' id='word_1_228' title='bbox 2564 2114 2817 2171; x_wconf 74' lang='lat' dir='ltr'>Smyr-na.-</span> 
     </span>
     <span class='ocr_line' id='line_1_43' title="bbox 1774 2184 2824 2257; baseline 0.004 -25"><span class='ocrx_word' id='word_1_229' title='bbox 1774 2184 1842 2232; x_wconf 78' lang='lat' dir='ltr'>To</span> <span class='ocrx_word' id='word_1_230' title='bbox 1866 2185 2203 2257; x_wconf 64' lang='lat' dir='ltr'>matgctinus</span> <span class='ocrx_word' id='word_1_231' title='bbox 2232 2185 2478 2248; x_wconf 76' lang='lat' dir='ltr'>flentem</span> <span class='ocrx_word' id='word_1_232' title='bbox 2500 2189 2824 2248; x_wconf 71' lang='lat' dir='ltr'>conspexit</span> 
     </span>
     <span class='ocr_line' id='line_1_44' title="bbox 1769 2259 2824 2321; baseline 0.002 -14"><span class='ocrx_word' id='word_1_233' title='bbox 1769 2259 1960 2317; x_wconf 82' lang='lat' dir='ltr'>Eous,</span> <span class='ocrx_word' id='word_1_234' title='bbox 2015 2259 2088 2307; x_wconf 85' lang='lat' dir='ltr'>Et</span> <span class='ocrx_word' id='word_1_235' title='bbox 2128 2260 2377 2321; x_wconf 76' lang='lat' dir='ltr'>flentem</span> <span class='ocrx_word' id='word_1_236' title='bbox 2423 2261 2640 2320; x_wconf 76' lang='lat' dir='ltr'>panllo</span> <span class='ocrx_word' id='word_1_237' title='bbox 2661 2262 2824 2309; x_wconf 78' lang='lat' dir='ltr'>vidit</span> 
     </span>
     <span class='ocr_line' id='line_1_45' title="bbox 1766 2334 2818 2398; baseline 0.004 -17"><span class='ocrx_word' id='word_1_238' title='bbox 1766 2338 1898 2393; x_wconf 79' lang='lat' dir='ltr'>post</span> <span class='ocrx_word' id='word_1_239' title='bbox 1920 2334 2223 2394; x_wconf 74' lang='lat' dir='ltr'>Hesperus</span> <span class='ocrx_word' id='word_1_240' title='bbox 2244 2336 2416 2383; x_wconf 78' lang='lat' dir='ltr'>idem.</span> <span class='ocrx_word' id='word_1_241' title='bbox 2446 2336 2666 2398; x_wconf 86' lang='lat' dir='ltr'>Vesperi</span> <span class='ocrx_word' id='word_1_242' title='bbox 2687 2337 2818 2385; x_wconf 89' lang='lat' dir='ltr'>ima-</span> 
     </span>
     <span class='ocr_line' id='line_1_46' title="bbox 1771 2407 2817 2469; baseline 0.004 -14"><span class='ocrx_word' id='word_1_243' title='bbox 1771 2420 1836 2469; x_wconf 81' lang='lat' dir='ltr'>go</span> <span class='ocrx_word' id='word_1_244' title='bbox 1878 2409 1962 2455; x_wconf 86' lang='lat' dir='ltr'>est</span> <span class='ocrx_word' id='word_1_245' title='bbox 1999 2407 2052 2456; x_wconf 92' lang='lat' dir='ltr'>in</span> <span class='ocrx_word' id='word_1_246' title='bbox 2093 2408 2333 2457; x_wconf 86' lang='lat' dir='ltr'>Gerhard</span> <span class='ocrx_word' id='word_1_247' title='bbox 2375 2413 2480 2457; x_wconf 84' lang='lat' dir='ltr'>ant.</span> <span class='ocrx_word' id='word_1_248' title='bbox 2536 2410 2714 2458; x_wconf 81' lang='lat' dir='ltr'>Bildw.</span> <span class='ocrx_word' id='word_1_249' title='bbox 2760 2411 2817 2459; x_wconf 86' lang='grc' dir='ltr'>Τ.</span> 
     </span>
     <span class='ocr_line' id='line_1_47' title="bbox 1769 2481 2818 2547; baseline 0.001 -16"><span class='ocrx_word' id='word_1_250' title='bbox 1769 2481 1988 2531; x_wconf 79' lang='lat' dir='ltr'><strong>XXXIX.</strong></span> <span class='ocrx_word' id='word_1_251' title='bbox 2048 2482 2146 2530; x_wconf 81' lang='lat' dir='ltr'>Ein</span> <span class='ocrx_word' id='word_1_252' title='bbox 2179 2482 2517 2532; x_wconf 66' lang='lat' dir='ltr'>schwabender</span> <span class='ocrx_word' id='word_1_253' title='bbox 2549 2483 2787 2547; x_wconf 69' lang='lat' dir='ltr'>Jnnylinq</span> <span class='ocrx_word' id='word_1_254' title='bbox 2805 2522 2818 2542; x_wconf 88' lang='lat'><em>,</em></span> 
     </span>
     <span class='ocr_line' id='line_1_48' title="bbox 1769 2556 2823 2619; baseline 0.004 -15"><span class='ocrx_word' id='word_1_255' title='bbox 1769 2556 1882 2614; x_wconf 81' lang='lat' dir='ltr'>dor,</span> <span class='ocrx_word' id='word_1_256' title='bbox 1908 2556 2099 2604; x_wconf 80' lang='lat' dir='ltr'>obwohl</span> <span class='ocrx_word' id='word_1_257' title='bbox 2117 2557 2369 2619; x_wconf 67' lang='lat' dir='ltr'>fliiyellos,</span> <span class='ocrx_word' id='word_1_258' title='bbox 2396 2559 2553 2606; x_wconf 77' lang='lat' dir='ltr'>durch</span> <span class='ocrx_word' id='word_1_259' title='bbox 2573 2560 2714 2608; x_wconf 76' lang='lat' dir='ltr'>einen</span> <span class='ocrx_word' id='word_1_260' title='bbox 2735 2560 2823 2607; x_wconf 74' lang='grc' dir='ltr'>ὴό-</span> 
     </span>
     <span class='ocr_line' id='line_1_49' title="bbox 1768 2631 2822 2692; baseline 0.004 -14"><span class='ocrx_word' id='word_1_261' title='bbox 1768 2631 1891 2678; x_wconf 81' lang='lat' dir='ltr'>hern</span> <span class='ocrx_word' id='word_1_262' title='bbox 1913 2632 2018 2679; x_wconf 74' lang='lat' dir='ltr'>und</span> <span class='ocrx_word' id='word_1_263' title='bbox 2041 2632 2180 2679; x_wconf 62' lang='lat' dir='ltr'>eifum</span> <span class='ocrx_word' id='word_1_264' title='bbox 2209 2632 2470 2680; x_wconf 70' lang='lat' dir='ltr'>nicetem-n</span> <span class='ocrx_word' id='word_1_265' title='bbox 2498 2633 2671 2692; x_wconf 78' lang='lat' dir='ltr'>Stern,</span> <span class='ocrx_word' id='word_1_266' title='bbox 2712 2634 2822 2682; x_wconf 80' lang='lat' dir='ltr'>ein-</span> 
     </span>
     <span class='ocr_line' id='line_1_50' title="bbox 1769 2703 2819 2766; baseline 0.004 -14"><span class='ocrx_word' id='word_1_267' title='bbox 1769 2703 1874 2752; x_wconf 79' lang='lat' dir='ltr'>mal</span> <span class='ocrx_word' id='word_1_268' title='bbox 1914 2705 1991 2752; x_wconf 71' lang='lat' dir='ltr'>als</span> <span class='ocrx_word' id='word_1_269' title='bbox 2030 2705 2360 2766; x_wconf 78' lang='lat' dir='ltr'>Phosphoros,</span> <span class='ocrx_word' id='word_1_270' title='bbox 2414 2706 2506 2754; x_wconf 72' lang='lat' dir='ltr'>aas</span> <span class='ocrx_word' id='word_1_271' title='bbox 2556 2707 2819 2756; x_wconf 68' lang='lat' dir='ltr'>ands-emal</span> 
     </span>
     <span class='ocr_line' id='line_1_51' title="bbox 1771 2778 2819 2840; baseline 0.003 -13"><span class='ocrx_word' id='word_1_272' title='bbox 1771 2778 1892 2827; x_wconf 77' lang='lat' dir='ltr'>aber</span> <span class='ocrx_word' id='word_1_273' title='bbox 1934 2780 2012 2828; x_wconf 75' lang='lat' dir='ltr'>als</span> <span class='ocrx_word' id='word_1_274' title='bbox 2053 2780 2293 2840; x_wconf 76' lang='lat' dir='ltr'>Hesperos</span> <span class='ocrx_word' id='word_1_275' title='bbox 2334 2780 2436 2828; x_wconf 71' lang='lat' dir='ltr'>sich</span> <span class='ocrx_word' id='word_1_276' title='bbox 2479 2793 2548 2828; x_wconf 76' lang='lat' dir='ltr'>zu</span> <span class='ocrx_word' id='word_1_277' title='bbox 2578 2780 2819 2830; x_wconf 76' lang='lat' dir='ltr'>erkennon</span> 
     </span>
     <span class='ocr_line' id='line_1_52' title="bbox 1769 2853 1888 2916; baseline 0.017 -17"><span class='ocrx_word' id='word_1_278' title='bbox 1769 2853 1888 2916; x_wconf 70' lang='lat' dir='ltr'>qibt.</span> 
     </span>
    </p>

    <p class='ocr_par' dir='ltr' id='par_1_15' title="bbox 1769 2928 2824 3956">
     <span class='ocr_line' id='line_1_53' title="bbox 1838 2928 2821 2991; baseline 0.004 -16"><span class='ocrx_word' id='word_1_279' title='bbox 1838 2928 1918 2976; x_wconf 78' lang='grc' dir='ltr'>Μ.</span> <span class='ocrx_word' id='word_1_280' title='bbox 1978 2928 2245 2991; x_wconf 69' lang='grc' dir='ltr'>Βανρσηεο]</span> <span class='ocrx_word' id='word_1_281' title='bbox 2299 2928 2560 2987; x_wconf 88' lang='lat' dir='ltr'>Quoniam</span> <span class='ocrx_word' id='word_1_282' title='bbox 2613 2930 2664 2979; x_wconf 93' lang='lat' dir='ltr'>in</span> <span class='ocrx_word' id='word_1_283' title='bbox 2715 2929 2821 2980; x_wconf 87' lang='lat' dir='ltr'>hoc</span> 
     </span>
     <span class='ocr_line' id='line_1_54' title="bbox 1769 3002 2820 3065; baseline 0.003 -15"><span class='ocrx_word' id='word_1_284' title='bbox 1769 3014 1821 3050; x_wconf 81' lang='lat' dir='ltr'><strong>V.</strong></span> <span class='ocrx_word' id='word_1_285' title='bbox 1848 3003 1908 3050; x_wconf 90' lang='lat' dir='ltr'>ut</span> <span class='ocrx_word' id='word_1_286' title='bbox 1941 3002 2118 3051; x_wconf 88' lang='lat' dir='ltr'>minus</span> <span class='ocrx_word' id='word_1_287' title='bbox 2153 3002 2372 3065; x_wconf 91' lang='lat' dir='ltr'>proprio</span> <span class='ocrx_word' id='word_1_288' title='bbox 2407 3003 2627 3052; x_wconf 76' lang='lat' dir='ltr'>offendit</span> <span class='ocrx_word' id='word_1_289' title='bbox 2649 3005 2820 3053; x_wconf 78' lang='lat' dir='ltr'>Anton</span> 
     </span>
     <span class='ocr_line' id='line_1_55' title="bbox 1772 3074 2820 3139; baseline 0.001 -15"><span class='ocrx_word' id='word_1_290' title='bbox 1772 3077 1953 3137; x_wconf 86' lang='lat' dir='ltr'>Progr.</span> <span class='ocrx_word' id='word_1_291' title='bbox 1992 3074 2233 3125; x_wconf 85' lang='lat' dir='ltr'>Rossleb.</span> <span class='ocrx_word' id='word_1_292' title='bbox 2263 3089 2313 3139; x_wconf 90' lang='lat' dir='ltr'>p.</span> <span class='ocrx_word' id='word_1_293' title='bbox 2342 3074 2414 3136; x_wconf 87' lang='grc'>4.,</span> <span class='ocrx_word' id='word_1_294' title='bbox 2454 3090 2578 3128; x_wconf 89' lang='lat' dir='ltr'>cum</span> <span class='ocrx_word' id='word_1_295' title='bbox 2615 3079 2820 3139; x_wconf 79' lang='lat' dir='ltr'>Ungero</span> 
     </span>
     <span class='ocr_line' id='line_1_56' title="bbox 1771 3149 2819 3213; baseline 0.003 -16"><span class='ocrx_word' id='word_1_296' title='bbox 1771 3149 1833 3198; x_wconf 91' lang='lat' dir='ltr'>V.</span> <span class='ocrx_word' id='word_1_297' title='bbox 1871 3150 1928 3198; x_wconf 86' lang='lat' dir='ltr'><strong>R.</strong></span> <span class='ocrx_word' id='word_1_298' title='bbox 1967 3162 2019 3213; x_wconf 91' lang='lat' dir='ltr'>p.</span> <span class='ocrx_word' id='word_1_299' title='bbox 2060 3151 2173 3199; x_wconf 72' lang='lat'><strong>228.</strong></span> <span class='ocrx_word' id='word_1_300' title='bbox 2213 3150 2508 3213; x_wconf 87' lang='lat' dir='ltr'>repetenda</span> <span class='ocrx_word' id='word_1_301' title='bbox 2554 3153 2637 3200; x_wconf 88' lang='lat' dir='ltr'>est</span> <span class='ocrx_word' id='word_1_302' title='bbox 2683 3153 2819 3200; x_wconf 88' lang='lat' dir='ltr'>Bur-</span> 
     </span>
     <span class='ocr_line' id='line_1_57' title="bbox 1774 3223 2816 3286; baseline 0.003 -13"><span class='ocrx_word' id='word_1_303' title='bbox 1774 3224 1953 3273; x_wconf 90' lang='lat' dir='ltr'>manni</span> <span class='ocrx_word' id='word_1_304' title='bbox 1996 3223 2266 3273; x_wconf 84' lang='lat' dir='ltr'>adnotatio</span> <span class='ocrx_word' id='word_1_305' title='bbox 2310 3225 2378 3274; x_wconf 90' lang='lat' dir='ltr'>ad</span> <span class='ocrx_word' id='word_1_306' title='bbox 2411 3225 2551 3286; x_wconf 82' lang='lat' dir='ltr'>Virg.</span> <span class='ocrx_word' id='word_1_307' title='bbox 2590 3227 2720 3275; x_wconf 80' lang='lat' dir='ltr'>Aen.</span> <span class='ocrx_word' id='word_1_308' title='bbox 2759 3224 2816 3284; x_wconf 81' lang='grc'>4,</span> 
     </span>
     <span class='ocr_line' id='line_1_58' title="bbox 1773 3297 2819 3362; baseline 0.002 -15"><span class='ocrx_word' id='word_1_309' title='bbox 1773 3297 1899 3347; x_wconf 73' lang='lat'><strong>352:</strong></span> <span class='ocrx_word' id='word_1_310' title='bbox 1952 3299 2141 3359; x_wconf 73' lang='lat' dir='ltr'>quoties</span> <span class='ocrx_word' id='word_1_311' title='bbox 2189 3303 2332 3347; x_wconf 74' lang='lat' dir='ltr'>astra</span> <span class='ocrx_word' id='word_1_312' title='bbox 2379 3300 2528 3362; x_wconf 60' lang='lat' dir='ltr'>ignca</span> <span class='ocrx_word' id='word_1_313' title='bbox 2578 3305 2819 3362; x_wconf 74' lang='lat' dir='ltr'>surynnt:</span> 
     </span>
     <span class='ocr_line' id='line_1_59' title="bbox 1775 3371 2820 3436; baseline 0.003 -17"><span class='ocrx_word' id='word_1_314' title='bbox 1775 3373 1947 3421; x_wconf 73' lang='lat' dir='ltr'>«astra</span> <span class='ocrx_word' id='word_1_315' title='bbox 1966 3371 2160 3421; x_wconf 89' lang='lat' dir='ltr'>crebro</span> <span class='ocrx_word' id='word_1_316' title='bbox 2180 3373 2430 3422; x_wconf 89' lang='lat' dir='ltr'>dicuntur</span> <span class='ocrx_word' id='word_1_317' title='bbox 2445 3386 2668 3436; x_wconf 53' lang='lat' dir='ltr'>atraere,</span> <span class='ocrx_word' id='word_1_318' title='bbox 2696 3386 2820 3424; x_wconf 87' lang='lat' dir='ltr'>cum</span> 
     </span>
     <span class='ocr_line' id='line_1_60' title="bbox 1773 3446 2817 3506; baseline 0.003 -12"><span class='ocrx_word' id='word_1_319' title='bbox 1773 3446 2043 3504; x_wconf 87' lang='lat' dir='ltr'>oriuntur,</span> <span class='ocrx_word' id='word_1_320' title='bbox 2096 3449 2299 3506; x_wconf 77' lang='lat' dir='ltr'>cadero,</span> <span class='ocrx_word' id='word_1_321' title='bbox 2356 3461 2482 3496; x_wconf 91' lang='lat' dir='ltr'>cum</span> <span class='ocrx_word' id='word_1_322' title='bbox 2517 3447 2817 3497; x_wconf 79' lang='lat' dir='ltr'>occidunt.»</span> 
     </span>
     <span class='ocr_line' id='line_1_61' title="bbox 1773 3519 2824 3584; baseline 0.002 -14"><span class='ocrx_word' id='word_1_323' title='bbox 1773 3521 2010 3583; x_wconf 80' lang='lat' dir='ltr'>Heynius</span> <span class='ocrx_word' id='word_1_324' title='bbox 2044 3521 2111 3569; x_wconf 89' lang='lat' dir='ltr'>ad</span> <span class='ocrx_word' id='word_1_325' title='bbox 2146 3523 2286 3584; x_wconf 83' lang='lat' dir='ltr'>Virg.</span> <span class='ocrx_word' id='word_1_326' title='bbox 2315 3519 2423 3571; x_wconf 88' lang='lat' dir='ltr'>Ecl.</span> <span class='ocrx_word' id='word_1_327' title='bbox 2451 3522 2508 3580; x_wconf 89' lang='lat'>8,</span> <span class='ocrx_word' id='word_1_328' title='bbox 2547 3523 2629 3571; x_wconf 91' lang='grc'>30.</span> <span class='ocrx_word' id='word_1_329' title='bbox 2660 3549 2715 3558; x_wconf 89' lang='lat'>—</span> <span class='ocrx_word' id='word_1_330' title='bbox 2741 3524 2824 3572; x_wconf 77' lang='lat' dir='ltr'>de-</span> 
     </span>
     <span class='ocr_line' id='line_1_62' title="bbox 1772 3596 2816 3659; baseline 0.001 -15"><span class='ocrx_word' id='word_1_331' title='bbox 1772 3596 1950 3644; x_wconf 77' lang='lat' dir='ltr'>cedunt</span> <span class='ocrx_word' id='word_1_332' title='bbox 1971 3596 2182 3659; x_wconf 81' lang='lat' dir='ltr'>amores]</span> <span class='ocrx_word' id='word_1_333' title='bbox 2207 3599 2276 3645; x_wconf 76' lang='lat' dir='ltr'>«A</span> <span class='ocrx_word' id='word_1_334' title='bbox 2302 3599 2354 3645; x_wconf 87' lang='lat' dir='ltr'>te</span> <span class='ocrx_word' id='word_1_335' title='bbox 2379 3608 2501 3645; x_wconf 83' lang='lat' dir='ltr'>sese</span> <span class='ocrx_word' id='word_1_336' title='bbox 2519 3599 2816 3656; x_wconf 83' lang='lat' dir='ltr'>removent,</span> 
     </span>
     <span class='ocr_line' id='line_1_63' title="bbox 1773 3669 2820 3734; baseline -0.001 -15"><span class='ocrx_word' id='word_1_337' title='bbox 1773 3671 1844 3719; x_wconf 87' lang='lat' dir='ltr'>ita</span> <span class='ocrx_word' id='word_1_338' title='bbox 1877 3673 1936 3719; x_wconf 92' lang='lat' dir='ltr'>ut</span> <span class='ocrx_word' id='word_1_339' title='bbox 1971 3684 2069 3733; x_wconf 86' lang='lat' dir='ltr'>per</span> <span class='ocrx_word' id='word_1_340' title='bbox 2090 3669 2304 3734; x_wconf 87' lang='lat' dir='ltr'>aliquod</span> <span class='ocrx_word' id='word_1_341' title='bbox 2329 3669 2520 3721; x_wconf 82' lang='lat' dir='ltr'>saltem</span> <span class='ocrx_word' id='word_1_342' title='bbox 2544 3673 2757 3734; x_wconf 85' lang='lat' dir='ltr'>tempus</span> <span class='ocrx_word' id='word_1_343' title='bbox 2792 3683 2820 3718; x_wconf 82' lang='lat' dir='ltr'>a</span> 
     </span>
     <span class='ocr_line' id='line_1_64' title="bbox 1774 3745 2822 3807; baseline 0 -13"><span class='ocrx_word' id='word_1_344' title='bbox 1774 3746 2036 3794; x_wconf 85' lang='lat' dir='ltr'>maestitia</span> <span class='ocrx_word' id='word_1_345' title='bbox 2069 3757 2259 3805; x_wconf 84' lang='lat' dir='ltr'>vaces,</span> <span class='ocrx_word' id='word_1_346' title='bbox 2298 3757 2460 3806; x_wconf 90' lang='lat' dir='ltr'>quam</span> <span class='ocrx_word' id='word_1_347' title='bbox 2495 3745 2589 3794; x_wconf 86' lang='lat' dir='ltr'>tihi</span> <span class='ocrx_word' id='word_1_348' title='bbox 2619 3746 2822 3807; x_wconf 73' lang='lat' dir='ltr'>Mysiae</span> 
     </span>
     <span class='ocr_line' id='line_1_65' title="bbox 1773 3817 2822 3881; baseline -0.002 -12"><span class='ocrx_word' id='word_1_349' title='bbox 1773 3820 2032 3869; x_wconf 86' lang='lat' dir='ltr'>memoria</span> <span class='ocrx_word' id='word_1_350' title='bbox 2069 3820 2314 3868; x_wconf 82' lang='lat' dir='ltr'>excitat.»</span> <span class='ocrx_word' id='word_1_351' title='bbox 2369 3817 2565 3881; x_wconf 76' lang='lat' dir='ltr'>ibycus</span> <span class='ocrx_word' id='word_1_352' title='bbox 2601 3818 2822 3868; x_wconf 83' lang='lat' dir='ltr'>Schnei-</span> 
     </span>
     <span class='ocr_line' id='line_1_66' title="bbox 1774 3889 2824 3956; baseline -0.001 -14"><span class='ocrx_word' id='word_1_353' title='bbox 1774 3892 1907 3942; x_wconf 80' lang='lat' dir='ltr'>dew.</span> <span class='ocrx_word' id='word_1_354' title='bbox 1938 3905 2057 3956; x_wconf 85' lang='lat' dir='ltr'>pag.</span> <span class='ocrx_word' id='word_1_355' title='bbox 2090 3893 2168 3942; x_wconf 79' lang='lat'><strong>85.</strong></span> <span class='ocrx_word' id='word_1_356' title='bbox 2202 3893 2372 3954; x_wconf 82' lang='lat' dir='ltr'>Bergk</span> <span class='ocrx_word' id='word_1_357' title='bbox 2406 3906 2458 3955; x_wconf 90' lang='lat' dir='ltr'>p.</span> <span class='ocrx_word' id='word_1_358' title='bbox 2482 3892 2595 3942; x_wconf 70' lang='lat'><strong>654:</strong></span> <span class='ocrx_word' id='word_1_359' title='bbox 2629 3889 2824 3956; x_wconf 69' lang='grc' dir='ltr'><em>ἑμοὶό·</em></span> 
     </span>
    </p>
   </div>
   <div class='ocr_carea' id='block_1_15' title="bbox 656 3959 2824 4251">
    <p class='ocr_par' dir='ltr' id='par_1_16' title="bbox 656 3959 2824 4251">
     <span class='ocr_line' id='line_1_67' title="bbox 658 3959 2819 4035; baseline 0.001 -21"><span class='ocrx_word' id='word_1_360' title='bbox 658 3966 848 4014; x_wconf 89' lang='lat' dir='ltr'>Docuit</span> <span class='ocrx_word' id='word_1_361' title='bbox 872 3966 1145 4016; x_wconf 86' lang='lat' dir='ltr'>Weichert</span> <span class='ocrx_word' id='word_1_362' title='bbox 1165 3979 1218 4030; x_wconf 92' lang='lat' dir='ltr'>p.</span> <span class='ocrx_word' id='word_1_363' title='bbox 1244 3966 1358 4016; x_wconf 72' lang='lat'><strong>232.</strong></span> <span class='ocrx_word' id='word_1_364' title='bbox 1395 3967 1589 4027; x_wconf 67' lang='lat' dir='ltr'>mystae</span> <span class='ocrx_word' id='word_1_365' title='bbox 1611 3981 1707 4016; x_wconf 87' lang='lat' dir='ltr'>no·</span> <span class='ocrx_word' id='word_1_366' title='bbox 1759 3959 1932 4033; x_wconf 80' lang='grc' dir='ltr'><strong><em>Ἕρος</em></strong></span> <span class='ocrx_word' id='word_1_367' title='bbox 1954 3961 2230 4031; x_wconf 75' lang='grc' dir='ltr'>οὐδεμίαν</span> <span class='ocrx_word' id='word_1_368' title='bbox 2267 3963 2612 4028; x_wconf 81' lang='grc' dir='ltr'><strong><em>κατάκοιτος</em></strong></span> <span class='ocrx_word' id='word_1_369' title='bbox 2644 3959 2819 4035; x_wconf 74' lang='grc' dir='ltr'><strong>ὤραν.</strong></span> 
     </span>
     <span class='ocr_line' id='line_1_68' title="bbox 658 4039 2824 4104; baseline 0.001 -17"><span class='ocrx_word' id='word_1_370' title='bbox 658 4051 783 4088; x_wconf 89' lang='lat' dir='ltr'>men</span> <span class='ocrx_word' id='word_1_371' title='bbox 807 4051 1087 4090; x_wconf 82' lang='lat' dir='ltr'>servorum</span> <span class='ocrx_word' id='word_1_372' title='bbox 1105 4044 1159 4089; x_wconf 85' lang='lat' dir='ltr'>et</span> <span class='ocrx_word' id='word_1_373' title='bbox 1180 4039 1494 4090; x_wconf 89' lang='lat' dir='ltr'>libertorum</span> <span class='ocrx_word' id='word_1_374' title='bbox 1518 4040 1698 4090; x_wconf 79' lang='lat' dir='ltr'>fuisse.</span> <span class='ocrx_word' id='word_1_375' title='bbox 1775 4040 1937 4091; x_wconf 83' lang='lat' dir='ltr'>Multo</span> <span class='ocrx_word' id='word_1_376' title='bbox 1997 4041 2294 4104; x_wconf 79' lang='lat' dir='ltr'>languidius</span> <span class='ocrx_word' id='word_1_377' title='bbox 2361 4043 2443 4091; x_wconf 87' lang='lat' dir='ltr'>cst</span> <span class='ocrx_word' id='word_1_378' title='bbox 2492 4041 2824 4091; x_wconf 82' lang='lat' dir='ltr'>Wakefieldii</span> 
     </span>
     <span class='ocr_line' id='line_1_69' title="bbox 657 4112 2823 4179; baseline 0.001 -17"><span class='ocrx_word' id='word_1_379' title='bbox 657 4115 808 4162; x_wconf 90' lang='lat' dir='ltr'>Grut.</span> <span class='ocrx_word' id='word_1_380' title='bbox 857 4112 980 4172; x_wconf 86' lang='lat'>937,</span> <span class='ocrx_word' id='word_1_381' title='bbox 1037 4115 1093 4162; x_wconf 76' lang='lat'>4:</span> <span class='ocrx_word' id='word_1_382' title='bbox 1147 4116 1200 4163; x_wconf 86' lang='lat' dir='ltr'><strong>P.</strong></span> <span class='ocrx_word' id='word_1_383' title='bbox 1251 4115 1495 4177; x_wconf 78' lang='lat' dir='ltr'>Corfidius</span> <span class='ocrx_word' id='word_1_384' title='bbox 1540 4117 1593 4164; x_wconf 86' lang='lat' dir='ltr'><strong>P.</strong></span> <span class='ocrx_word' id='word_1_385' title='bbox 1645 4118 1699 4164; x_wconf 89' lang='lat' dir='ltr'>L.</span> <span class='ocrx_word' id='word_1_386' title='bbox 1774 4115 1982 4165; x_wconf 70' lang='lat' dir='ltr'>labores.</span> <span class='ocrx_word' id='word_1_387' title='bbox 2053 4120 2226 4179; x_wconf 82' lang='lat' dir='ltr'>Atque</span> <span class='ocrx_word' id='word_1_388' title='bbox 2280 4129 2477 4165; x_wconf 75' lang='lat' dir='ltr'>amores</span> <span class='ocrx_word' id='word_1_389' title='bbox 2530 4129 2823 4179; x_wconf 88' lang='lat' dir='ltr'>puerorum</span> 
     </span>
     <span class='ocr_line' id='line_1_70' title="bbox 656 4185 2823 4251; baseline 0 -14"><span class='ocrx_word' id='word_1_390' title='bbox 656 4185 1081 4247; x_wconf 48' lang='lat' dir='ltr'>Mummius:</span> <span class='ocrx_word' id='word_1_391' title='bbox 1108 4187 1301 4249; x_wconf 79' lang='lat' dir='ltr'>Popilia</span> <span class='ocrx_word' id='word_1_392' title='bbox 1320 4189 1510 4249; x_wconf 64' lang='lat' dir='ltr'>Mystes.</span> <span class='ocrx_word' id='word_1_393' title='bbox 1536 4189 1703 4251; x_wconf 81' lang='lat' dir='ltr'>(Adde</span> <span class='ocrx_word' id='word_1_394' title='bbox 1776 4190 2100 4239; x_wconf 73' lang='lat' dir='ltr'>delicowrmn</span> <span class='ocrx_word' id='word_1_395' title='bbox 2167 4191 2384 4239; x_wconf 89' lang='lat' dir='ltr'>omnino</span> <span class='ocrx_word' id='word_1_396' title='bbox 2452 4190 2700 4240; x_wconf 84' lang='lat' dir='ltr'>Romanis</span> <span class='ocrx_word' id='word_1_397' title='bbox 2759 4203 2823 4238; x_wconf 81' lang='lat' dir='ltr'>ex</span> 
     </span>
    </p>
   </div>
   <div class='ocr_carea' id='block_1_16' title="bbox 660 4261 1705 4325">
    <p class='ocr_par' dir='ltr' id='par_1_17' title="bbox 660 4261 1705 4325">
     <span class='ocr_line' id='line_1_71' title="bbox 660 4261 1705 4325; baseline 0.001 -14"><span class='ocrx_word' id='word_1_398' title='bbox 660 4262 845 4311; x_wconf 75' lang='lat' dir='ltr'>Mutat.</span> <span class='ocrx_word' id='word_1_399' title='bbox 874 4261 995 4321; x_wconf 76' lang='lat'><strong>966,</strong></span> <span class='ocrx_word' id='word_1_400' title='bbox 1036 4263 1081 4310; x_wconf 76' lang='lat'><strong>4.</strong></span> <span class='ocrx_word' id='word_1_401' title='bbox 1112 4264 1165 4311; x_wconf 86' lang='lat' dir='ltr'>et</span> <span class='ocrx_word' id='word_1_402' title='bbox 1192 4264 1351 4311; x_wconf 80' lang='lat' dir='ltr'>inser.</span> <span class='ocrx_word' id='word_1_403' title='bbox 1381 4263 1523 4325; x_wconf 86' lang='lat' dir='ltr'>apud</span> <span class='ocrx_word' id='word_1_404' title='bbox 1548 4264 1705 4312; x_wconf 78' lang='lat' dir='ltr'>Mari-</span> 
     </span>
    </p>
   </div>
   <div class='ocr_carea' id='block_1_17' title="bbox 1781 4263 2826 4324">
    <p class='ocr_par' dir='ltr' id='par_1_18' title="bbox 1781 4263 2826 4324">
     <span class='ocr_line' id='line_1_72' title="bbox 1781 4263 2826 4324; baseline 0 -12"><span class='ocrx_word' id='word_1_405' title='bbox 1781 4263 2044 4324; x_wconf 77' lang='lat' dir='ltr'>moribuS,</span> <span class='ocrx_word' id='word_1_406' title='bbox 2084 4276 2190 4314; x_wconf 92' lang='lat' dir='ltr'>non</span> <span class='ocrx_word' id='word_1_407' title='bbox 2226 4277 2292 4314; x_wconf 78' lang='lat' dir='ltr'>ex</span> <span class='ocrx_word' id='word_1_408' title='bbox 2327 4264 2521 4314; x_wconf 88' lang='lat' dir='ltr'>nostris</span> <span class='ocrx_word' id='word_1_409' title='bbox 2547 4267 2674 4313; x_wconf 85' lang='lat' dir='ltr'>sunt</span> <span class='ocrx_word' id='word_1_410' title='bbox 2695 4263 2826 4312; x_wconf 85' lang='lat' dir='ltr'>diiu-</span> 
     </span>
    </p>
   </div>
  </div>
 </body>
</html>
