3234 4975
637 407 762 470 276

978 562 1169 628 Dices
1215 562 1495 627 historiis
1540 561 1787 649 proelia
1833 564 2167 637 Caesaris,

1399 407 1653 456 nonnil
1688 406 2026 459 CARMINUM

2730 562 2805 625 10

975 685 1350 759 Maecenas,
1401 682 1627 748 melius
1672 682 1996 770 ductaque
2040 704 2161 770 per
2203 684 2340 748 vias

1139 807 1385 892 Regum
1428 804 1594 870 colla
1639 804 1997 871 minacium.

766 987 843 1036 ⁴2.
881 985 1148 1034 minutium
1179 985 1248 1045 Τ,
1285 983 1587 1033 minantium
1621 984 1656 1032 S
1691 985 1745 1033 et
1780 995 1917 1033 corr.
1957 981 2019 1043 b,
2057 983 2149 1043 βκ.

633 1144 733 1193 καὶ
764 1140 911 1208 μετὰ
945 1144 1184 1212 μέτρων.
1228 1171 1281 1179 -
1321 1145 1442 1194 Mihi
1467 1143 1680 1193 videtur

632 1219 780 1268 locus
814 1219 1137 1268 communis:
1177 1218 1272 1267 «Et
1304 1222 1452 1268 certe
1487 1216 1678 1268 melius

630 1306 791 1356 prosa
815 1294 1052 1341 oratioue
1078 1295 1413 1355 exponentur
1435 1292 1676 1341 Caesaris

629 1380 717 1416 res
752 1369 984 1429 gestae.«
1057 1366 1126 1415 Tu
1173 1367 1331 1427 igitur
1379 1367 1507 1415 mihi
1557 1368 1672 1425 est,

628 1444 686 1490 ut
718 1441 789 1489 ita
825 1440 1024 1497 dicam,
1079 1452 1377 1503 pronomen
1430 1451 1677 1487 eommu-

629 1515 904 1564 nicationis
940 1526 1063 1563 cum
1099 1512 1371 1572 omnibus,
1411 1513 1500 1574 qui
1537 1512 1676 1560 Cae-

626 1590 761 1638 saris
810 1601 898 1638 res
948 1589 1126 1650 gestas
1179 1586 1366 1637 litteris
1417 1583 1673 1634 mandare

626 1662 789 1713 velint
822 1665 877 1711 et
908 1663 1130 1725 possint.
1181 1660 1334 1720 Quod
1367 1660 1581 1709 Servius
1605 1658 1676 1707 ad

627 1739 718 1785 Ge.
754 1738 811 1795 2,
848 1735 927 1787 42.
968 1735 1128 1784 tradit
1161 1747 1190 1783 a
1227 1734 1530 1783 Maecenate
1563 1734 1676 1781 Au-

625 1812 759 1871 gusti
795 1812 941 1872 gesta
986 1808 1250 1872 descripta
1286 1820 1406 1856 esse
1431 1845 1442 1865 ‚
1489 1820 1554 1856 ex
1587 1804 1675 1856 illo

625 1883 818 1947 Virgilii
862 1883 980 1933 loco
1032 1882 1171 1933 male
1217 1881 1483 1932 intellecto
1519 1883 1574 1930 et
1607 1895 1674 1930 ex

625 1960 707 2008 his
745 1959 940 2007 Horatii
973 1956 1156 2007 verbis
1191 1956 1535 2020 desumptum
1571 1959 1669 2005 est.

630 2031 916 2084 Mirabilius
968 2034 1052 2081 est
1098 2030 1223 2080 illud
1277 2029 1423 2081 Plinii
1475 2030 1534 2089 7,
1571 2028 1668 2080 45:

628 2108 869 2157 Caesaris
903 2107 1199 2168 Philippensi
1225 2105 1418 2167 proelio
1450 2104 1672 2165 morou-3,

623 2181 750 2243 fuya
774 2185 819 2229 et
843 2181 1010 2229 tridtm
1032 2181 1086 2228 in
1099 2180 1289 2242 palude
1310 2180 1504 2243 aem-oti
1522 2184 1584 2237 et,
1617 2184 1675 2227 ut

628 2256 853 2318 fatentur
873 2255 1101 2318 Agrippa
1132 2260 1177 2304 et
1206 2256 1494 2313 Maecenas,
1533 2267 1673 2313 aqua

624 2330 789 2379 subter
835 2335 995 2379 cutem
1038 2331 1156 2392 fusa
1205 2331 1394 2393 turgidi
1451 2329 1667 2378 latebra.

623 2403 728 2452 Sed
767 2404 871 2454 hoc
903 2417 1118 2467 quoque
1156 2417 1220 2453 ex
1245 2402 1468 2467 epistola
1499 2402 1670 2452 aliove

623 2477 799 2529 libello
843 2479 927 2529 vel
972 2480 1132 2529 etiam
1168 2493 1233 2528 ex
1268 2476 1496 2540 Dialogis
1532 2479 1673 2543 peti-

625 2557 736 2603 tum
791 2555 1020 2605 videtur.
1093 2555 1411 2616 Neutiquam
1471 2553 1669 2602 Horatii

624 2630 742 2678 erat
764 2627 1010 2692 evolgare
1036 2627 1297 2678 eiusmodi
1331 2627 1671 2690 propositum

622 2703 774 2751 amici
798 2741 810 2762 ,
849 2715 973 2752 cum
1005 2703 1118 2766 ipse
1142 2713 1248 2750 una
1273 2713 1396 2750 cum
1422 2698 1683 2751 omnibus.

623 2778 823 2840 optime
859 2778 1022 2827 sciret
1055 2775 1180 2825 nibil
1231 2774 1453 2838 perfecti
1493 2773 1561 2823 ab
1604 2787 1670 2822 eo

624 2851 922 2915 exspectari
957 2862 1146 2913 posse,
1186 2851 1372 2912 atque,
1410 2851 1470 2898 ut
1495 2861 1670 2912 neque

623 2927 890 2989 poeticam
944 2926 1059 2973 eius
1094 2923 1399 2973 facultatem
1433 2936 1672 2985 unquam

622 2998 827 3056 laudat,
866 2998 936 3046 ita
978 3009 1080 3046 nec
1117 2998 1329 3059 poterat
1358 2996 1670 3059 praedicare

623 3072 948 3120 historicam.
1016 3071 1092 3118 Ac
1125 3071 1409 3133 praeterea
1445 3068 1527 3118 vel
1553 3084 1672 3120 ma-

621 3146 764 3194 xime
797 3141 1149 3207 improbabile
1184 3146 1267 3192 est
1290 3145 1585 3193 Maecenati
1621 3146 1673 3193 in

624 3221 863 3268 mentem
894 3218 1080 3267 venire
1114 3219 1353 3281 potuisse
1396 3218 1674 3269 historiam

622 3305 808 3343 rerum
858 3295 1129 3354 gestarum
1179 3293 1399 3354 Augusti
1450 3305 1675 3357 compo-

624 3379 754 3416 nere
777 3403 789 3427 ‚
841 3367 895 3415 in
938 3378 1044 3428 qua
1077 3378 1241 3415 verax
1274 3379 1395 3416 esse
1431 3378 1537 3416 nou
1571 3380 1674 3430 po-

624 3443 794 3502 terat,
851 3439 1012 3491 falsus
1047 3443 1206 3504 atque
1242 3440 1485 3491 adulator
1520 3454 1673 3492 com-

622 3530 814 3582 parere
851 3517 997 3566 certe
1033 3514 1263 3565 nolebat.
1326 3517 1561 3579 (Errasse
1585 3530 1673 3566 me

628 3593 679 3641 in
705 3592 787 3641 his
811 3592 964 3654 putat
986 3588 1374 3652 Dillenburger,
1414 3591 1529 3653 ipse
1553 3603 1679 3653 pro-

625 3668 746 3730 pter
781 3665 1000 3715 nimiam
1035 3665 1258 3715 sortasse
1304 3666 1468 3715 animi
1517 3664 1676 3714 boni-

625 3742 790 3790 tatem
807 3752 1074 3800 asserens,
1101 3752 1133 3789 a
1148 3740 1454 3788 Maecenate
1481 3752 1672 3789 «vere»

624 3815 807 3876 utique
875 3815 1112 3877 potuisse
1177 3812 1337 3862 scribi
1405 3813 1675 3863 Octaviani

625 3888 922 3937 historiam.
983 3889 1182 3937 Verum
1208 3901 1315 3937 non
1338 3888 1466 3937 satis
1489 3901 1676 3937 recor-

625 3962 781 4012 datus
817 3963 928 4021 est,
968 3960 1082 4011 fieri
1118 3960 1259 4012 nullo
1283 3959 1447 4011 modo
1470 3962 1678 4024 potuis-

627 4051 706 4096 se,
745 4038 804 4085 ut
836 4034 1003 4086 libere
1039 4039 1201 4099 atque
1235 4038 1442 4086 sincere
1468 4035 1676 4086 descri-

627 4111 758 4161 bere
793 4123 856 4161 ac
891 4111 1076 4160 notare
1112 4111 1403 4162 Maecenati
1449 4122 1676 4160 conces-

625 4201 747 4238 sum
797 4189 942 4238 esset
991 4187 1254 4236 Octaviani
1307 4184 1675 4236 infidelitatem

625 4262 888 4312 adversus
911 4262 1165 4311 Senatum
1181 4261 1495 4318 Romanum,
1522 4260 1675 4310 cuius

1751 1143 1932 1205 partes
1966 1153 1997 1189 a
2030 1153 2091 1189 se
2128 1143 2407 1205 susceptas
2463 1156 2582 1193 esse
2632 1145 2801 1195 simu·

1751 1214 1908 1275 ierat,
1947 1216 2208 1277 insignem
2244 1218 2296 1265 in
2320 1218 2637 1268 Ciceronem
2670 1232 2799 1283 per-

1750 1289 1962 1351 fidiam,
2019 1291 2378 1353 importunam
2414 1294 2573 1354 atque
2608 1294 2801 1343 imma—

1750 1364 1944 1413 nemin
1963 1365 2292 1427 proscriptos
2309 1366 2602 1426 saevitiam,
2624 1380 2796 1429 usque

1748 1435 1817 1486 ad
1858 1436 2339 1488 celebratissimum
2381 1437 2539 1488 illud:
2602 1441 2797 1503 «Surge

1748 1511 1967 1560 tandem
2018 1511 2317 1561 carnifexla
2391 1526 2567 1575 neque
2625 1515 2800 1575 magis

1747 1586 2099 1635 astutissimas
2172 1583 2285 1636 illas
2351 1588 2520 1646 arte-3,
2602 1587 2798 1651 quibus

1748 1658 2018 1722 paullatim
2068 1660 2488 1711 dominationem
2530 1663 2798 1725 acquisie-

1747 1735 1832 1782 rat
1880 1732 2000 1793 ille,
2055 1748 2156 1783 nec
2207 1734 2440 1797 denique
2492 1738 2637 1787 artes
2670 1749 2796 1787 suas

1747 1809 1990 1871 proprias
2013 1810 2069 1857 et
2086 1808 2299 1859 consilia
2320 1810 2602 1873 prudentia
2620 1810 2797 1874 plena,

1746 1881 1941 1945 quibus
1978 1883 2091 1944 ipse
2128 1882 2364 1933 ferocem
2399 1886 2644 1934 Caesaris
2678 1885 2797 1934 ani-

1748 1968 1896 2006 mum
1913 1955 1981 2005 ad
2000 1958 2467 2008 mansuetudinem
2484 1961 2540 2008 et
2555 1957 2796 2009 clemen-

1745 2031 1871 2080 tiam
1933 2031 2133 2080 sensim
2188 2032 2529 2095 traduxerat.)
2574 2060 2629 2068 —
2690 2033 2794 2083 Cin

1746 2117 1888 2153 nune
1940 2105 2211 2155 Frandsen
2252 2107 2518 2155 Maecenas
2576 2120 2630 2170 p.
2679 2107 2791 2156 ⁴68.

1815 2178 1892 2226 Η.
1952 2180 2224 2243 ductaque]
2287 2182 2420 2231 Nota
2455 2195 2549 2243 que
2577 2207 2607 2217 -
2636 2207 2666 2218 -
2704 2194 2799 2242 que

1747 2265 1851 2302 non
1886 2252 1987 2302 sibi
2022 2254 2353 2316 respondere
2377 2294 2389 2315 ,
2428 2259 2487 2304 ut
2519 2254 2660 2315 alibi,
2698 2255 2797 2305 sed

1746 2329 2131 2378 sententiarum
2190 2341 2388 2378 nexum
2444 2330 2585 2379 hunc
2636 2344 2792 2380 esse:

1749 2403 1842 2451 «Et
1865 2404 2010 2451 certe
2045 2401 2237 2452 melius
2262 2402 2508 2452 dicentur
2529 2431 2559 2441 -
2580 2431 2610 2441 -
2631 2418 2796 2469 proe-

1745 2475 1812 2526 lia
1853 2477 2214 2542 triumphique
2257 2481 2395 2527 cet.»
2440 2505 2495 2515 -
2534 2493 2631 2541 per
2666 2479 2794 2544 vias]

1746 2564 1776 2599 a
1800 2554 1953 2615 porta
1979 2552 2281 2616 triumphali
2305 2566 2405 2616 per
2423 2555 2639 2604 Sacram
2654 2556 2797 2604 viam

1746 2625 1815 2673 ad
1866 2625 2201 2688 Capitolium.
2289 2627 2563 2677 Manifesto
2614 2631 2796 2677 autem

1747 2699 1881 2749 haec
1915 2700 2221 2751 referuntur
2253 2702 2321 2751 ad
2358 2701 2616 2765 triplicem
2650 2700 2797 2751 illum

1748 2774 2095 2836 triumphum,
2122 2774 2493 2836 Delmaticum,
2520 2777 2795 2825 Actiacum

1748 2849 1803 2897 et
1835 2847 2249 2899 Alexandrinum
2289 2862 2476 2900 mense
2528 2849 2706 2899 Sextili
2742 2862 2791 2898 a.

1747 2924 1860 2976 725.
1915 2936 1947 2971 a
1982 2924 2211 2973 Caesare
2248 2938 2314 2972 ex
2348 2925 2559 2974 Oriente
2594 2923 2794 2973 reduce

1748 2999 1946 3046 actum.
2000 2998 2077 3047 De
2092 2999 2212 3058 viis,
2243 3010 2341 3060 per
2368 3011 2501 3061 quas
2519 2997 2796 3047 duceban-

1749 3072 1835 3120 tur
1874 3070 2201 3134 triumphati,
2245 3071 2464 3122 consule
2495 3072 2795 3122 Ambrosch

1746 3145 1953 3193 Studien
1986 3145 2023 3193 1.
2053 3157 2106 3207 p.
2130 3145 2211 3194 79.
2251 3147 2563 3209 excerptum
2601 3159 2632 3195 a
2659 3145 2798 3196 Lub-

1746 3219 1893 3268 kero.

1816 3294 1893 3343 ⁴2.
1931 3293 2061 3343 colla
2080 3294 2371 3358 minacium]
2407 3295 2644 3358 Scriptor
2661 3295 2773 3345 Con

1749 3367 1899 3417 solat.
1943 3367 2012 3417 ad
2052 3370 2160 3418 Liv.
2205 3372 2333 3432 Aug.
2379 3369 2508 3418 273:
2545 3370 2798 3431 Aspiciam

1747 3455 1925 3505 reyum
1965 3443 2170 3492 liventia
2218 3445 2347 3492 eolla
2396 3444 2584 3493 catenis
2615 3446 2797 3493 Dura-

1750 3529 1842 3577 que
1881 3529 1977 3578 per
2008 3530 2183 3566 saevas
2213 3517 2416 3566 vincula
2448 3532 2585 3567 nava
2614 3531 2798 3567 manus

1748 3591 1815 3639 Et
1860 3592 2063 3640 tandem
2110 3592 2326 3653 trepidos
2378 3592 2574 3641 voltus:
2646 3593 2797 3654 inque

1747 3665 1838 3714 ilia
1868 3665 2091 3728 serocwn
2122 3665 2294 3714 Invitis
2315 3665 2555 3714 lacrimas
2575 3667 2798 3716 decidere

1748 3752 1844 3788 ora
1888 3740 2044 3803 genis.
2117 3739 2336 3800 Spiritus
2393 3739 2475 3787 ille
2522 3741 2703 3789 minax
2750 3745 2800 3790 et

1748 3814 1906 3862 Drusi
1950 3818 2110 3862 morte
2168 3813 2409 3874 superbus
2458 3813 2696 3877 Carnifici
2743 3815 2797 3863 in

1748 3892 1935 3937 maesto
1957 3899 2161 3937 carcere
2182 3887 2377 3935 dandus
2398 3887 2509 3936 erit.
2540 3914 2596 3923 —
2633 3889 2797 3936 mina-

1746 3963 1906 4026 cium]
1962 3964 2279 4025 «antequam
2330 3960 2523 4011 devicti
2559 3964 2794 4011 essent.»

1749 4037 1945 4086 Firmat
1991 4037 2153 4085 etiam
2198 4036 2411 4085 Servius
2443 4033 2478 4085 l.
2517 4034 2551 4085 1.
2589 4037 2797 4085 Minari-

1746 4111 1872 4160 tium
1936 4123 2104 4175 prope
2172 4109 2467 4160 absurdum
2524 4113 2673 4161 esset
2726 4109 2796 4160 de

1749 4184 1966 4248 regibus
2000 4185 2054 4234 in
2090 4183 2226 4234 collo
2251 4184 2508 4234 catenatis
2530 4187 2692 4247 atque
2717 4184 2796 4234 sic

1748 4260 1800 4308 in
1824 4260 2094 4322 triumpho
2119 4259 2309 4309 ductis.
2349 4258 2453 4309 Cfr.
2476 4256 2790 4307 Bentleium.
