3234 4975
1171 429 1372 479 LIBER.
1448 430 1642 480 CARM.
1682 428 1763 478 IX.

2474 427 2596 491 699

758 581 1060 670 Lugubre
1106 585 1371 649 mutavit
1415 603 1662 670 sagum.

675 705 795 768 Aut
841 702 944 769 ille
988 715 1245 769 centum
1291 704 1575 770 nobilem
1622 706 1877 771 Cretam
1924 702 2193 768 urbibus

761 824 976 889 Ventis
1028 823 1233 890 iturus
1280 845 1405 889 non
1451 826 1624 900 suis,

2515 823 2597 884 30

680 945 1070 1010 Exercitatas
1116 955 1225 1010 aut
1266 945 1424 1032 petit
1469 947 1694 1034 Syrtes
1744 946 1938 1016 Noto,

761 1069 883 1129 Aut
925 1065 1124 1130 fertur
1169 1066 1411 1131 incerto
1460 1066 1639 1130 mari.

683 1185 1070 1272 Capaciores
1115 1184 1273 1252 affer
1315 1184 1479 1260 huc,
1529 1206 1724 1272 puer,
1774 1184 2058 1274 scyphos

775 1307 848 1371 Et
893 1304 1051 1372 Chia
1092 1306 1239 1371 vina
1285 1315 1393 1371 aut
1437 1305 1687 1371 Lesbia.

560 1503 639 1553 33.
699 1502 780 1553 34.
835 1503 1074 1565 semes,-
1128 1502 1225 1552 Aac
1270 1502 1394 1553 οιιεα
1426 1498 1493 1565 ξ,

1548 1501 1717 1552 Codd.
1754 1504 2044 1563 Tot-rentii,
2097 1503 2263 1554 Bentl.
2318 1504 2434 1567 (Aut
2482 1509 2536 1553 ut

498 1577 622 1627 Chia
658 1577 767 1639 (sic)
805 1577 858 1626 d.
929 1577 1058 1626 Voc.
1093 1578 1191 1626 Aut
1224 1586 1492 1639 superscr.
1530 1577 1612 1638 et.)

433 1745 609 1793 stricta
639 1744 875 1806 mmmm
916 1745 1151 1793 diadema
1182 1744 1379 1793 adorat.
1423 1771 1476 1779 —

431 1816 625 1867 Similia
673 1821 853 1868 autem
898 1816 967 1867 de
1012 1818 1263 1881 Pompeio
1303 1818 1482 1867 narrat

431 1890 744 1942 Plutarchus
769 1894 922 1943 Caes,
949 1905 997 1943 c.
1020 1891 1112 1943 45:
1149 1886 1481 1941 ἀπεδύσατο

435 1960 540 2030 τὴν
556 1995 587 2004 -
602 1993 633 2002 -
648 1962 1036 2036 στρατηγικὴν
1060 1964 1282 2032 ἐσθῆτα
1294 2003 1309 2026 ,
1346 1963 1485 2032 φεύ-

432 2055 590 2105 γοντι
640 2039 702 2091 δὲ
753 2044 1083 2112 πρέπουσαν
1138 2037 1481 2106 μεταβαλών

436 2109 775 2179 ὑπεξῆλθεν.
828 2142 881 2151 —-
949 2118 1026 2165 De
1084 2117 1478 2167 constructione

434 2187 589 2238 verbi
620 2194 821 2238 mactare
854 2187 960 2237 vid.
988 2189 1083 2239 Od.
1124 2190 1145 2237 4
1171 2227 1184 2250 ,
1210 2190 1272 2238 47
1291 2227 1303 2250 ,
1347 2192 1367 2239 l
1394 2202 1476 2252 sq.

505 2297 683 2347 29-32.
710 2297 1215 2361 centum-marmus]
1241 2295 1484 2362 ἑκατόμ-

434 2368 616 2420 πολιν.
652 2370 746 2419 Od.
775 2370 833 2430 3,
869 2371 959 2431 27,
997 2371 1078 2421 33.
1121 2400 1175 2407 -
1219 2373 1480 2424 Naturalis

434 2445 759 2496 constructio
785 2447 895 2495 est:
920 2444 1016 2495 Aut
1038 2446 1119 2495 ille
1134 2446 1260 2508 polit
1283 2446 1481 2498 Cretam

432 2524 524 2568 aut
546 2519 741 2582 Syrtes3
781 2519 1090 2583 neutiquam
1125 2533 1281 2570 vero:
1318 2527 1483 2571 muta-

430 2595 502 2643 vit
524 2595 688 2642 iturus
710 2594 924 2643 Cretam.
955 2619 1010 2629 -
1049 2608 1148 2642 non
1188 2594 1305 2659 suis]
1345 2609 1478 2645 «non

434 2668 701 2732 propitiiS,
730 2667 1029 2727 adversis;»
1065 2669 1172 2717 mit
1191 2669 1362 2717 nicht
1384 2683 1480 2733 90—

431 2754 699 2804 woqnom
735 2741 925 2791 Wind.
981 2741 1134 2792 Voss.
1171 2742 1476 2792 Pseudotib.

433 2815 490 2875 3,
528 2814 586 2874 3,
623 2815 717 2865 28:
770 2815 956 2864 Audiat
1000 2829 1183 2865 aversa
1213 2831 1315 2865 non
1345 2829 1483 2865 meas

432 2902 561 2939 aure
598 2891 732 2938 deus.
802 2889 950 2938 ovid.
999 2890 1150 2939 Trist.
1195 2889 1256 2950 3,
1307 2891 1372 2949 ὅ,
1420 2889 1478 2941 4:

432 2965 575 3013 Nave
617 2977 729 3012 mea
772 2968 916 3013 vento
959 2964 1137 3027 forsan
1182 2968 1324 3013 eunte
1355 2978 1478 3023 su03

434 3039 561 3100 quin
609 3038 766 3087 etiam
819 3038 871 3087 in
917 3050 1076 3101 prosa
1101 3050 1189 3087 ·or.
1228 3036 1329 3086 Sal.
1369 3040 1478 3102 lug.

434 3112 488 3161 64
515 3126 524 3159 z
579 3110 874 3174 Inqurtham
896 3137 926 3147 -
946 3138 976 3147 -
999 3125 1088 3160 suo
1121 3112 1227 3160 loco
1254 3125 1483 3175 pugnam

430 3185 614 3249 facere.
649 3188 850 3235 Seneca
875 3186 968 3249 Ep.
996 3187 1051 3235 7⁴
1068 3224 1080 3245 ,
1099 3186 1128 3235 3
1154 3200 1166 3233 ;
1202 3185 1481 3248 moranti,

435 3271 581 3318 quem
609 3265 814 3320 porcum
839 3264 1007 3320 petae,
1045 3259 1210 3308 nullus
1230 3272 1348 3308 suus
1369 3272 1486 3308 ven-

434 3336 513 3380 tus
536 3337 621 3380 est.
660 3333 768 3382 Liv.
800 3333 854 3393 9,
886 3334 973 3382 ⁴9:
1011 3346 1273 3393 nunquam
1293 3333 1483 3395 aequis,

439 3405 608 3465 utique
661 3419 924 3468 nunquam
966 3409 1194 3457 nostris
1248 3408 1367 3457 locis
1403 3407 1486 3457 la-

439 3479 740 3528 boravimus.
794 3506 847 3515 —-
885 3481 1226 3545 Exercitatas]
1277 3497 1485 3551 «συρο-

434 3553 636 3617 μένας,
674 3553 797 3602 hinc
823 3552 959 3603 illinc
985 3555 1205 3605 iactatas
1229 3568 1258 3603 a
1284 3557 1483 3613 Noto;»

436 3626 826 3690 ausqewia‘hlt.
880 3627 1034 3676 Voss,
1076 3654 1129 3662 —
1174 3628 1360 3692 Syrtes]
1404 3629 1482 3679 Cf.

437 3700 532 3750 Od.
572 3702 631 3759 ⁴,
668 3700 760 3759 22,
796 3700 844 3748 5.
899 3700 957 3756 2,
1007 3700 1065 3760 6,
1115 3700 1163 3750 3.
1207 3702 1487 3751 -incerto

434 3773 595 3836 inari]
650 3773 879 3822 «Animo
926 3771 1107 3833 clade,
1147 3787 1310 3837 quam
1359 3787 1487 3838 per-

439 3859 630 3910 pessus
666 3848 773 3906 est,
810 3847 1020 3909 penitus
1055 3847 1368 3911 perturbato
1393 3848 1488 3898 du-

438 3920 574 3981 bius,
600 3933 761 3982 quam
781 3920 1053 3982 regionem
1072 3933 1260 3971 versus
1275 3923 1487 3984 naviget

440 3996 599 4058 atque
639 3993 854 4043 ubinam
901 3997 1164 4045 terrarum
1204 3993 1484 4058 appellat.»

503 4114 701 4165 33-38.
756 4114 1070 4178 capaciores]
1109 4115 1197 4163 «ln
1232 4112 1482 4163 laetitiam

439 4188 591 4239 effusi
638 4187 832 4250 largius
876 4189 984 4238 iam
1030 4190 1329 4251 potemus.»
1387 4188 1484 4237 Se-

440 4276 574 4313 neca
611 4262 679 4311 de
715 4264 792 4312 ira
827 4263 885 4322 3,
927 4261 1015 4322 ⁴4,
1054 4262 1110 4311 3:
1149 4260 1280 4309 Bibit
1312 4261 1485 4310 deindo

1553 1742 1809 1792 liberalius
1863 1755 2017 1804 quam
2070 1743 2202 1792 alias
2256 1743 2604 1805 capacioribus

1552 1817 1762 1878 scyphi-5.
1812 1843 1869 1853 -
1918 1817 2061 1881 affer]
2111 1817 2287 1868 Simile
2342 1819 2424 1868 est
2475 1816 2602 1867 illud

1555 1889 1868 1948 Catulli.27:
1908 1893 2135 1942 Minister
2163 1893 2315 1942 vetuli
2344 1905 2471 1953 puer
2498 1893 2603 1941 Fa-

1553 1965 1707 2025 ter-ri,
1741 1966 1890 2029 Inqoe·
1910 1966 1980 2014 mi
2014 1967 2190 2016 calices
2211 1967 2511 2015 amariores.
2544 1994 2598 2001 —

1554 2041 1728 2090 Chia-
1750 2066 1780 2076 -
1802 2040 2004 2102 Lesbia]
2064 2041 2177 2089 vina
2235 2042 2433 2088 Graeca
2482 2037 2604 2088 dul-

1555 2114 1657 2173 cia,
1693 2127 1831 2177 quae
1866 2116 2207 2177 opponuntur
2232 2113 2481 2164 Caecubo
2504 2127 2604 2162 au-

1553 2190 1714 2238 stero,
1746 2189 1916 2250 Saepe
1954 2185 2035 2236 illa
2074 2188 2461 2247 consociantur,
2493 2188 2551 2236 ut
2571 2201 2603 2236 a

1554 2259 1876 2310 Callimacho
1919 2261 2073 2309 Anth.
2120 2259 2226 2309 Pal.
2266 2262 2325 2310 11.
2365 2274 2417 2324 p.
2470 2260 2600 2312 535:

1539 2328 1807 2404 ’Ἔρχεται
1850 2330 2030 2394 πολὺς
2065 2333 2175 2398 μὲν
2208 2331 2445 2399 Αἰγαῖον
2478 2331 2604 2383 δια-

1554 2403 1778 2472 τμήξας
1809 2403 1906 2456 ἁπ’
1933 2404 2171 2476 οὲνηρῆς
2203 2407 2356 2457 Χίου
2384 2402 2605 2470 ’Apame-

1554 2478 1721 2553 ρεύς,
1776 2476 1955 2543 πολὺς
1999 2479 2061 2532 δὲ
2110 2479 2363 2547 Λεσβίης
2412 2475 2605 2531 ἄωτον

1551 2559 1761 2628 νέκταρ
1794 2554 2072 2622 οἰνάνθης
2117 2550 2290 2622 ἄγων.
2351 2559 2604 2607 Ceterum

1553 2645 1641 2681 vv.
1666 2632 1733 2679 Et
1754 2632 1878 2681 Chia
1896 2631 2135 2695 pendent
2154 2645 2186 2681 a
2208 2644 2261 2681 v,
2287 2633 2418 2694 affor
2432 2669 2444 2691 ,
2477 2643 2601 2689 non,

1553 2707 1614 2755 ut
1649 2707 1795 2754 ratus
1819 2708 1901 2754 est
1924 2703 2209 2763 Bentleius,
2248 2718 2308 2753 «a
2332 2718 2383 2753 v.
2408 2705 2603 2763 Metire,

1555 2779 1669 2828 sive
1693 2777 1792 2827 Aut
1824 2778 1946 2828 Chia
1978 2776 2183 2840 legatur
2206 2778 2317 2827 sive
2340 2779 2403 2826 Et
2426 2778 2603 2826 Chia.»

1559 2879 1614 2890 -—-
1650 2852 1899 2916 fluentem]
1939 2855 2097 2915 «potu
2133 2852 2294 2900 nimio
2334 2851 2608 2915 profluen-

1556 2928 1720 2975 tem.»
1758 2927 1940 2975 Senon.
1995 2927 2073 2975 De
2108 2925 2309 2974 vomitu
2344 2924 2602 2988 loquitur,

1556 3013 1681 3060 non,
1704 3001 1762 3048 ut
1779 2999 1906 3049 satis
1924 2999 2055 3048 mire
2081 2999 2263 3049 volunt
2280 2999 2607 3049 recentiores

1556 3075 1907 3137 interpreteS,
1962 3072 2030 3122 de
2065 3071 2184 3122 alvo
2216 3086 2316 3137 per
2349 3086 2607 3123 nauseam

1556 3146 1745 3198 soluta.
1804 3149 1983 3210 Imago
2006 3146 2161 3196 nobis
2186 3147 2407 3210 quidem
2429 3148 2606 3198 minus

1558 3222 1735 3284 grata,
1809 3234 1873 3271 ac
1926 3225 2211 3285 propterea
2257 3223 2328 3273 ita
2371 3222 2605 3283 mitigata

1558 3309 1588 3345 a
1627 3296 1838 3346 vossio:
1882 3297 2003 3345 dor
2036 3296 2397 3358 schlaffen
2440 3294 2608 3344 Ekel

1558 3369 1776 3418 bernai
1792 3374 1940 3432 σοις
1995 3382 2120 3419 cum
2165 3367 2434 3430 Gargallus
2478 3380 2609 3430 pro-

1560 3444 1680 3506 pius
1713 3442 1781 3491 ad
1816 3441 1984 3491 verba
2019 3442 2199 3491 Latina
2232 3440 2492 3490 accedere
2516 3453 2609 3503 po-

1560 3517 1743 3566 tuerit:
1800 3517 1841 3564 0
1874 3529 1910 3564 a
1940 3516 2026 3564 noi
2071 3520 2274 3564 mascele
2317 3514 2356 3562 it
2398 3513 2608 3561 caecubo

1557 3589 1673 3639 Auo
1702 3590 1790 3652 fra
1821 3590 1930 3638 tuu’
1964 3589 1983 3636 i
2031 3589 2140 3637 vini
2182 3587 2223 3636 Δ
2254 3588 2515 3649 ram-onan·
2556 3586 2610 3635 la

1557 3677 1751 3713 nausea
1773 3663 1868 3712 Che
1889 3662 1944 3711 al
1972 3675 2132 3725 gozzo
2153 3660 2430 3709 s'avvicini.
2474 3660 2609 3719 Quid

1561 3737 1810 3801 quaeris?
1849 3737 1981 3787 Rem
2015 3736 2068 3785 in
2094 3736 2452 3785 Romanorum
2487 3747 2611 3783 con·

1557 3811 1712 3860 viviis
1730 3809 2025 3860 admodum
2043 3807 2252 3860 solitam
2272 3821 2447 3871 neque
2466 3808 2609 3872 apud

1560 3883 1676 3934 illos
1710 3883 2019 3948 pudendam
2044 3884 2302 3947 quantum
2326 3883 2504 3946 potest
2525 3895 2612 3932 ur-

1559 3965 1699 4015 bane
1753 3965 2028 4029 signiflcat.
2096 3965 2293 4028 (Nuper
2343 3977 2609 4015 nonnemo

1560 4039 1696 4088 mire
1753 4040 2127 4102 interpretatus
2184 4040 2291 4089 est:
2361 4038 2442 4088 dio
2493 4053 2611 4087 vor-

1559 4113 1901 4162 schwindende
1922 4114 2099 4176 Sorae,
2124 4114 2217 4162 den
2238 4113 2611 4162 achun‘ndenden

1565 4185 1864 4235 vehor-anns
1919 4188 2008 4236 der
2074 4187 2351 4249 Kleopatra
2402 4198 2573 4248 weqen
2590 4223 2607 4243 ‚

1561 4260 1842 4323 (coerceat)
1878 4273 2013 4323 qauz
2044 4274 2113 4310 zu
2144 4261 2437 4323 bewaleiqon
2458 4260 2511 4321 !)
2551 4283 2604 4294 —
