3234 4975
1257 449 1375 497 LlB.
1416 449 1496 497 lV.
1568 450 1627 498 C.
1664 448 1725 496 X.

2457 444 2584 509 595

1188 1087 1821 1150 cmx-

508 1277 566 1341 Ο
612 1274 893 1342 crudelis
938 1273 1149 1340 adhuc
1193 1284 1257 1339 et
1304 1275 1569 1340 Veneris
1613 1275 1992 1341 muneribus
2035 1285 2265 1363 potens
2291 1327 2306 1352 ,

512 1399 840 1484 insperata
887 1405 1034 1461 tuae
1081 1415 1228 1460 oum
1270 1395 1483 1461 veniet
1525 1395 1744 1481 pluma
1788 1396 2173 1483 superbiae,

553 1631 615 1680 X.
653 1632 816 1680 inser.
852 1628 990 1692 volg.
1027 1629 1104 1679 Aa
1138 1630 1459 1693 Limum,
1498 1631 1554 1679 et
1586 1631 1664 1679 sic
1699 1642 1744 1678 c.
1787 1655 1840 1664 —
1880 1629 1957 1679 Ad
1989 1630 2286 1692 Liytm'nwm
2312 1643 2529 1693 puer-tem

489 1705 761 1767 specim
791 1709 837 1753 οι
869 1709 1195 1766 arrogantem
1232 1701 1364 1753 BSb.
1410 1728 1468 1739 —
1510 1704 1560 1752 2.
1587 1694 1766 1753 bum
1805 1702 2039 1753 malebat
2065 1703 2358 1767 Bentleius‚
2393 1718 2531 1769 ruga

492 1776 778 1839 Markland,
816 1777 1040 1828 Horman
1076 1776 1416 1841 Peerlkamp,
1454 1778 1663 1828 Mouch.

491 1994 553 2043 X.
592 1992 741 2043 Idem
772 1993 1145 2054 argumentum
1181 1993 1252 2042 ita
1282 1993 1476 2042 tracta·
1544 1992 1807 2054 Insperata
1860 1994 2041 2043 autem
2093 1994 2176 2043 est
2229 2006 2326 2057 pro
2378 1995 2594 2058 antiquo

426 2068 502 2116 vit
548 2067 809 2130 Theognis
861 2081 911 2117 v.
962 2067 1109 2116 ⁴299.
1154 2068 1349 2117 Bekkst
1400 2056 1474 2115 ’.Ω

428 2145 550 2201 παῖ,
583 2142 757 2211 μέχρι
788 2141 946 2203 τίνος
978 2155 1053 2205 με
1086 2137 1472 2227 neom-stigson,-

428 2232 508 2277 ως
558 2230 626 2264 σε
673 2211 895 2265 διώκων
939 2212 1167 2279 Δίζημ’·
1225 2209 1373 2264 ἀλλὰ
1418 2214 1474 2264 τί

427 2304 533 2352 μοι
562 2290 745 2360 τέρμα
777 2289 1003 2354 γένοιτο
1025 2292 1213 2347 κιχεῖν
1242 2285 1361 2354 Σῆς
1383 2284 1476 2359 ὀρ-

428 2359 555 2428 γῆς.
635 2358 717 2412 Σὺ
773 2359 835 2411 δὲ
888 2357 1116 2449 μάργον
1170 2356 1320 2421 ἔχων
1374 2364 1476 2414 καὶ

429 2431 690 2507 ἀγήνορα
721 2430 916 2500 θυμὸν
949 2432 1209 2502 moysae,
1257 2436 1474 2488 ἰκτῖνον

430 2509 696 2571 σχέτλιον
730 2501 879 2575 ἦθος
908 2505 1065 2570 ἕχον.
1095 2505 1228 2560 Ἀλλ’
1255 2510 1476 2575 ἐπίμει-

429 2600 559 2646 νον,
596 2584 729 2649 ἐμοὶ
758 2582 821 2634 δὲ
850 2581 1010 2634 δίδου
1041 2580 1236 2654 χάριν·
1274 2579 1477 2635 Οὐκέτι

430 2655 609 2731 δηρὸν
632 2652 816 2722 Ἒξεις
859 2658 1263 2746 Κυπρογενοῦς
1292 2654 1478 2730 δῶρον

434 2730 803 2795 ἰοστεφάνου.
862 2733 926 2783 Et
956 2745 1008 2782 V.
1048 2733 1206 2783 ⁴327:
1236 2724 1308 2783 ’.Ω
1342 2739 1475 2796 παῖ,

432 2803 541 2871 ἕως
574 2803 648 2857 ἄν
680 2800 821 2878 ἔχῃς
843 2804 999 2857 λείαν
1032 2808 1229 2873 γένυν,
1267 2799 1479 2858 οὔποτε

432 2884 649 2933 σαίνων
663 2879 997 2946 Παυσομαι,
1024 2875 1141 2932 οὐδ’
1157 2879 1217 2931 εἴ
1221 2877 1481 2952 μοιμόρ-

432 2954 608 3022 σιμόν
628 2956 753 3007 ἐστι
773 2957 988 3005 θανεῖν.
1038 2956 1116 3007 Cf.
1142 2957 1479 3007 Automedon

430 3030 641 3083 Anthol.
679 3029 868 3081 Pal.11.
888 3043 942 3094 p.
961 3029 1017 3080 44
1029 3031 1077 3080 0.
1117 3029 1483 3094 (Compositio-

432 3120 559 3158 nem
598 3106 847 3156 carminis
886 3105 955 3156 ad
986 3118 1034 3154 a.
1070 3118 1123 3154 u.
1160 3104 1274 3155 738.
1318 3105 1482 3155 refert

434 3180 760 3244 Grotefend.)

501 3295 548 3344 ⁴.
601 3292 830 3358 crudelis]
871 3294 1075 3344 Durum
1115 3292 1349 3343 eundem
1383 3305 1482 3341 vo-

435 3368 522 3417 cat
554 3367 648 3416 Od.
688 3366 745 3429 4,
784 3369 843 3427 4,
881 3367 964 3418 40.
995 3394 1051 3404 -
1085 3369 1482 3418 Veneri-'muno-

431 3441 600 3504 ribus]
648 3443 760 3491 Iam
794 3443 947 3491 Hom.
984 3441 1128 3492 Iliad.
1165 3459 1227 3507 y,
1266 3442 1356 3493 54·
1407 3436 1480 3490 τά

434 3528 495 3564 τε
544 3512 673 3584 δῶρ’
719 3507 1053 3582 Ἀφροδίτης
1091 3508 1168 3564 “H
1209 3529 1271 3564 τε
1320 3510 1479 3579 κόμη

435 3583 504 3637 τό
557 3602 619 3636 τε
669 3583 836 3648 εἶδος.
892 3614 948 3623 -
995 3588 1275 3651 potensJ«
1250 3589 1479 3648 «forma,

435 3662 732 3722 venustate,
763 3659 945 3723 lepore
968 3660 1334 3724 praevalensm
1360 3665 1485 3712 Pro-

437 3737 572 3801 pert.
611 3735 670 3795 3,
707 3736 799 3796 20,
835 3736 891 3783 7:
930 3736 1020 3784 Est
1067 3735 1154 3784 tibi
1185 3737 1354 3798 sonna
1382 3749 1484 3798 po-

436 3815 563 3871 tons,
599 3814 713 3859 sunt
745 3814 913 3859 castae
943 3808 1163 3860 Palladis
1197 3814 1345 3858 artes.

499 3920 550 3969 2.
604 3919 889 3983 Insperata]
945 3920 1113 3969 «Cum
1164 3921 1483 3983 necopinato

436 3992 530 4044 tibi
564 3994 936 4057 supervenerit
968 3992 1195 4043 adultior
1227 3995 1402 4054 aetas,
1453 4006 1484 4041 a

436 4081 542 4132 qua
578 4080 721 4117 nunc
756 4069 1014 4130 quantum
1042 4069 1197 4131 potes
1230 4067 1481 4131 refugis.»

438 4143 693 4192 Ceterum
728 4154 886 4192 nemo
920 4155 1045 4192 cum
1073 4142 1336 4193 Monichio
1359 4154 1485 4191 con-

438 4218 637 4266 struet:
702 4217 967 4279 Insperata
1021 4221 1140 4267 tusae
1190 4215 1479 4279 morbiue,

438 4289 563 4340 sed:
614 4292 773 4343 veniet
805 4291 1019 4343 iamiam
1053 4296 1171 4343 tuae
1199 4291 1478 4355 mor-biae.

1548 2065 1804 2116 adverbio
1838 2068 2111 2128 insperato,
2153 2069 2473 2131 «antequam
2499 2082 2596 2119 ex-

1547 2143 1812 2204 spectesn·
1802 2177 1812 2200 ,
1838 2142 1997 2191 veniet
2016 2154 2140 2205 pro.
2169 2144 2594 2206 «superveniet»

1551 2241 1608 2249 —
1637 2215 1833 2277 pluam]
1871 2214 2121 2278 «lanugo,
2171 2229 2309 2279 quae
2344 2215 2439 2266 tibi
2473 2231 2597 2268 cum

1548 2298 1714 2348 genas
1747 2290 2014 2349 vestierit,
2068 2302 2134 2338 ex
2176 2289 2401 2353 ephebis
2436 2304 2598 2342 exce-

1548 2359 1698 2410 des.»
1725 2360 2021 2411 Philostrat.
2048 2363 2142 2425 Ep.
2171 2361 2250 2412 ⁴4.
2287 2363 2594 2434 Μειρακιῳ.

1550 2434 1785 2498 Ταχέως
1831 2450 1900 2487 σε
1932 2436 2264 2503 θεασαίμην
2296 2436 2600 2504 γενειῶντα

1548 2507 1670 2558 κτλ.
1717 2512 1827 2560 Nec
1859 2524 1989 2561 vero
2025 2524 2149 2561 cum
2184 2511 2298 2563 aliis
2333 2513 2596 2578 explices:

1552 2597 1709 2634 «cum
1745 2584 1972 2644 formae,
2010 2598 2117 2649 qua
2152 2599 2295 2637 nunc
2329 2588 2595 2651 superbis,

1549 2656 1892 2721 pulchritudo
1914 2671 2120 2722 pennas
2135 2696 2148 2720 ,
2185 2659 2381 2723 quibus
2404 2660 2596 2724 avolet,

1551 2730 1654 2782 sibi
1688 2733 1916 2782 sumet.»
1958 2732 2216 2783 Videlicet
2249 2733 2606 2786 confuderunt

1543 2818 1741 2867 pennas
1756 2807 1810 2854 et
1818 2806 2073 2867 plumam3
2095 2807 2247 2858 cuius
2256 2810 2601 2873 metaphorae

1554 2880 1766 2929 tametsi
1798 2880 1884 2928 vix
1914 2879 2057 2929 aliud
2080 2882 2252 2931 exstat
2274 2881 2599 2948 exemplum,

1555 2965 1681 3002 cum
1714 2953 2046 3016 frequentior
2066 2955 2135 3004 sit
2151 2957 2245 3019 nos
2275 2970 2456 3020 ymas,
2495 2971 2601 3010 non

1553 3031 1737 3079 tamen
1758 3029 2044 3091 propterea
2069 3027 2202 3080 alius
2224 3029 2406 3080 bruma
2420 3070 2432 3092 ,
2470 3031 2602 3084 alius

1547 3114 1739 3164 poena,
1790 3115 1925 3164 naqa
1962 3100 2095 3153 alius
2134 3103 2366 3167 denique
2400 3118 2603 3170 propo-

1555 3188 1685 3226 nere
1709 3174 2007 3238 debebant,
2034 3189 2160 3226 eum
2179 3191 2233 3228 v.
2251 3179 2433 3241 pluma
2454 3193 2605 3243 egre-

1554 3250 1637 3312 gie
1661 3248 1919 3312 lanuginis
1936 3249 2210 3301 mollitiem
2229 3254 2491 3317 exprimat
2506 3256 2606 3305 mi-

1552 3337 1721 3386 reque
1758 3328 2018 3375 consonet
2039 3339 2164 3376 cum
2186 3329 2368 3377 nostro
2397 3328 2596 3390 Flam,

1554 3396 1824 3449 Gallorum
1872 3401 2042 3460 (iuvet,
2096 3399 2348 3450 Italorum
2393 3402 2597 3462 pium,

1554 3472 1623 3522 de
1655 3473 1827 3536 prima
1861 3472 2032 3522 barba
2065 3477 2336 3537 usurpato.
2384 3475 2606 3525 Accedit

1555 3548 1882 3597 Graecorum
1916 3560 2045 3597 usus
2068 3543 2275 3617 πτερὸν
2308 3561 2406 3612 pro
2429 3551 2598 3618 τριχί.

1555 3620 1804 3683 Aeschyl.
1855 3620 2094 3683 Choeph.
2153 3620 2264 3671 474.
2319 3622 2374 3670 et
2422 3622 2600 3686 Eurip.

1556 3694 1634 3745 El.
1672 3695 1793 3744 530:
1830 3690 2196 3763 βοστρύχους
2219 3688 2598 3765 ὁμοπτέρους.

1557 3769 1642 3817 Sic
1666 3766 1865 3818 πτίλον
1887 3770 1942 3817 et
1960 3767 2199 3832 plumam
2223 3770 2279 3817 et
2300 3766 2602 3832 lanuginem

1556 3843 1835 3905 significat.
1911 3840 2156 3906 Sophocl.
2221 3843 2426 3905 Fragm.
2485 3845 2600 3895 708.

1557 3916 1742 3967 Dind.:
1787 3914 1987 3966 πτίλον
2019 3912 2300 3966 κύκνειον.
2369 3918 2450 3968 Ad
2485 3932 2603 3971 rem

1558 3990 1652 4040 cfr.
1698 3988 2071 4054 Asclepiadem
2113 3991 2167 4040 in
2210 3991 2363 4042 Anth.
2403 3991 2508 4043 Pal.
2535 3996 2598 4044 11.

1556 4078 1677 4129 pag.
1714 4065 1837 4116 460:
1882 4062 2007 4115 Νῦν
2040 4066 2242 4128 αἰτεῖς,
2279 4058 2377 4116 ὅτε
2399 4064 2604 4130 λεπτὸς

1556 4134 1674 4191 ὑπὸ
1721 4136 2107 4230 κροτάφοισιν
2149 4138 2345 4204 ἴουλος
2379 4137 2599 4213 Ἓρπει,

1555 4216 1656 4265 καὶ
1709 4219 1923 4302 μηροῖς
1978 4210 2117 4279 ὀξὺς
2170 4230 2366 4268 επεστι
2423 4213 2602 4278 χνόος

1555 4287 1676 4340 κτλ.
1730 4289 1861 4341 lbid.
1899 4291 1952 4341 in
1981 4284 2217 4358 Ἄδήλῳ.
2271 4285 2418 4341 ἀλλὰ
2450 4305 2602 4360 φρο-
