3234 4975
1201 431 1319 481 Lm.
1358 430 1440 480 in.

1513 432 1571 479 e.
1610 430 1737 480 vm.
2427 424 2540 489 40⁴

732 588 932 665 Parce
974 586 1261 672 privatus
1304 586 1567 651 nimium
1613 605 1884 653 cavere:

733 709 916 774 Dona
957 708 1316 795 praesentis
1361 728 1522 795 cape
1565 706 1775 773 laetus
1819 706 2017 772 horae
2073 716 2136 771 et

1078 830 1324 918 Linque
1370 850 1617 896 severa.

527 1008 609 1059 26.
646 1021 823 1059 cavere
854 1007 1139 1075 etBbSTc,
1167 1010 1246 1059 Ct.
1302 1033 1356 1045 —
1410 1009 1492 1059 27.
1530 1023 1659 1072 rape
1687 1007 1850 1071 βχω,
1884 1020 1997 1057 var.
2036 1007 2155 1058 lect.
2192 1024 2248 1067 ι,
2285 1011 2492 1073 septem

464 1083 697 1133 Pottierii
730 1083 899 1135 Codd.
920 1122 933 1144 .
986 1085 1108 1134 LCt.
1149 1084 1226 1146 (Ut
1258 1096 1384 1144 nos,
1437 1084 1655 1147 cruquii
1697 1082 1938 1147 plerique
1958 1121 1970 1143 ,
2026 1083 2192 1133 nostri
2242 1084 2297 1133 et
2330 1086 2496 1134 ceteri

467 1156 723 1221 Bentleii.)
780 1185 835 1195 -
891 1160 973 1209 27.
1008 1159 1091 1209 28.
1144 1158 1299 1208 horae
1345 1159 1534 1221 Linque
1574 1156 1789 1217 BbSTc,
1843 1155 2009 1207 Codd.
2048 1155 2291 1219 Bentleii,
2343 1158 2498 1209 horae

466 1245 529 1281 ac
557 1233 748 1296 Linque
781 1232 910 1284 Cod.
947 1233 1179 1283 Pottieril
1209 1233 1432 1298 primus,
1468 1230 1688 1283 Aldinae
1710 1269 1722 1292 ,
1761 1232 1842 1283 Ct.
1880 1230 1948 1296 (et
1980 1231 2202 1283 inseruit
2231 1231 2498 1284 Bentleius

470 1308 605 1358 coni.
631 1345 644 1368 ,
681 1308 835 1370 ΕΒΗ.)

403 1465 547 1529 quod
567 1464 753 1516 «noli».
789 1466 930 1529 virg.
956 1467 1087 1517 Aen.
1108 1465 1157 1526 3,
1177 1466 1269 1517 42:
1292 1467 1449 1516 Parce

395 1542 512 1602 pias
548 1540 792 1591 scelerare
825 1554 1025 1591 manus.
1085 1567 1139 1578 -
1190 1540 1443 1605 privatus]

405 1614 571 1665 «Cum
605 1615 679 1666 sis
709 1616 997 1680 privatus.»
1054 1613 1237 1665 Vellei.
1264 1616 1322 1675 2,
1348 1615 1444 1665 88:

403 1689 685 1740 maecenas
715 1704 819 1740 non
856 1691 1022 1740 nunus
1060 1691 1287 1754 Api-§ppo
1319 1690 1449 1740 Cae-

403 1764 511 1812 sari
557 1777 737 1826 cartas,
803 1765 887 1814 sed
931 1766 1097 1814 nunus
1143 1764 1445 1826 honoratus,

405 1838 587 1900 (μύρρα
627 1839 760 1888 vixit
803 1839 1005 1902 αηραειι·
1036 1839 1169 1888 clavi
1197 1840 1296 1903 fine
1329 1851 1450 1887 con-

405 1916 579 1962 tentus.
651 1912 903 1973 Quamvis
926 1913 1081 1975 igitur
1102 1927 1150 1963 a.
1176 1927 1229 1963 u.
1256 1926 1305 1963 c.
1332 1913 1446 1963 725.

403 1987 739 2050 praepositus
785 1986 906 2037 urbi
957 1987 1115 2038 fuerit
1156 1986 1242 2038 vel
1276 1989 1451 2053 potius

1584 1464 1668 1513 27.
1703 1465 1903 1514 Dona-
1925 1464 2072 1529 cape]
2122 1464 2322 1516 «Codd.
2368 1464 2567 1529 aliquot

1519 1536 1721 1588 hahent
1741 1552 1886 1600 rape,
1910 1540 2070 1602 atque
2093 1539 2196 1589 hoc
2217 1542 2339 1603 post
2360 1540 2570 1591 Lambi-

1521 1626 1651 1663 num
1697 1612 1852 1662 avide
1896 1616 2190 1677 rapuerunt
2224 1615 2564 1679 lutam-etas,

1521 1690 1659 1737 etex
1676 1699 1741 1736 eo
1760 1684 1891 1738 alius
1907 1689 2028 1751 post
2044 1687 2205 1738 alium
2222 1687 2291 1738 ad
2309 1701 2567 1739 nauseam

1520 1774 1695 1825 usque
1739 1763 1984 1825 ingerunt
2018 1762 2288 1813 Ciceronis
2330 1761 2458 1813 illud
2504 1778 2571 1814 ex

1523 1837 1713 1897 Ennio,
1742 1836 1808 1886 de
1834 1836 1974 1886 Orat.
2001 1837 2050 1897 3,
2077 1836 2167 1887 40:
2210 1838 2349 1898 Vive,
2380 1838 2564 1900 Ulixes,

1523 1911 1643 1960 dum
1675 1910 1820 1970 licem
1878 1911 2044 1961 Oculis
2070 1918 2377 1974 postremum
2408 1912 2574 1963 lmen

1522 1986 1784 2035 radiatum
1805 1988 1963 2049 rape!
1992 2001 2094 2036 non
2115 1987 2248 2036 divit
2266 2000 2448 2049 cape,
2470 2002 2573 2037 non

405 2060 710 2111 huiusmodi
733 2060 905 2111 officio
932 2060 1144 2112 functus
1167 2064 1261 2124 sit,
1298 2075 1454 2127 prae-
1518 2065 1692 2122 pot&
1738 2060 1938 2111 haberet
1970 2061 2103 2110 onim
2132 2074 2333 2111 moram
2362 2074 2576 2124 speram

406 2134 530 2185 fecti
588 2148 787 2186 nomen
835 2148 943 2186 non
998 2148 1190 2199 gerens
1256 2137 1450 2200 (Hoeck
1525 2134 1587 2184 tis
1641 2134 1828 2183 diutius
1875 2148 1977 2184 esse
2024 2147 2076 2184 se
2131 2136 2418 2186 victurum:
2489 2137 2574 2186 aad

405 2210 545 2259 Rom.
598 2210 767 2260 Gosch.
821 2210 860 2260 Ι.
912 2222 965 2273 p.
1003 2209 1168 2274 3⁴2),
1237 2223 1453 2276 semper

405 2284 541 2333 intra
577 2285 886 2348 equestrem
920 2283 1228 2347 dignitatem
1263 2285 1456 2335 consti-

407 2359 470 2407 tit
488 2396 501 2420 ,
553 2358 626 2407 ita
659 2360 719 2407 ut
751 2357 1144 2420 magistratibus
1180 2370 1453 2421 nunquam

412 2431 571 2496 gestis
630 2431 744 2481 iure
792 2432 1027 2494 privatus
1090 2430 1192 2480 dici
1249 2433 1450 2495 posset.

410 2509 582 2570 Atque
634 2506 850 2555 omnino
898 2506 1044 2555 initio
1106 2507 1279 2566 certe,
1354 2506 1453 2555 etsi

408 2580 568 2643 negat
600 2578 892 2640 Bentleius,
936 2578 1273 2644 praefectura
1306 2578 1455 2629 urbis

410 2654 645 2704 officium
667 2656 784 2703 erat
806 2666 836 2702 a
857 2654 1097 2717 principe
1121 2652 1451 2712 mandatum,

413 2740 537 2789 non,
575 2727 634 2778 ut
662 2726 1048 2792 posterioribus
1077 2727 1285 2790 imperii
1316 2728 1458 2777 tem-

409 2801 647 2866 poribus,
665 2802 1004 2865 magistratus
1013 2801 1081 2863 *).
1109 2802 1310 2864 (Neque
1327 2813 1457 2850 vero

410 2876 676 2939 mm
709 2873 967 2940 (militare)
1002 2888 1236 2939 unquam
1271 2874 1460 2925 habuit

414 2951 720 3013 Maecenas,
787 2953 848 3000 ut
897 2950 1168 3000 contendit
1209 2947 1457 3011 Lfihker.)

1524 2220 1688 2269 rape.
1755 2208 1861 2256 Hoc
1891 2207 2096 2257 verbum
2128 2213 2198 2258 est
2229 2211 2300 2259 ad
2329 2209 2383 2258 id
2421 2214 2576 2272 apta-

1525 2287 1683 2331 tum.»
1718 2282 1920 2331 Verum
1952 2281 2006 2332 h.
2033 2280 2067 2332 l.
2097 2295 2193 2331 «ex
2215 2281 2463 2333 adiuncto
2487 2282 2573 2331 illo

1526 2357 1663 2406 dona
1709 2355 1992 2419 perspicue
2042 2355 2290 2406 videmus
2339 2356 2577 2406 retinen-

1528 2431 1660 2481 dum
1709 2431 1796 2480 hic
1846 2443 1966 2481 esse
2016 2444 2153 2494 cape.
2246 2430 2382 2491 Quid
2432 2432 2576 2481 enim

1530 2518 1666 2570 opus
1701 2507 1812 2566 est,
1848 2507 1909 2554 ut
1943 2519 2006 2555 ea
2040 2518 2178 2568 quae
2213 2506 2402 2555 donata
2436 2510 2570 2567 sunt,

1527 2592 1711 2642 rapere
1739 2578 1966 2630 velimus
1982 2580 2009 2628 *Γ
2065 2579 2345 2643 Rapiamus
2358 2617 2371 2641 ,
2418 2580 2464 2630 si
2497 2579 2576 2630 fas

1531 2656 1638 2714 est,
1694 2656 1883 2716 negata
1934 2656 2025 2703 ant
2073 2653 2356 2715 fugientia:
2432 2666 2572 2717 quae

1531 2726 1707 2778 oblata
1747 2731 1963 2791 praesto
2004 2730 2154 2788 sunt,
2214 2728 2488 2793 capiamus
2522 2730 2578 2778 et

1531 2814 1860 2852 sumamus.»
1926 2801 2109 2851 Bam-1..

1594 2875 1677 2925 28.
1713 2876 1905 2937 Linque
1935 2876 2123 2941 mora]
2161 2876 2432 2928 «Remlsso
2466 2876 2577 2926 ani-

1532 2963 1622 3000 mo
1656 2951 1820 3001 Genio
1854 2949 2118 3015 indulge.»

1350 3159 1646 3169 ——-

1130 3343 1854 3430 nxcpnsus

1319 3493 1658 3543 Anum.

550 3668 886 3717 hunuanus
935 3667 989 3717 in
1038 3665 1269 3729 Epistola
1313 3668 1383 3718 ad
1428 3669 1711 3719 Frankium
1744 3681 1798 3733 p.
1834 3668 1951 3721 240.
1990 3670 2214 3721 comiter
2246 3666 2393 3718 illum
2426 3668 2573 3719 relu-

421 3755 537 3802 tans
573 3752 727 3815 (Fast.
764 3752 945 3801 Horat.
982 3763 1036 3814 p.
1074 3749 1246 3812 ⁴58.):
1307 3751 1604 3802 «Octavum
1640 3765 1861 3803 carmen
1894 3752 2014 3802 libri
2059 3753 2197 3802 tertii
2219 3789 2233 3812 ,
2292 3752 2437 3815 quod
2471 3765 2571 3817 ego

420 3834 668 3886 Kalendis
701 3835 900 3886 Martiis
935 3834 1059 3884 anni
1092 3833 1206 3883 725.
1245 3834 1504 3897 scriptum
1537 3837 1742 3897 statuo,
1779 3837 1837 3885 tu
1871 3848 2010 3886 anno
2044 3835 2158 3885 729.
2226 3835 2376 3895 Mihi,
2413 3837 2473 3887 ut
2503 3838 2575 3887 ita

420 3921 678 3982 statuam,
715 3918 908 3969 sufficit
939 3917 1076 3968 liber
1109 3917 1278 3967 Cassii
1301 3917 1481 3968 Dionis
1514 3918 1720 3981 primus
1756 3921 1809 3968 et
1843 3918 2339 3981 quinquagesimus,
2377 3921 2430 3970 in
2464 3933 2572 3984 quo

418 4005 622 4066 omnia,
659 4016 797 4068 quae
820 4003 1067 4055 Horatius
1102 4001 1206 4051 hoc
1240 4001 1477 4051 carmine
1512 4002 1741 4064 attingit,
1779 4015 1846 4051 ex
1880 4001 2065 4052 ordIne
2089 4004 2386 4068 perscripta
2420 4009 2569 4056 sunt:

535 4239 571 4295 ')
612 4237 802 4282 Nomen
840 4236 1033 4293 utique,
1079 4245 1177 4279 non
1207 4245 1333 4290 rem,
1379 4232 1653 4289 desumpsit
1680 4233 1929 4289 Augustus
1958 4245 1986 4278 a
2015 4235 2262 4291 praefecto
2291 4237 2398 4282 urbl
2427 4238 2574 4283 teria-

421 4313 530 4348 rum
556 4302 832 4349 Latinarum
859 4313 1026 4348 causa.

588 4387 770 4432 Eoum.
806 4397 916 4431 vot..
953 4387 985 4430 l.
1047 4398 1125 4432 nn.
1158 4397 1311 4434 anion
1344 4383 1413 4429 ln.

2176 4387 2231 4431 26
