3234 4975
658 387 780 452 ⁴02

1421 390 1673 439 HonATu
1710 388 2043 438 CARMINUM

1346 749 2098 811 cmxvi-

992 920 1050 984 Ο
1092 928 1296 984 matre
1338 915 1607 1004 pulchra
1647 915 1779 982 filia
1819 915 2177 1004 pulchrior,

992 1040 1202 1119 Quem
1245 1037 1603 1105 criminosis
1647 1058 1903 1125 cunque
1944 1035 2125 1104 voles
2168 1037 2431 1103 modum

731 1242 738 1249 '
783 1237 909 1288 XVI.
979 1239 1144 1287 inser.
1180 1235 1318 1300 volg.
1383 1236 1663 1287 Palinodia.
1701 1263 1755 1272 —
1789 1236 1865 1287 Aa
1900 1237 2228 1298 Tyndaridem
2259 1237 2309 1286 S.
2370 1263 2424 1273 -
2455 1235 2531 1286 Ad
2569 1236 2748 1287 Tinda-

714 1313 859 1362 riden
897 1312 1088 1375 faciens
1134 1312 1414 1362 iambonam
1449 1315 1626 1373 potest.
1674 1310 1730 1360 T.
1782 1339 1836 1348 -
1880 1311 2143 1362 Palinodia
2188 1311 2449 1361 Gratiam
2497 1312 2566 1361 ad
2621 1311 2748 1372 Tyn-

715 1388 941 1437 daridem
972 1388 1191 1437 amicam
1219 1385 1388 1438 Codd.
1428 1385 1535 1437 duo
1570 1386 1843 1437 Torrentii.

716 1564 842 1614 xvi.
903 1565 1143 1615 Amicam
1174 1564 1524 1617 Archilochiis
1557 1565 1693 1614 iam-

1764 1561 1911 1625 βους
1937 1562 2236 1614 Archilochi
2260 1564 2416 1613 vocat
2431 1561 2692 1625 Meleager
2712 1564 2806 1627 Ep.
2896 1530 2901 1543 Ι

650 1622 808 1689 bn
832 1651 891 1689 se
915 1639 1191 1699 offensam,
1224 1641 1458 1690 erratum
1488 1639 1697 1689 confes-
1770 1637 1864 1686 449
1888 1675 1899 1697 ,
1954 1637 2002 1686 7.
2056 1639 2165 1687 Art.
2227 1641 2370 1702 poet.
2433 1637 2529 1687 79:
2594 1638 2812 1687 Archilo-

650 1725 761 1773 suS,
796 1711 1144 1763 reconciliare
1168 1713 1269 1764 sibi
1292 1712 1486 1763 studet.
1540 1711 1694 1772 Quod

649 1786 972 1838 Scholiastae
989 1787 1348 1849 Tyndaridem
1371 1785 1510 1836 illam
1532 1785 1694 1836 fuisse

651 1861 835 1911 dicunt
880 1860 1186 1925 habentque
1233 1861 1402 1912 Codd.
1461 1859 1696 1910 nonnulli

649 1937 720 1985 ad
757 1936 1108 1997 Tyndaridem,
1162 1935 1218 1986 id
1256 1949 1389 1985 vero
1434 1936 1533 1985 etsi
1566 1947 1698 1999 pro-

649 2009 745 2060 bat
766 2008 1133 2071 Walekenaer,
1163 2010 1405 2074 precario
1422 2013 1695 2073 sumptum

651 2086 735 2137 est
789 2098 820 2135 e
870 2086 1105 2135 carmine
1171 2086 1458 2148 sequente;
1517 2084 1697 2135 minus

654 2161 814 2210 etiam
847 2158 1123 2222 probabile
1148 2159 1324 2210 Schol.
1353 2160 1513 2223 Cruq.
1552 2172 1700 2209 com-

653 2236 928 2294 mentum,
994 2233 1278 2285 Gratidiam
1324 2246 1368 2284 s,
1422 2234 1696 2284 Canidiam

651 2321 834 2371 sagam
889 2307 1188 2369 significari.
1277 2308 1469 2368 «Quod
1514 2310 1695 2358 autem

649 2385 826 2433 Acron
858 2381 1009 2432 dicit:
1063 2383 1206 2432 Hane
1239 2383 1363 2433 oden
1406 2383 1460 2432 in
1491 2383 1697 2447 satisfa-

649 2458 860 2508 ctionem
896 2457 1020 2521 facit
1056 2458 1251 2508 arnicas
1296 2470 1531 2519 suasu,
1585 2457 1699 2507 imi-

648 2537 784 2582 tatus
838 2532 1171 2582 Stesichorum
1225 2533 1360 2582 cet.:
1422 2533 1695 2584 Horatium

649 2606 797 2657 idem
846 2607 1061 2668 secisse,
1114 2606 1259 2670 quod
1302 2609 1456 2663 antea
1498 2608 1700 2658 fecerat

650 2682 983 2733 Stesichorus
1005 2720 1017 2742 ,
1065 2684 1270 2742 narrat3
1316 2682 1535 2733 minime
1570 2681 1699 2731 dicit

646 2755 792 2807 illum
853 2757 1179 2808 nimetensis
1237 2760 1427 2821 poetae
1491 2754 1698 2821 palino—

648 2831 790 2881 diam
807 2832 1096 2884 imitatione
1116 2833 1414 2897 exprimere
1431 2830 1694 2882 voluisse»

652 2906 728 2966 (ut
772 2911 1100 2970 acceperunt
1149 2905 1383 2957 nonnulli
1429 2907 1698 2969 Interpre-

651 2977 769 3041 tes).
819 2980 980 3030 Esrna
1015 2982 1141 3032 Hor.
1179 2984 1263 3031 Pr.
1299 2994 1353 3044 p.
1392 2979 1473 3029 33.
1532 2980 1696 3028 Recte

648 3052 750 3102 hac
786 3051 854 3102 de
887 3066 947 3102 re
975 3053 1259 3119 disputavit
1274 3053 1498 3105 Hofman
1517 3050 1698 3103 Peerl-

649 3127 809 3190 kamp
843 3126 912 3176 ad
939 3141 991 3176 v.
1029 3128 1108 3178 43.
1157 3130 1233 3178 lta
1263 3140 1390 3191 ergo
1423 3125 1699 3178 dumtaxat

649 3199 1047 3263 intelligendum
1081 3200 1563 3253 celebratissimum
1598 3214 1698 3265 pa-

647 3275 876 3327 linodiae
895 3275 1201 3340 exemplum
1221 3276 1382 3327 iniisse
1406 3273 1551 3336 illud,
1588 3283 1697 3339 quo

649 3350 983 3402 Stesichorus
1008 3349 1238 3401 Helenae
1263 3351 1551 3402 criminoso
1575 3363 1697 3401 car-

649 3427 793 3477 mine
836 3423 1014 3476 laesae
1044 3424 1363 3490 deprecatus
1393 3427 1491 3476 est.
1527 3425 1590 3474 V.
1628 3423 1697 3475 ad

648 3499 816 3565 Epod.
848 3500 897 3561 7,
934 3498 1016 3550 42.
1086 3502 1221 3551 Nam
1267 3500 1545 3564 utriusque
1584 3514 1698 3549 πα-

647 3572 911 3643 λινῳδίας
961 3577 1072 3624 toto
1101 3588 1298 3638 genere
1345 3576 1505 3638 atque
1537 3587 1697 3637 argu-

648 3653 831 3701 mento
893 3650 1169 3714 spectate,
1231 3649 1420 3712 quovis
1475 3649 1695 3713 pignore

649 3725 974 3775 contendere
1007 3723 1160 3786 licet,
1200 3737 1265 3773 ex
1298 3723 1599 3774 stesichoro
1624 3724 1701 3773 ni-

650 3797 723 3849 hil
750 3812 971 3862 prorsus
1003 3799 1231 3849 mutuari
1263 3798 1500 3862 potuisse
1534 3798 1700 3848 Hora-

648 3873 798 3922 tium.
853 3871 946 3934 (De
996 3873 1155 3925 inser.
1201 3871 1367 3924 Codd.
1411 3873 1556 3922 Torr.
1599 3873 1694 3924 cfr.

648 3946 852 3998 Weber
881 3947 1053 3996 Horas
1089 3961 1144 4011 p.
1183 3947 1314 4011 ⁴59.)
1354 3948 1585 4012 Tempus
1625 3950 1701 3999 in-

651 4023 860 4073 certum
895 4024 1162 4081 remanet;
1215 4022 1415 4073 Franke
1465 4035 1513 4072 a.
1551 4036 1604 4072 u.
1645 4038 1694 4074 c.

649 4098 763 4156 725,
789 4094 1047 4146 Kirchner
1067 4095 1182 4157 726,
1209 4094 1555 4148 Walckenaer
1578 4097 1693 4147 727.

717 4246 766 4295 2.
805 4245 852 4295 3.
890 4238 1551 4318 criminosi-*Jtisspcmffpag
1569 4241 1700 4313 ἰάμ-

1765 1711 1911 1761 chum
1935 1713 2146 1774 proprio
2178 1713 2343 1762 rabios
2371 1713 2593 1762 armavit
2626 1713 2807 1763 iambo,

1769 1783 1953 1835 Catull.
1991 1785 2072 1845 36,
2116 1787 2164 1835 5.
2236 1786 2701 1837 Ονὴηὶποείεείτηυω
2746 1787 2813 1835 li—

1767 1859 1913 1909 emm
1956 1859 2083 1910 dixit
2124 1860 2285 1910 etiam
2328 1862 2470 1911 Suet.
2521 1862 2673 1913 Caes.
2726 1861 2808 1911 75.

1770 1935 2021 1984 Ceterum
2051 1947 2176 1985 cum
2224 1936 2397 1985 totum
2440 1937 2814 1998 argumentum

1768 2008 1954 2059 fletum
1988 2021 2107 2060 esse
2142 2008 2386 2060 videatur
2405 2048 2418 2072 ‚
2454 2010 2553 2060 hos
2598 2022 2812 2073 quoque

1766 2082 1979 2133 iambos
2013 2083 2427 2136 contumeliosos
2449 2097 2722 2147 nunquam
2743 2082 2813 2133 ab

1770 2158 1983 2208 Horatio
2006 2159 2234 2222 scriptos
2252 2172 2373 2209 esse
2397 2161 2815 2210 consentaneum

1770 2235 1869 2283 est.
1941 2233 2153 2283 Frustra
2186 2235 2333 2283 certe
2367 2247 2462 2284 eos
2490 2246 2718 2296 quaeres
2760 2233 2815 2284 in

1770 2305 1992 2370 Epodis;
2044 2319 2368 2371 quamquam
2404 2307 2691 2358 Grotefend
2722 2321 2815 2357 re-

1770 2380 1871 2430 fert
1892 2379 1962 2430 ad
1984 2380 2150 2445 Epod.
2181 2382 2291 2440 ⁴5„
2325 2383 2526 2432 Franke
2550 2383 2619 2432 ad
2643 2382 2808 2446 Epod.

1771 2455 1850 2505 ⁴7.
1881 2456 1947 2520 (v.
1969 2454 2069 2519 42.)
2105 2457 2199 2508 Est
2217 2457 2355 2507 inter
2376 2455 2568 2507 multas
2591 2469 2682 2507 eas
2704 2469 2810 2517 res,

1769 2542 1904 2592 quas
1978 2544 2120 2581 1111110
2181 2545 2402 2596 prorsus
2476 2532 2780 2593 ignoramus
2797 2569 2809 2591 ,

1770 2617 2018 2669 quaeque
2047 2606 2119 2657 ad
2151 2607 2314 2670 ipsius
2340 2606 2591 2657 carminis
2623 2603 2814 2654 intelli-

1770 2681 2002 2743 gentiam
2033 2679 2160 2731 nihil
2194 2682 2432 2731 attinent.
2481 2681 2586 2731 Cfr.
2622 2678 2816 2730 Dillen·

1769 2754 2061 2818 burgerum
2108 2769 2163 2820 p.
2200 2754 2282 2806 40.
2335 2780 2392 2790 -
2426 2755 2645 2818 mode
2692 2754 2811 2804 Sive

1770 2829 1956 2880 fictum
1979 2833 2062 2880 est
2082 2832 2454 2893 argumentum
2483 2842 2579 2880 seu
2602 2840 2810 2888 venun,

1770 2903 1875 2954 hoc
1909 2903 2063 2953 dicit:
2104 2905 2323 2965 modum,
2371 2903 2572 2954 «finem
2596 2903 2811 2966 impone

1769 2979 1905 3029 meis
1973 2979 2026 3028 in
2088 2979 2143 3027 te
2213 2978 2595 3029 carminibus»
2680 2980 2813 3028 Nam

1771 3051 1966 3115 quibus
2008 3051 2175 3103 rebus
2222 3052 2416 3103 modus
2461 3053 2698 3115 ponitur,
2759 3055 2816 3103 ut

1770 3127 1898 3187 irae,
1929 3125 2111 3188 luctui,
2149 3127 2333 3186 amori,
2378 3125 2644 3177 desiderio
2697 3126 2808 3189 (Od.

1771 3203 1819 3263 ⁴,
1871 3201 1953 3263 24,
2009 3202 2104 3265 4.),
2176 3215 2271 3252 080
2327 3199 2484 3251 simul
2540 3200 2808 3251 finiuntur.

1770 3278 1917 3327 Hanc
1976 3277 2241 3327 rationem
2298 3274 2569 3338 volgarem
2636 3273 2812 3325 «felici

1768 3350 2015 3401 audacia»
2064 3349 2329 3401 transtulit
2374 3350 2534 3403 etiam
2578 3349 2647 3400 ad
2693 3363 2814 3400 car-

1770 3425 1929 3477 mina.
1987 3426 2096 3476 Cic.
2126 3426 2277 3476 Verr.
2310 3426 2359 3485 2,
2396 3426 2446 3484 2,
2483 3424 2575 3476 48:
2610 3426 2815 3475 modum

1770 3505 1816 3551 et
1842 3502 1991 3564 finem
2019 3502 2201 3564 facere.
2272 3501 2366 3551 Est
2392 3499 2574 3562 igitur:
2616 3496 2812 3549 «Abole

1770 3572 1902 3636 illos,
1938 3576 1997 3624 ut
2029 3573 2195 3636 voleS,
2229 3575 2343 3626 sive
2379 3573 2668 3625 cremando
2697 3573 2810 3624 sive

1769 3649 1823 3699 111
1856 3662 2005 3700 mare
2038 3648 2386 3700 deficiendo.»
2439 3650 2814 3698 1111131111οιηο-

1769 3737 1890 3774 rare
1930 3724 2207 3775 mirificam
2249 3724 2419 3775 Hoim.
2467 3723 2811 3788 Peerlkampii

1771 3800 1936 3849 coni.:
1987 3801 2124 3861 Quas
2152 3799 2430 3849 criminosis
2459 3812 2654 3861 cunque
2681 3798 2814 3848 voles

1768 3875 1929 3923 modis
1977 3875 2167 3924 Poenas
2212 3872 2425 3935 parabis
2475 3876 2577 3924 cet.
2669 3872 2810 3922 Talia

1771 3949 1915 3998 enim
1950 3949 2116 4011 magis
2147 3949 2305 3999 etiam
2329 3947 2620 3999 exhilarent
2650 3946 2815 3999 lecto-

1770 4036 1889 4073 rem
1919 4035 2142 4072 necesse
2174 4025 2257 4073 est
2277 4023 2457 4074 iocoso
2480 4024 2534 4073 in
2557 4024 2809 4085 carmine,

1772 4099 2068 4148 cuiusmodi
2104 4098 2207 4148 hoc
2243 4099 2350 4157 est;
2386 4097 2439 4147 in
2462 4098 2602 4148 serio
2635 4098 2814 4148 huius-

1772 4172 1917 4224 modi
1957 4170 2328 4223 hariolationes
2383 4171 2583 4222 referre
2634 4172 2815 4236 piacu-

1772 4246 1882 4298 lum
1910 4247 2060 4297 foret.
2104 4273 2155 4282 --
2212 4245 2405 4311 iambis]
2441 4248 2525 4298 Sic
2557 4260 2657 4311 pro
2685 4251 2815 4310 poe-
