3234 4975
623 407 746 473 254

962 565 1329 632 Crederem.

1421 564 1549 630 Sed
1594 574 1691 637 tu,

1394 409 1650 459 noum!
1686 409 2022 459 CARMINUM

2752 562 2792 623 Gt

1749 563 1936 629 simul
1984 562 2279 650 obligasti

963 685 1283 752 Perfidum
1340 686 1503 750 votis
1548 695 1768 773 caput,
1818 684 2118 751 enitescis

964 806 1297 872 Pulchrior
1339 805 1538 870 multo
1584 804 2020 891 iuvenumque
2066 803 2288 890 prodis

1216 924 1479 992 Publica
1524 947 1700 991 cura.

964 1085 1234 1173 Expedit
1278 1084 1494 1150 matris
1541 1084 1801 1149 cineres
1848 1092 2112 1169 opertos

967 1205 1212 1272 Fallere
1257 1216 1321 1271 et
1366 1214 1495 1271 toto
1540 1204 1854 1270 taciturna
1900 1204 2106 1270 noctis

2723 1204 2797 1268 10

967 1329 1162 1415 Signa
1204 1347 1351 1393 cum
1396 1324 1577 1392 caelo
1624 1322 1969 1412 gelidaque
2016 1324 2202 1390 divos

1221 1449 1419 1513 Morte
1462 1457 1780 1512 carentes,

762 1640 841 1687 ⁴0.
881 1638 1103 1686 tacitura
1136 1636 1191 1686 b.
1233 1663 1288 1671 --
1330 1638 1408 1686 ⁴2.
1448 1639 1670 1687 carentis
1705 1639 1801 1688 BT.

696 1806 744 1853 5.
800 1802 1077 1865 Crederem]
1114 1801 1333 1852 «Fidem
1380 1801 1677 1853 tribuerem
1752 1804 1802 1863 2,
1840 1804 1930 1863 25,
1956 1802 2044 1854 43:
2090 1802 2285 1853 Vidistis
2326 1804 2578 1864 quondam
2610 1804 2801 1867 Argiva

633 1879 732 1928 iuri
782 1875 1003 1927 iurando
1040 1879 1157 1935 tuo,
1213 1876 1333 1938 quia
1387 1879 1501 1926 tum
1550 1890 1682 1941 spe-

634 1965 811 2002 rarem
858 1953 909 2000 te
955 1951 1217 2014 promissa
1260 1953 1347 1999 tua
1393 1954 1681 2000 exsecutu-

634 2039 775 2084 ram;
803 2038 1024 2075 caveres
1050 2025 1192 2073 enim
1216 2023 1310 2072 tibi
1328 2038 1355 2073 a
1377 2025 1676 2083 mendacio,

633 2097 803 2151 semel
837 2111 1010 2162 poena
1045 2096 1363 2147 admonita.»
1417 2098 1563 2149 Nulla
1599 2102 1682 2150 est

633 2174 1021 2225 sententiarum
1067 2173 1325 2221 connexio
1365 2173 1415 2221 in
1451 2172 1682 2222 Scholia·

634 2251 837 2300 starum
882 2249 938 2297 et
968 2245 1192 2296 aliorum
1235 2247 1682 2311 interpretationi-

634 2325 764 2375 bus:
812 2323 1104 2372 Crederem
1139 2320 1272 2371 deos
1307 2334 1427 2371 esse
1463 2324 1679 2386 periurii

636 2397 940 2456 vindices»;
976 2394 1085 2445 vel:
1110 2395 1449 2445 --Crederem
1472 2395 1574 2446 tale
1598 2397 1680 2447 ius

635 2471 919 2524 iurandum
954 2473 1103 2520 tuum
1154 2469 1254 2521 diis
1305 2483 1427 2521 esse
1477 2471 1678 2521 cordi.»

640 2575 695 2585 —
741 2546 913 2611 simul]
969 2545 1329 2609 «simulatque
1380 2559 1480 2609 per
1523 2547 1683 2609 caput

635 2626 787 2672 tuum
811 2621 975 2671 fldem
992 2618 1148 2669 alicui
1172 2621 1371 2680 iurasti,
1397 2632 1517 2670 eam
1534 2633 1678 2679 mox,

636 2698 696 2746 ut
729 2695 898 2755 solea,
935 2693 1244 2744 violatura.»
1284 2694 1570 2758 obligamus
1589 2707 1683 2743 ca—

630 2776 725 2833 put
755 2771 906 2828 votis,
958 2769 1009 2818 id
1046 2772 1153 2828 est,
1198 2769 1261 2818 iis
1296 2766 1473 2826 malis,
1521 2781 1679 2830 quae,

638 2845 680 2894 si
735 2842 1077 2893 refellet-imus
1128 2841 1319 2900 fidem,
1376 2841 1533 2891 nobis
1582 2843 1683 2905 ipsi

638 2919 1013 2981 imprecamur.

704 2993 753 3040 7.
785 2993 834 3041 8.
868 2990 1056 3053 prodis]
1084 2989 1256 3039 «foras
1279 2990 1331 3038 in
1356 2987 1683 3052 publicum.»

641 3065 774 3117 «Ubi
818 3077 918 3127 per
960 3062 1164 3127 plateas
1210 3062 1440 3124 incedis,
1495 3075 1685 3113 omnes

639 3142 861 3190 iuvenes
900 3139 952 3187 in
988 3140 1039 3187 te
1075 3137 1299 3201 cupidos
1335 3136 1519 3188 oculos
1556 3150 1688 3187 con-

638 3215 881 3264 iiciunt.»
924 3238 978 3247 -
1015 3210 1253 3261 Verbum
1300 3215 1482 3262 autem
1511 3213 1689 3274 prodis

641 3302 748 3339 non
782 3285 1091 3350 simpliciter
1125 3300 1250 3336 cum
1294 3286 1556 3337 nonnullis
1591 3301 1689 3336 ex-

639 3362 824 3428 plicari
859 3360 1024 3411 debet
1058 3361 1178 3421 «fia,
1217 3374 1278 3410 es
1316 3361 1551 3423 (cura)»‚
1588 3361 1688 3412 sed

640 3440 804 3488 etiam
853 3435 998 3499 apud
1044 3435 1283 3485 Persium
1330 3434 1465 3485 Prol.
1509 3437 1580 3496 3.,
1633 3442 1691 3486 ut

638 3517 838 3575 repente
857 3511 928 3560 sic
955 3514 1108 3572 poeta
1130 3512 1420 3572 prodirem,
1459 3512 1689 3575 primam

641 3586 1079 3650 significationem
1112 3587 1332 3635 retinet:
1388 3586 1476 3635 «in
1513 3586 1691 3635 homi-

639 3675 770 3712 num
804 3663 1097 3722 conspectu
1137 3661 1342 3709 versari
1388 3660 1559 3723 iisque
1587 3673 1692 3721 pu-

640 3737 819 3785 blicam
852 3747 1051 3794 curam,
1079 3738 1287 3795 poetam
1318 3735 1542 3783 videri.»
1580 3734 1685 3784 Cir.

642 3809 740 3860 Od.
779 3809 838 3867 3,
880 3808 968 3869 44,
1007 3809 1055 3858 6.
1101 3807 1357 3859 Absolute
1393 3809 1553 3859 etiam
1582 3810 1692 3858 Lu-

644 3884 779 3933 cian.
838 3882 966 3933 Dial.
1004 3895 1139 3933 mer.
1178 3884 1235 3945 6,
1271 3885 1329 3933 2:
1383 3877 1553 3953 ὁρᾷς,
1591 3880 1692 3932 οἶα

644 3955 898 4028 πρόεισις
946 3958 1198 4009 Chariton
1241 3971 1358 4021 pag.
1397 3958 1477 4007 34.
1518 3960 1686 4022 Lips:

644 4029 780 4084 οὐδὲ
815 4028 1017 4102 προῄει
1048 4028 1122 4082 τὰ
1155 4028 1358 4082 πολλά.
1404 4031 1590 4083 Tibull.
1632 4033 1687 4094 4,

645 4109 699 4168 9,
739 4108 827 4157 7οτ
880 4106 1108 4169 (semina)
1147 4108 1295 4169 Tyrio
1320 4108 1535 4169 prodeat
1566 4113 1694 4170 apta

644 4184 772 4231 sinu.
833 4180 992 4240 ld.4‚
1031 4182 1088 4240 2,
1127 4183 1215 4230 44;
1258 4182 1391 4243 Urit,
1428 4183 1692 4244 senfin-ia

642 4256 798 4305 voluit
826 4257 1093 4317 procedere
1120 4256 1263 4317 palia
1297 4258 1398 4306 cet.
1446 4259 1687 4319 Propert.

1747 1879 1954 1941 prodire
1989 1880 2058 1941 (in
2093 1876 2384 1941 publicum,
2413 1878 2683 1938 procedere
2708 1878 2800 1927 do—

1753 1967 1835 2002 mo
1869 1954 1990 2002 Sen.
2028 1952 2096 2001 de
2139 1952 2220 2000 Ira
2256 1952 2312 2011 2,
2363 1952 2431 2011 7.)
2464 1954 2663 2015 fimare,
2715 1952 2803 2000 Vi-

1755 2028 1894 2076 distis
1922 2031 2148 2075 nostras:
2195 2030 2411 2086 utraque
2441 2025 2612 2088 forma
2642 2027 2795 2087 rapit.

1760 2126 1814 2136 —-
1851 2100 1995 2163 cura]
2031 2102 2269 2163 Propert.
2308 2101 2367 2156 2,
2405 2100 2495 2156 25,
2537 2101 2592 2148 4;
2647 2100 2803 2150 Unica

1753 2180 1880 2224 nata
1908 2188 2016 2224 meo
2041 2174 2386 2237 pulcherrima
2415 2187 2548 2222 cura
2580 2175 2757 2223 dolori

1819 2249 1868 2298 9.
1919 2249 2153 2311 Expedit]
2209 2249 2455 2311 «Itaque,
2510 2261 2634 2298 cum
2683 2250 2801 2311 ipso

1753 2323 1989 2386 periurio
2053 2322 2337 2372 formosior
2399 2334 2618 2385 semper
2673 2322 2799 2381 flas,

1754 2397 1977 2460 prodest
2021 2394 2224 2445 scilicet
2269 2394 2362 2445 tibi
2412 2394 2593 2446 fallere
2639 2395 2802 2445 fldem

1755 2486 1879 2522 cum
1914 2473 2028 2522 iure
2063 2469 2287 2521 iurando
2323 2484 2423 2535 per
2457 2471 2641 2522 matris
2676 2473 2798 2522 tuae

1755 2548 2021 2608 cinerem,
2060 2559 2157 2610 per
2190 2548 2366 2597 omnia
2391 2546 2598 2608 sidera,
2637 2550 2803 2597 testes

1755 2621 1971 2681 amoris,
2007 2619 2215 2680 datam,
2285 2634 2584 2684 securaque
2637 2619 2806 2671 violas

1755 2695 1952 2755 infera,
2010 2708 2234 2758 supera,
2294 2695 2430 2745 deos
2477 2694 2805 2745 immortales

1755 2771 1954 2833 ipsos»
2022 2770 2204 2818 iurare
2229 2771 2408 2819 autem
2432 2768 2678 2818 solebant
2707 2783 2806 2832 per

1758 2846 1968 2893 cineres
2002 2855 2240 2894 suorum.
2314 2845 2421 2893 Cic.
2461 2857 2559 2906 pro
2596 2844 2801 2902 Quinct.

1759 2919 1814 2968 34
1840 2933 1851 2967 z
1906 2919 2178 2968 obsecravit
2214 2931 2311 2980 per
2340 2918 2522 2981 fratris
2554 2919 2632 2966 sui
2663 2932 2807 2966 mor-

1758 2994 1832 3042 tui
1854 2994 2085 3042 cinerem.
2113 2990 2297 3042 Tibull.
2325 2994 2381 3053 2,
2408 2993 2438 3041 6
2458 3030 2469 3052 ,
2497 2991 2587 3042 29:
2624 2994 2802 3052 Parce,

1751 3081 1848 3129 per
1881 3069 2155 3116 immatura
2188 3072 2303 3116 tuae
2328 3081 2512 3129 precor
2538 3081 2651 3116 ossa
2671 3081 2810 3116 soro-

1757 3145 1861 3195 ris:
1908 3143 1990 3192 Sic
2026 3141 2142 3191 bene
2172 3141 2260 3190 sub
2294 3147 2464 3191 tenera
2488 3154 2661 3203 parva
2692 3143 2807 3203 qui-

1760 3222 1892 3267 escat
1938 3217 2104 3265 humo,
2173 3218 2414 3279 Propert.
2453 3216 2510 3276 2,
2565 3217 2654 3277 20,
2711 3218 2802 3265 45:

1763 3290 1888 3340 Ossa
1919 3290 2006 3339 tibi
2039 3291 2153 3339 iuro
2181 3304 2277 3352 per
2307 3291 2488 3338 matris
2520 3295 2567 3339 et
2587 3303 2698 3339 ossa
2712 3304 2809 3351 pa-

1761 3367 1941 3415 rentis:
1992 3365 2048 3414 Si
2079 3365 2231 3427 fallo,
2286 3366 2411 3414 cinis
2452 3365 2546 3413 heu
2585 3366 2647 3414 sit
2686 3364 2808 3414 mihi

1761 3445 1968 3502 uterque
1999 3440 2206 3502 qravis!
2241 3440 2383 3501 virg.
2420 3441 2550 3488 Aen.
2584 3440 2641 3499 6,
2679 3439 2803 3489 458:

1762 3513 2253 3574 Persideraiw-o,
2301 3513 2810 3574 Pereuperosetsi

1763 3601 1868 3648 qua
1912 3588 2034 3651 fides
2089 3587 2264 3636 tenure
2311 3586 2399 3636 sub
2454 3588 2561 3636 ivm
2607 3592 2692 3636 est.
2751 3613 2805 3623 -

1764 3661 1972 3724 Fallere]
2007 3663 2072 3711 ut.
2100 3662 2228 3711 Aen.
2267 3662 2324 3721 6,
2362 3661 2484 3711 324:
2538 3660 2710 3725 (Styx)
2745 3661 2811 3710 Di

1762 3738 1904 3786 maius
1934 3736 2109 3785 iurare
2141 3736 2313 3785 timent
2333 3741 2382 3785 et
2397 3736 2573 3798 sallem
2608 3747 2806 3784 nmen.

1832 3811 1911 3861 40.
1950 3811 2223 3874 taciturna]
2258 3811 2398 3872 Virg.
2426 3813 2555 3858 Aen.
2583 3811 2641 3868 2,
2679 3809 2807 3858 255:

1763 3886 1947 3936 tacitae
1971 3899 2069 3948 per
2101 3887 2273 3935 amica
2302 3884 2498 3933 silemia
2530 3884 2696 3932 lunae.

1831 3962 1911 4011 43.
1973 3963 2132 4010 Venus
2177 3958 2306 4022 ipsa]
2358 3959 2442 4007 Sic
2491 3957 2637 4007 haud
2687 3969 2812 4006 raro

1766 4036 1834 4086 de
1869 4036 1978 4096 dis,
2027 4047 2163 4097 quos
2198 4034 2351 4096 quasi
2387 4035 2554 4082 testes
2590 4043 2812 4081 suarum

1765 4109 1847 4160 vel
1884 4109 2260 4173 cogitationum
2292 4105 2377 4156 vel
2413 4107 2683 4156 actionum
2721 4105 2816 4154 ho·

1766 4185 1938 4233 mines
1986 4180 2268 4246 appellant.
2351 4181 2499 4231 Ovid.
2551 4182 2675 4230 Her.
2723 4177 2808 4227 49.

1767 4258 1885 4306 459:
1926 4258 2068 4319 Quod
2099 4258 2275 4305 timeas
2305 4270 2405 4306 non
2439 4261 2536 4305 est:
2578 4268 2702 4304 aueo
2731 4254 2815 4302 Ve-
