3234 4975
1220 401 1338 451 LlB.
1377 401 1416 449 1.

788 555 1116 644 Quidquid
1160 556 1245 624 de
1285 554 1547 645 Libycis
1590 554 1866 621 verritur
1909 555 2098 622 areis,

1490 401 1547 450 c,
1588 401 1625 448 1.
1991 409 2000 422 ¹
2482 395 2523 456 5

2440 552 2522 618 ⁴0

787 677 1187 745 Gaudentem
1227 677 1469 764 patrios
1512 676 1760 744 findere
1804 675 2057 744 sarculo

785 801 988 887 Agros
1032 797 1313 865 Attalicis
1358 796 1844 865 condicionibus

494 981 571 1029 ιο.
612 980 773 1040 areis,
811 979 1117 1028 caudeam
1151 978 1230 1027 ct.

360 1139 469 1186 tota
505 1137 605 1186 hac
641 1133 874 1186 clausula
906 1136 985 1185 sic
1016 1147 1102 1184 vv.
1128 1136 1406 1185 construa-

359 1224 509 1260 mus:
554 1212 686 1259 hunc
720 1212 774 1258 et
805 1209 945 1258 illum
985 1209 1153 1268 iuva&
1197 1222 1303 1272 qua
1338 1208 1406 1259 de

358 1298 420 1334 re
444 1297 622 1344 nemo,
660 1287 719 1333 ut
739 1284 941 1347 opinor,
968 1282 1280 1344 dubitasset,
1308 1283 1407 1333 nisi

356 1359 678 1422 interpretes
721 1359 819 1420 ipsi
861 1359 1043 1408 nescio
1085 1371 1217 1421 quas
1268 1357 1408 1407 diffl-

357 1431 585 1483 cultates
627 1433 919 1482 movissent
959 1431 1045 1482 alii
1095 1431 1245 1482 aliter
1289 1434 1409 1482 iun-

357 1511 574 1571 gentes:
626 1507 673 1570 Ι)
707 1508 849 1556 iuvat
877 1508 1009 1556 hunc
1047 1534 1100 1544 --
1138 1509 1305 1568 illm,
1349 1509 1411 1556 ut

356 1594 487 1640 nos3
522 1581 576 1645 2)
599 1582 753 1631 evehit
773 1583 841 1631 ad
862 1584 977 1631 deos
994 1582 1142 1643 hunc,
1163 1610 1217 1618 -
1238 1583 1407 1642 mmm

352 1657 415 1720 5)
448 1658 577 1706 hunc
604 1685 657 1692 —
684 1658 826 1706 illum
844 1671 1106 1719 nunquam
1127 1658 1407 1716 dunowa&

356 1731 414 1794 a)
464 1731 653 1779 nobilis.
736 1732 1006 1780 Terrarum
1056 1732 1279 1781 dominos
1322 1731 1406 1794 (de

358 1805 607 1854 Romanis
642 1804 771 1855 salso
794 1804 1130 1869 explicantes)
1166 1807 1322 1856 evehit
1342 1807 1410 1855 αα

357 1880 501 1940 deos,
539 1882 666 1929 item
698 1881 828 1930 htmc
865 1907 919 1916 —-
954 1881 1111 1930 inum.
1184 1882 1407 1944 Copiose

358 1956 419 2003 et
450 1955 501 2003 in
522 1953 791 2018 plerisque
815 1958 961 2004 recte
983 1956 1188 2019 primus
1214 1956 1281 2005 de
1304 1956 1408 2006 hoc

356 2027 476 2078 loco
519 2029 803 2092 disputavit
852 2030 1138 2080 Lambinus
1191 2030 1258 2080 ad
1303 2032 1408 2080 Lu-

359 2104 491 2152 cret.
530 2102 579 2163 4,
619 2104 761 2153 4462.
789 2131 843 2140 —-
866 2105 1235 2154 coniecturam
1253 2118 1406 2155 suam

360 2177 819 2226 nobilis--evshorc
838 2177 1106 2228 Bentleius
1130 2191 1409 2229 commen-

360 2251 455 2301 dat
504 2253 586 2302 his
637 2253 895 2315 imprimis
937 2252 1121 2303 similis
1164 2255 1407 2303 constru-

361 2326 549 2376 ctionis
591 2329 824 2376 Graecae
866 2326 1123 2391 exemplis
1166 2328 1407 2377 Horatia—

360 2401 467 2450 nis:
516 2401 611 2450 Od.
652 2402 699 2461 4,
739 2401 818 2462 42,
854 2402 944 2451 26:
991 2415 1233 2465 superare
1262 2402 1405 2451 nobi-

358 2476 470 2525 lem.
541 2475 636 2526 od.
677 2477 724 2536 4,
764 2475 843 2536 37,
882 2478 969 2527 4οε
1015 2478 1256 2539 impotens
1293 2490 1405 2538 spe—

360 2564 496 2599 rare.
567 2550 662 2599 Od.
701 2550 749 2610 3,
790 2552 869 2610 42,
901 2552 989 2601 44;
1027 2557 1169 2601 catus
1188 2552 1406 2601 iaculari

360 2651 388 2661 -
410 2651 437 2661 -
460 2651 488 2661 -
510 2625 638 2674 celer
669 2626 912 2687 avcipore.
983 2625 1077 2675 Od.
1116 2625 1165 2685 4,
1205 2628 1284 2687 42,
1312 2626 1398 2674 49:

361 2701 550 2748 donare
582 2699 758 2762 lamus
776 2725 805 2735 —
828 2726 858 2736 -
880 2700 1044 2750 eluere
1081 2701 1264 2764 officum
1295 2702 1398 2751 cet.

362 2776 528 2824 Nemo
564 2774 781 2837 recepit.

426 2850 504 2897 44.
543 2849 861 2913 GaudentemJ
901 2850 1043 2899 «Non
1068 2851 1165 2911 est,
1204 2852 1262 2899 ut
1283 2850 1411 2913 qui-

358 2923 485 2972 dam
519 2927 855 2986 censuerunt,
895 2924 1095 2989 pictura
1133 2926 1398 2985 rusticani,

356 2998 521 3048 rebus
556 2999 663 3048 suis
700 3013 727 3047 a
757 3002 909 3062 patre
933 2999 1032 3049 sibi
1058 2999 1249 3050 relictis
1273 3013 1402 3049 con-

357 3073 489 3121 tenti
525 3075 579 3121 et
612 3073 663 3121 in
698 3072 967 3136 praediolo
1002 3087 1099 3124 suo
1123 3072 1399 3137 tranquille

354 3147 624 3210 degentiS,
662 3147 759 3198 sed
794 3150 973 3199 rustici
996 3146 1267 3199 laboribus
1300 3161 1400 3212 op-

352 3223 552 3285 pressi,
591 3222 675 3270 cui
710 3235 869 3285 asper
909 3226 964 3272 et
993 3236 1185 3287 parum
1219 3221 1399 3273 fertilis

352 3309 509 3358 ager,
558 3308 719 3357 quem
755 3309 788 3345 a
828 3298 979 3360 patre
1016 3298 1246 3362 accepit,
1292 3311 1398 3347 non

348 3383 451 3433 per
484 3368 699 3419 bellicas
734 3371 1094 3434 expeditiones
1118 3371 1201 3422 vel
1235 3386 1399 3435 nego-

350 3445 623 3494 tiationem
658 3443 938 3496 latifundiis
961 3448 1121 3506 auxit,
1155 3459 1259 3496 non
1283 3448 1395 3497 sine

349 3531 605 3567 aerumna
649 3518 860 3569 sarculo
901 3519 1226 3582 subigendus
1262 3524 1394 3572 est.»

352 3594 694 3642 Eicnsumus.
765 3593 931 3644 Afl'ert
972 3596 1074 3644 Fea
1118 3594 1395 3659 Apuleium

348 3666 539 3717 Florid.
584 3667 630 3715 2.
668 3668 727 3717 Ν.
768 3668 847 3717 ⁴5.
896 3667 963 3717 de
1003 3670 1162 3718 Samo
1196 3668 1391 3720 insula:

344 3742 483 3804 Ager
511 3740 758 3802 frumento
784 3742 949 3806 piger,
986 3749 1165 3793 aratro
1196 3745 1391 3805 irritus,

346 3815 608 3877 secundior
628 3816 821 3877 oliveto,
844 3830 935 3866 noc
953 3817 1160 3867 vinitori
1186 3832 1277 3868 nec
1297 3818 1394 3868 ola·-

346 3890 448 3938 tori
480 3890 734 3951 scalpitur.
788 3892 1000 3941 Rus-atio
1023 3893 1182 3941 omnis
1202 3893 1255 3942 in
1275 3906 1393 3941 sar-

345 3964 523 4013 culoet
544 3965 770 4023 ,νωτιαίῳ
794 3972 1266 4028 quorumprwentu
1284 3980 1396 4016 ma-

343 4038 944 4100 qisrmctuosainsulaest
961 4042 1385 4106 qumnfruqifera.

352 4138 407 4147 —-
430 4111 656 4163 Alterius
672 4112 911 4164 lectionis
927 4117 1147 4166 scindere
1163 4129 1301 4178 quae
1324 4116 1392 4165 sit

344 4187 649 4248 auctoritas,
674 4201 780 4239 non
802 4187 995 4252 liquet;
1033 4202 1158 4241 nam
1187 4192 1388 4241 certam

346 4260 556 4312 Codicis
606 4260 826 4314 alicuius
876 4262 1113 4315 nondum
1156 4266 1384 4330 repperi.

1480 1134 1538 1184 Id
1594 1147 1723 1184 vero
1778 1134 1899 1184 novi
1954 1135 2240 1199 utrumque
2295 1135 2520 1187 verbum

1482 1210 1643 1259 etiam
1667 1207 1789 1258 alibi
1814 1209 2079 1269 confundi,
2116 1212 2175 1259 ut
2196 1210 2342 1262 Ovid.
2369 1211 2519 1262 Trist.

1481 1285 1530 1344 5,
1555 1284 1604 1344 2,
1633 1283 1712 1332 62.
1753 1284 1829 1332 De
1865 1285 2041 1332 aratro
2075 1283 2293 1347 quidem
2316 1299 2365 1335 v.
2390 1287 2524 1335 scin-

1481 1359 1596 1407 dere
1619 1358 1925 1420 frequenter
1946 1360 2257 1422 usurpatum
2282 1372 2403 1410 esse
2427 1360 2525 1409 de-

1481 1433 1780 1481 monstrant
1827 1432 1961 1481 haec
2017 1432 2284 1497 exempla:
2355 1433 2520 1485 Plaut.

1481 1505 1620 1555 Trin.
1647 1507 1698 1565 2,
1725 1505 1773 1566 4,
1804 1507 1923 1556 422;
1964 1506 2094 1555 otim
2113 1511 2253 1556 terra
2273 1521 2524 1570 cumpro-

1479 1579 1722 1628 scinditur
1738 1618 1749 1640 ,
1819 1581 1877 1630 In
1926 1581 2096 1642 quinto
2145 1596 2340 1644 quoquo
2390 1584 2526 1632 sulco

1479 1654 1767 1703 nior-iuncus·
1808 1654 1964 1704 boves.
2035 1657 2224 1706 Accius
2266 1657 2433 1707 Bothii
2466 1671 2518 1721 p.

1482 1729 1595 1778 226.
1644 1729 1711 1778 de
1755 1728 2078 1780 aratoribus:
2142 1731 2202 1780 Ut
2243 1731 2526 1781 rorulentos

1481 1807 1646 1852 terras
1675 1803 1812 1865 ferro
1844 1804 2043 1867 mfidas
2070 1806 2400 1855 Proscindant
2418 1806 2523 1870 91⁰-

1482 1877 1585 1926 bas.
1657 1877 1796 1939 Virg.
1843 1880 1935 1927 Ge.
1981 1880 2032 1939 2,
2081 1879 2200 1928 399:
2262 1882 2527 1941 quotannis

1484 1952 1670 2013 Terque
1703 1955 1977 2013 quaterque
2007 1953 2166 2002 solum
2185 1955 2518 2005 scindendum.

1480 2026 1612 2075 lbid.
1652 2026 1700 2086 3,
1741 2027 1851 2085 ⁴60„
1912 2028 2115 2077 Seneca
2147 2029 2335 2078 Troad.
2376 2030 2518 2079 4024.

1478 2100 1539 2149 V.
1594 2102 1784 2164 findere
1831 2100 2049 2164 quidem
2101 2102 2294 2153 eadem
2344 2103 2412 2153 de
2465 2118 2522 2153 re

1480 2179 1705 2238 usurpat
1748 2176 2172 2228 Pseudotibullus
2223 2179 2270 2238 3,
2325 2179 2374 2239 3,
2430 2180 2517 2229 ⁴2:

1478 2250 1712 2311 Arvaque
1742 2251 1785 2298 si
1813 2251 2009 2313 findant
2032 2253 2249 2315 pinqun’a
2268 2254 2403 2303 mille
2434 2254 2522 2303 bo-

1476 2337 1573 2373 ves.
1647 2324 1786 2386 Virg.
1828 2324 1932 2375 Ecl.
1961 2325 2010 2386 4,
2048 2326 2136 2376 3³:
2174 2328 2338 2377 telluri
2370 2329 2520 2393 infin-

1477 2399 1593 2448 dere
1624 2398 1796 2448 sulcos.
1867 2402 2050 2464 Aptius
2084 2403 2264 2452 tamen
2304 2405 2386 2453 est
2418 2404 2520 2452 hoc

1475 2487 1526 2523 v,
1555 2473 1623 2524 de
1648 2476 1829 2525 rastris
1854 2477 1908 2526 et
1930 2475 2168 2537 sarculis,
2193 2479 2251 2527 ut
2265 2478 2349 2538 sit,
2376 2478 2520 2541 quod

1478 2548 1603 2597 dixit
1626 2548 1867 2611 Virgilius
1891 2552 1980 2599 Ge.
2011 2552 2056 2611 4,
2086 2550 2175 2601 94:
2212 2553 2394 2601 rastris
2413 2553 2520 2616 qlo-

1476 2621 1564 2671 bas
1596 2623 1684 2684 qui
1713 2623 1909 2687 frangit
1937 2625 2135 2674 inertes.

1541 2699 1621 2747 42.
1690 2698 1916 2747 Attalicis
1967 2700 2346 2763 condicionibus]
2398 2698 2519 2749 Pul-

1476 2773 1588 2823 chri
1639 2785 1821 2822 amore
1874 2773 2016 2823 ducti
2057 2775 2296 2836 Pergami
2342 2787 2513 2837 reges,

1475 2847 1733 2911 imprimis
1775 2845 1975 2897 Attalus
2016 2849 2077 2898 11.
2125 2846 2513 2912 PhiladelphuS,

1473 2923 1776 2986 permagnis
1817 2923 2000 2986 pretiis
2051 2935 2234 2972 emere
2277 2921 2519 2973 solebant

1473 2996 1655 3057 libros,
1692 2998 1857 3060 signa,
1883 2996 2090 3047 tabulas
2113 2999 2297 3063 pictaS,
2325 2999 2517 3062 quibus

1473 3071 1674 3133 regiam
1708 3085 1862 3122 suam
1895 3070 2318 3136 splendidissime
2360 3086 2516 3123 exor-

1473 3148 1678 3195 narent.
1738 3147 1822 3195 Sic
1853 3146 2083 3195 Aristidis
2119 3147 2328 3197 stabam·
2351 3149 2517 3210 picto-

1468 3219 1544 3268 ris
1572 3232 1729 3268 unam
1750 3220 1972 3269 tabulam
1991 3225 2185 3271 centum
2205 3223 2404 3271 tuleritis
2420 3235 2519 3271 rex

1470 3293 1665 3344 Attalus
1699 3295 1776 3357 (11.
1815 3308 1862 3345 a.
1903 3294 2025 3344 Chr.
2067 3295 2359 3359 459-438.)
2404 3297 2516 3346 lici-

1470 3374 1549 3418 tus
1595 3375 1681 3419 est.
1742 3368 1868 3420 Plin.
1923 3370 1986 3420 H.
2041 3372 2102 3420 N.
2157 3371 2206 3431 7,
2251 3370 2332 3420 39.
2405 3372 2508 3421 Cir.

1470 3445 1734 3495 Mansonis
1753 3442 2048 3507 elegantem
2072 3458 2257 3494 curam
2280 3445 2347 3494 de
2365 3446 2514 3495 Atta-

1467 3518 1531 3569 lis
1574 3520 1628 3568 in
1675 3520 1782 3568 vita
1826 3520 2149 3569 Constantini
2181 3520 2249 3569 M.
2294 3532 2346 3582 p.
2394 3518 2508 3567 384.

1468 3593 1701 3643 visconti
1732 3594 1959 3657 Iconoqr.
1997 3606 2150 3656 ,qr-oca
2182 3592 2277 3643 Ed.
2307 3590 2409 3642 nil.
2447 3592 2507 3642 11.

1466 3680 1520 3731 p.
1566 3667 1681 3717 273.
1749 3668 1843 3718 Est
1884 3668 2061 3730 igitur:
2104 3694 2157 3703 -
2198 3668 2303 3716 «Ne
2355 3666 2511 3715 tantis

1468 3741 1687 3805 quidem
1719 3742 1977 3805 pecuniae
2001 3742 2248 3801 summis,
2286 3743 2510 3804 quantas

1468 3816 1621 3867 Attali
1639 3815 1708 3866 illi
1725 3815 2012 3866 artificibus
2036 3814 2345 3877 offerebant,
2372 3819 2510 3867 stre-

1469 3905 1634 3941 nuum
1668 3893 1777 3953 agri
1811 3892 1933 3940 aviti
1968 3889 2224 3940 cultorem
2249 3903 2313 3939 eo
2337 3891 2509 3941 addu-

1467 3980 1576 4027 cas,
1614 3968 1674 4014 ut
1707 3967 1970 4015 mercator
2009 3963 2151 4013 fiat.»
2221 3964 2316 4027 (Ad
2351 3978 2506 4015 usum

1466 4043 1643 4089 autem
1681 4038 1929 4102 loquendi
1964 4038 2056 4088 cfr.
2085 4039 2190 4089 Cic.
2230 4039 2298 4089 ad
2333 4041 2391 4098 Q.
2421 4040 2500 4088 Fr.

1463 4113 2588 4175 1‚⁴,2,8:utmalacondiciopoou-·

1462 4191 1579 4240 niae
1609 4190 1840 4241 te-—ab
1872 4204 2066 4242 mma
2103 4191 2387 4255 integritate
2418 4190 2504 4238 do—

1462 4265 1705 4329 duxerit.)
