3234 4975
1217 414 1335 463 LIB.
1373 414 1456 465 1V.
1529 417 1584 464 C.
1625 416 1684 463 V.

692 570 764 635 Et
806 569 1000 637 vitem
1042 568 1272 636 viduas
1317 568 1492 635 ducit
1535 570 1617 635 ad
1665 570 1970 649 arbores;

2479 416 2592 482 56⁴

2519 576 2603 638 30

689 691 850 758 Hinc
894 690 977 757 ad
1023 689 1168 755 vina
1214 689 1381 756 redit
1423 689 1631 757 laetus
1676 702 1741 756 et
1784 691 1999 757 alteris

858 813 945 877 Te
990 812 1230 877 mensis
1274 810 1536 877 adhibet
1579 811 1807 889 deum;

692 972 777 1034 Te
822 968 1018 1035 multa
1060 990 1289 1056 prece,
1339 982 1399 1035 te
1447 971 1864 1057 prosequitur
1909 993 2086 1037 mero

691 1090 929 1156 Defuso
976 1091 1217 1175 pateris
1268 1102 1333 1156 et
1374 1090 1646 1158 Laribus
1691 1101 1870 1159 tuum

690 1212 912 1278 Miscet
955 1231 1222 1288 numen,
1272 1211 1361 1276 uti
1408 1211 1678 1278 Graecia
1726 1213 2007 1279 Castoris

864 1333 937 1397 Et
979 1333 1191 1419 magni
1235 1352 1484 1397 memor
1529 1332 1844 1399 Herculis.

572 1550 653 1599 34.
706 1549 838 1599 venit
871 1549 936 1609 T,

991 1550 1121 1598 item
1154 1550 1218 1609 S,
1276 1562 1545 1613 superscr.
1583 1549 1736 1609 redit,
1790 1548 1925 1609 βκχ,
1977 1550 2260 1603 Bentleius.
2317 1554 2377 1604 Ut
2414 1567 2539 1614 nos,

504 1620 669 1672 Bbcd.
712 1646 764 1659 --
806 1621 885 1672 34.
912 1622 1099 1685 Defiuso
1132 1622 1304 1683 chd,
1342 1620 1523 1672 Bland.
1552 1623 1850 1685 antiquiss:
1885 1624 2081 1685 Dima-so
2113 1626 2171 1685 B,
2211 1628 2339 1677 item
2367 1628 2418 1687 S,
2456 1641 2545 1678 su-

503 1709 709 1761 perscr.
742 1710 770 1746 e
782 1734 793 1756 ,
832 1697 965 1747 FMJ.

436 1905 609 1943 rerum
661 1905 872 1941 suarmn
917 1893 1176 1953 possessio.
1247 1890 1484 1942 Similem

439 1968 587 2030 pacis
619 1967 882 2030 picturam
922 1967 1195 2016 Dacierius
1230 1966 1384 2016 affert
1418 1979 1482 2015 ex

438 2042 708 2093 Michaeas
743 2042 871 2104 Cap.
909 2039 966 2101 4,
1004 2040 1061 2091 4:
1097 2041 1164 2090 Et
1194 2041 1371 2090 sedebit
1401 2041 1485 2089 vir

435 2114 604 2165 subtus
632 2115 833 2164 vineam
864 2127 1008 2163 suam
1041 2119 1088 2164 et
1127 2114 1296 2164 subtus
1331 2116 1485 2178 ficum

437 2203 608 2250 suasu,
662 2193 709 2238 et
756 2203 857 2238 non
906 2189 1026 2249 erit,
1081 2190 1167 2249 qui
1217 2189 1479 2238 deterreat.

446 2292 498 2298 -
544 2263 740 2326 viduas]
788 2262 989 2312 Viduas
1036 2261 1283 2312 dicuntur
1322 2261 1480 2322 ulmi,

435 2337 616 2402 populi
666 2335 974 2401 similesque
1027 2336 1276 2396 arbores,
1329 2338 1485 2386 ante-

436 2424 599 2476 quam
657 2413 940 2474 iungantur
995 2411 1215 2471 vitibus,
1273 2411 1482 2460 iunctae

436 2490 617 2537 autem
651 2489 872 2537 maritae
904 2488 1181 2537 vocantur.
1226 2486 1395 2549 Epod.
1430 2486 1479 2545 2,

436 2562 496 2611 9;
536 2561 711 2610 adulta
729 2561 906 2610 vitium
919 2561 1203 2623 propagine
1217 2560 1356 2608 Altas
1376 2572 1486 2608 ma-

435 2636 561 2685 ritat
599 2635 825 2698 populos.
869 2636 1083 2684 Inversa
1124 2633 1350 2696 imagine
1388 2632 1486 2683 Ca-

438 2708 596 2760 tullus
615 2710 677 2759 62
692 2747 704 2770 ,
729 2708 819 2759 49:
842 2710 990 2757 vilem
1010 2709 1217 2756 viduam
1234 2705 1479 2771 appellat.

441 2812 495 2819 —
530 2783 682 2846 redit]
732 2783 991 2832 «domum
1025 2794 1179 2831 suam
1214 2780 1282 2831 ab
1319 2793 1482 2844 opere

437 2858 633 2907 rustico
648 2896 659 2918 ,
687 2859 746 2906 ut
766 2855 901 2907 solet
923 2855 1157 2919 quotidie
1172 2893 1185 2916 ,
1213 2857 1267 2905 et
1288 2869 1485 2906 secun-

437 2931 518 2982 dis
552 2932 754 2981 mensis
797 2929 892 2980 tibi
936 2931 994 2978 ut
1036 2929 1139 2978 deo
1173 2928 1483 2979 libationem

436 3005 642 3055 offert.»
716 3005 854 3054 Venit
886 3001 1040 3065 longe
1076 3003 1251 3052 minus
1297 3005 1481 3066 aptum

436 3092 599 3142 quam
632 3079 785 3138 redit3
835 3081 918 3127 est
952 3077 1121 3138 enim,
1169 3077 1323 3140 quasi
1356 3079 1483 3126 tunc

435 3156 667 3218 primum
702 3153 991 3203 accederet
1021 3153 1089 3202 ad
1123 3153 1264 3202 vina.
1324 3152 1483 3202 Simi—

434 3227 554 3279 liter
587 3228 983 3279 confunduntur
1001 3228 1187 3277 rediret
1211 3229 1265 3276 et
1294 3228 1485 3276 veniret

436 3306 567 3367 Epp.
605 3305 664 3364 2,
700 3305 758 3363 2,
793 3304 874 3353 22,
908 3331 963 3339 --
999 3302 1177 3352 Verba
1214 3303 1276 3352 Te
1304 3302 1486 3354 mensis

436 3377 633 3426 adhibet
664 3378 811 3426 deum
843 3375 1172 3441 explicantur
1207 3378 1483 3442 sequenti-

437 3452 559 3500 bus.
594 3451 736 3512 virg.
775 3453 904 3499 Aen.
930 3452 985 3510 ὅ,
1023 3451 1117 3500 62:
1155 3452 1376 3502 adhibete
1396 3453 1483 3501 Pe-

434 3528 575 3573 nates
615 3524 680 3572 Et
713 3526 913 3585 patrios
946 3525 1102 3585 epulis
1133 3530 1180 3574 et
1213 3539 1334 3586 quos
1366 3526 1483 3575 colit

434 3599 605 3658 hospes
635 3597 844 3646 Acestes,
915 3598 993 3646 De
1039 3595 1217 3659 sigillis
1250 3597 1480 3667 ἐπιτρα-

436 3673 648 3733 neg-coag-
691 3670 908 3732 Augusti
951 3671 1026 3732 (ut
1068 3673 1184 3720 erat
1222 3672 1478 3723 Hercules

436 3744 789 3810 epitrapezius
829 3744 1061 3794 Vindicis
1102 3745 1228 3794 Stat.
1267 3744 1388 3796 Silv.
1426 3746 1475 3808 4,

434 3820 492 3880 6,
529 3819 619 3868 32;
653 3818 809 3881 festae
842 3818 1026 3867 Genius
1057 3818 1307 3879 tutelaque
1336 3833 1477 3870 men—

431 3907 532 3943 sae.
544 3892 565 3956 )
601 3892 744 3957 apud
776 3893 1003 3942 rusticos
1033 3890 1196 3942 nolim
1224 3893 1476 3957 equidem

432 3982 555 4019 cum
590 3966 705 4018 aliis
739 3967 992 4029 cogitare.

497 4042 673 4093 33-36.
707 4042 1029 4104 prosequitur
1058 4040 1214 4104 mero]
1250 4042 1313 4092 Ut
1344 4040 1476 4089 dici-

431 4130 554 4168 mus
589 4115 894 4177 «laudibus,
930 4115 1302 4176 veneratione,
1337 4116 1475 4166 votis

431 4190 663 4254 aliquem
695 4191 999 4253 prosequi»,
1044 4190 1121 4240 sic
1161 4188 1213 4238 h.
1250 4187 1285 4239 l.
1324 4202 1475 4239 mero

431 4270 486 4317 et
506 4267 770 4318 libationis
796 4266 1017 4316 bonore.
1042 4265 1136 4315 Est
1158 4277 1308 4328 ergo:
1339 4277 1474 4315 «una

600 4359 783 4403 Homr.
818 4369 926 4404 vot..
957 4358 988 4403 l.
1054 4370 1129 4406 ιιι).
1166 4367 1318 4402 usion
1351 4354 1419 4400 lll.

1558 1904 1684 1942 cum
1719 1893 1942 1944 Laribus
1983 1895 2094 1946 suis
2137 1899 2188 1946 te
2222 1901 2509 1949 veneratur
2542 1913 2606 1950 ac

1556 1979 1749 2030 pacem
1784 1972 1930 2019 tuam
1967 1970 2226 2021 invocat.»
2275 1971 2425 2023 Ovid.
2464 1975 2601 2025 Fast.

1556 2041 1615 2101 2,
1655 2042 1777 2091 63⁴:
1826 2042 2092 2107 (Caristiis)
2127 2046 2193 2094 Et
2234 2046 2384 2096 libate
2426 2049 2605 2111 dapes,

1557 2120 1611 2164 ut
1642 2118 1781 2178 qrati
1816 2119 2000 2180 pignus
2040 2120 2242 2169 bonor-is
2277 2122 2486 2171 Nutriat
2525 2125 2608 2173 in·

1555 2190 1742 2238 cinctos
1771 2191 1924 2240 missa
1950 2193 2142 2253 patella
2163 2195 2335 2244 Lares.
2398 2199 2606 2258 lamque

1555 2262 1641 2311 ubi
1695 2264 1920 2313 suadebit
1967 2266 2195 2326 placidos
2246 2282 2354 2317 nox
2402 2270 2608 2320 humida

1555 2349 1777 2397 somnos,
1801 2339 1977 2400 Larga
2001 2342 2265 2400 precaturi
2286 2343 2463 2392 sumite
2482 2345 2605 2394 vina

1554 2422 1715 2459 manu
1753 2410 1846 2472 Et,
1899 2411 2030 2462 Bene
2069 2426 2160 2462 nos
2205 2415 2435 2476 Patriae,
2487 2417 2607 2469 bene

1555 2489 1627 2546 te,
1662 2484 1838 2547 Pater,
1865 2488 2046 2549 optime
2070 2487 2280 2551 Caesar,
2319 2491 2481 2541 Dicite
2500 2494 2604 2557 suf-

1553 2559 1666 2622 fuso
1691 2575 1790 2622 per
1822 2575 1974 2611 sacra
2003 2562 2160 2612 verba
2190 2577 2347 2614 mero.
2396 2567 2494 2615 Dio
2518 2568 2601 2628 54,

1558 2636 1640 2684 49.
1666 2637 1788 2698 post
1809 2648 2043 2698 pugnam
2064 2637 2361 2688 Actiacam.
2395 2638 2458 2689 ἐν
2480 2645 2606 2705 τοῖς

1558 2710 1904 2797 συσσιτίοις,
1942 2704 2054 2768 οὐχ
2089 2703 2179 2760 ὅτι
2203 2715 2327 2774 τοῖς
2360 2720 2602 2778 κοινοῖς,

1557 2776 1704 2832 ἀλλὰ
1737 2783 1837 2831 καὶ
1865 2788 1989 2844 τοῖς
2021 2780 2185 2846 ἰδίοις
2207 2781 2426 2849 πάντας
2446 2783 2603 2858 αὐτῷ

1556 2854 1819 2907 σπένδειν
1868 2854 2204 2920 ἐκέλευσαν,
2256 2853 2316 2921 ἔς
2357 2874 2419 2911 τε
2467 2860 2606 2928 τοὺς

1558 2924 1779 2995 ὕμνους
1811 2924 1990 2980 αὐτὸν
2024 2928 2150 2994 «ᾆξ’
2121 2947 2253 2983 ισου
2286 2938 2412 2998 τοῖς
2443 2936 2606 3003 θεοῖς

1555 3001 1966 3076 ἐγγράφεσθαι.
2017 3008 2132 3057 Nou
2166 3010 2251 3057 est
2282 3009 2440 3072 igitur
2471 3025 2607 3065 vana

1555 3078 1804 3129 adulatio.
1863 3106 1918 3116 -
1969 3079 2172 3144 Deraso]
2224 3094 2274 3131 v.
2328 3088 2606 3149 proprium

1555 3154 1625 3204 de
1660 3153 2015 3205 libationibus.
2068 3154 2242 3207 Valer.
2278 3159 2415 3209 Max.
2447 3162 2506 3222 2,
2543 3163 2602 3225 6,

1555 3230 1614 3280 8:
1656 3229 1776 3279 Tum
1809 3229 1991 3293 defusis
2020 3230 2274 3281 Mercurio
2306 3233 2601 3288 libamentis.

1555 3304 1613 3353 ln
1665 3302 1842 3354 multis
1894 3304 2062 3354 Codd.
2113 3305 2464 3357 substitutum
2520 3312 2606 3360 est
2683 3331 2690 3342 =

1554 3378 1729 3428 notius
1779 3378 2009 3429 verbum
2055 3380 2267 3442 diffuso,
2323 3380 2469 3443 quod
2520 3384 2605 3431 est

1556 3466 1654 3502 «ex
1676 3450 1817 3502 dolio
1841 3466 1885 3502 s.
1914 3466 2050 3515 cupa
2075 3454 2257 3502 vinum
2291 3454 2345 3502 in
2379 3454 2604 3517 ampho—

1551 3540 1640 3577 ras
1681 3525 1766 3576 vel
1808 3525 2024 3588 lagenas
2069 3526 2494 3576 transfundere.»
2543 3555 2597 3565 -

1550 3602 1626 3649 uti
1659 3600 1891 3663 Graecia]
1919 3602 2008 3649 «ut
2031 3600 2246 3649 Graecia
2272 3612 2483 3649 memor
2503 3601 2603 3651 Ca-

1552 3674 1711 3723 storis
1759 3676 1815 3723 et
1858 3672 2097 3723 Herculis
2144 3686 2239 3722 eos
2284 3673 2424 3722 inter
2467 3673 2600 3726 deos

1552 3746 1827 3806 honoram
1865 3759 1999 3807 non,
2036 3749 2096 3795 ut
2129 3744 2213 3795 alii
2245 3744 2458 3795 volunt:
2509 3752 2600 3800 «ut

1551 3820 1768 3869 Graecia
1813 3834 2025 3870 memor
2055 3820 2249 3869 miscet
2281 3818 2362 3869 dis
2397 3833 2596 3872 numen

1552 3895 1784 3943 Castoris
1824 3895 1880 3943 et
1927 3892 2218 3942 Herculis.»
2278 3894 2598 3956 (Assentitur

1552 3967 1680 4017 mihi
1704 3966 2074 4029 Dillenburger
2104 3980 2156 4030 p.
2195 3967 2286 4017 92:
2327 3970 2596 4021 «Primum

1550 4040 1770 4104 quidem
1805 4053 1912 4089 non
1946 4039 2093 4089 facile
2130 4040 2270 4103 fero,
2309 4043 2455 4106 quod
2485 4058 2595 4095 me-

1547 4128 1661 4163 mor
1688 4114 2010 4164 adiectivum
2034 4128 2140 4179 quo
2163 4116 2426 4168 referatur
2447 4118 2595 4169 obie-

1550 4190 1637 4238 cto
1680 4189 1889 4252 privare
1936 4192 2194 4240 conantur
2226 4192 2284 4252 ii,
2335 4194 2424 4255 qui
2458 4191 2593 4244 alte-

1548 4276 1664 4315 ram
1700 4265 2150 4317 constructionem
2185 4269 2593 4330 sequantui-3·-

2192 4357 2248 4400 36
