3234 4975
1141 404 1258 453 [ΑΒ.
1299 404 1380 452 lV.
1453 404 1510 452 C.
1548 402 1655 451 xil.

2458 398 2581 462 603

1128 870 1851 932 cmm

670 1023 802 1087 lam
846 1018 1017 1086 veris
1061 1020 1360 1097 comiteS,
1408 1041 1578 1107 quae
1629 1041 1806 1086 mare
1849 1028 2241 1106 temperant,

546 1201 653 1250 Xll.
691 1201 854 1250 lnscr.
890 1196 1029 1261 volg.
1082 1198 1160 1247 Aa
1197 1198 1472 1261 Virgilium.

1534 1225 1589 1233 -
1650 1197 1786 1247 Veris
1834 1186 2097 1258 &emptio
2146 1197 2216 1246 aa
2260 1196 2524 1260 trimatum

483 1274 577 1324 BS.
621 1300 674 1310 -
728 1273 806 1322 Aa
844 1272 1107 1335 Virgilium
1139 1271 1363 1332 loquitur
1395 1273 1645 1334 quendam
1675 1273 2066 1336 anamim-ium
2099 1271 2154 1321 b.
2197 1299 2251 1307 —
2303 1272 2381 1324 Aa
2418 1275 2525 1325 Vir-

484 1350 664 1412 gilium
695 1348 1056 1412 negotiatorem
1089 1345 1321 1397 oberlini
1354 1347 1411 1397 B.
1454 1375 1509 1383 -
1548 1347 1664 1397 Om.
1703 1347 1759 1396 T.

549 1507 656 1556 xli.
716 1506 795 1556 Ad
851 1518 911 1556 se
960 1502 1232 1567 Virgilium
1288 1505 1466 1554 iocose
1546 1503 1810 1567 Virqilium
1840 1502 2231 1566 unguentur-ium
2261 1501 2348 1553 vel
2387 1517 2589 1555 nterea-

422 1580 604 1629 invitat
638 1594 700 1629 ea
736 1577 1073 1639 condicione,
1124 1578 1184 1627 ut
1216 1578 1469 1641 unguenti

422 1654 691 1715 onychem
725 1652 875 1717 quasi
911 1651 1030 1701 cadi
1063 1651 1375 1702 mercedem
1398 1650 1471 1701 af-

423 1729 585 1785 ferat3
645 1739 782 1789 quae
834 1725 1078 1776 condicio
1132 1725 1177 1776 si
1231 1725 1465 1790 placeat,

424 1802 604 1851 statim
636 1800 813 1851 missis
846 1799 1123 1861 omnibus,
1165 1812 1306 1863 quae
1340 1812 1470 1849 con-

422 1875 621 1924 vivium
656 1876 921 1924 moratura
945 1874 1075 1933 sint,
1113 1871 1354 1933 advolet,
1380 1870 1473 1922 ad-

426 1949 603 2008 iectis,
642 1960 780 2011 quae
803 1947 873 1997 ad
907 1948 1011 1997 hoc
1043 1945 1345 2011 impellant,
1381 1960 1472 1997 ar-

423 2022 713 2085 gumentis,
766 2035 798 2071 a
831 2022 1055 2072 sicciore
1097 2022 1220 2071 anni
1260 2023 1472 2086 tempe-

424 2098 559 2147 state
582 2097 830 2160 vitaeque
865 2095 1128 2146 brevitate
1151 2094 1468 2159 desumptis.

423 2172 537 2221 lam
573 2184 697 2220 cum
730 2169 1022 2235 probabilis
1044 2170 1113 2220 sit
1144 2181 1332 2219 eorum
1354 2169 1473 2232 opi-

424 2246 530 2304 nio,
568 2245 660 2308 qui
683 2245 861 2294 omnia
892 2245 1050 2293 buius
1083 2241 1204 2292 libri
1235 2243 1471 2291 carmina

427 2318 551 2368 inde
573 2316 642 2367 ab
666 2331 716 2367 a.
739 2332 795 2367 u.
816 2330 863 2367 c,
890 2317 1006 2366 736.
1033 2316 1327 2379 composita
1349 2326 1471 2364 esse

427 2393 651 2442 censent
718 2391 850 2454 (hoc
890 2403 922 2439 a
963 2389 1254 2439 Kirchnero
1302 2388 1474 2438 refer-

426 2467 514 2515 tur
555 2464 625 2515 ad
666 2478 714 2514 a.
751 2462 865 2515 740.
891 2501 903 2525 ,
956 2477 986 2514 a
1022 2462 1360 2514 Grotet'endio
1404 2461 1475 2512 ad

427 2553 629 2589 annum
653 2539 815 2602 739.)‚
850 2536 936 2589 vel
958 2540 1242 2601 propterea
1276 2550 1382 2587 non
1405 2537 1474 2587 ad

427 2613 703 2678 Virgilium
753 2615 1025 2664 Maronem
1081 2612 1295 2676 poetam
1349 2612 1478 2661 scri-

428 2690 582 2753 ptum
616 2700 737 2738 esse
759 2687 963 2750 potest,
1002 2687 1200 2749 quippe
1222 2687 1314 2749 qui
1335 2698 1478 2734 mor-

427 2765 541 2812 tem
574 2760 769 2811 obierit
800 2775 849 2810 a.
886 2774 940 2810 u.
967 2774 1014 2810 c.
1042 2759 1157 2809 735.
1194 2762 1476 2810 Praeterea

429 2837 589 2900 poeta
645 2834 914 2898 quomodo
970 2833 1071 2885 sub
1121 2834 1263 2883 vitae
1310 2833 1476 2883 finem

434 2909 538 2960 dici
561 2910 795 2974 potuerit
814 2911 1051 2959 iuvenum
1071 2908 1309 2958 nobilium
1330 2909 1480 2958 cliens

431 2983 641 3035 difficile
667 2986 748 3035 est
768 2983 1008 3048 profecto
1030 2981 1326 3044 intellectu,
1353 2996 1475 3032 cum

430 3059 650 3122 Augusti
697 3058 864 3122 ipsius
915 3060 971 3108 et
1022 3057 1198 3108 Liviae
1248 3057 1477 3107 amicitia

430 3134 674 3183 uteretur
693 3171 705 3193 ,
743 3145 853 3181 non
875 3131 1094 3194 Augusti
1114 3131 1479 3195 privignorum

430 3206 516 3257 vel
579 3210 837 3270 nepotum
900 3206 1082 3256 nescio
1140 3205 1225 3255 cui
1282 3203 1477 3255 tutelae

433 3294 553 3331 sese
588 3280 923 3345 applicasset.
977 3279 1182 3330 Deinde
1206 3278 1477 3343 quomodo

433 3353 518 3404 vel
559 3352 884 3404 ludibundus
929 3355 1148 3404 studium
1192 3354 1321 3403 lucri
1353 3357 1481 3417 poe-

434 3431 521 3478 tae
555 3426 793 3477 tribuere
828 3429 1080 3491 poterat?
1136 3429 1227 3491 qui
1261 3427 1479 3491 quidem

433 3503 584 3552 iocus
606 3537 621 3560 „
653 3502 715 3549 ut
734 3500 911 3550 iocum
932 3514 1054 3551 esse
1077 3500 1390 3564 largiamur,
1427 3500 1481 3549 in

435 3572 596 3624 talem
634 3574 809 3623 virum
853 3574 1020 3624 iactus
1062 3587 1227 3625 sensu
1260 3587 1482 3639 prorsus

437 3647 699 3697 caruisset
754 3659 932 3709 neque
997 3648 1247 3710 cuiquam
1313 3648 1483 3699 risum

436 3722 709 3771 movisset.
771 3719 944 3770 «Nihil
980 3720 1211 3784 denique
1246 3721 1334 3770 hic
1368 3722 1481 3771 est»

439 3797 601 3858 (recte
638 3795 809 3858 inquit
841 3793 1158 3856 Gesnerus),
1199 3794 1374 3858 «quod
1408 3796 1485 3844 ta-

435 3870 545 3920 lem
579 3870 747 3932 spiret
791 3869 1077 3919 amicitiam
1097 3907 1109 3931 ,
1164 3867 1306 3932 quali
1352 3882 1485 3919 con-

435 3944 646 3993 iunctus
696 3955 821 3993 cum
855 3942 1071 3994 Marone
1107 3941 1325 3993 Flaccus
1369 3942 1480 4003 tuit,

439 4017 650 4081 quodve
684 4017 852 4080 magis
887 4017 956 4067 ad
990 4018 1204 4080 poetam
1229 4030 1392 4080 quam
1416 4015 1485 4066 ad

440 4091 683 4155 quemvis
705 4090 866 4142 alium
883 4091 1083 4141 Horatii
1105 4088 1345 4141 sodalem
1366 4103 1487 4154 per-

439 4166 653 4216 tineat.»
694 4190 746 4201 -
808 4164 1075 4216 Ridiculae
1111 4165 1329 4229 quidem
1362 4166 1488 4216 sunt

442 4238 609 4290 Codd.
650 4241 705 4292 et
745 4239 919 4292 Schol.
961 4240 1371 4305 inscriptiones:
1419 4240 1487 4290 ad

1540 1582 1700 1627 torem
1719 1575 1805 1627 vel
1824 1577 2218 1640 negociatorem,
2242 1578 2439 1641 petitae
2461 1591 2590 1642 par-

1543 1652 1639 1701 tim
1680 1663 1747 1700 ex
1788 1651 1942 1700 nardi
1992 1649 2078 1703 illo
2123 1650 2336 1712 onyche,
2394 1652 2589 1715 partim

1542 1737 1609 1774 ex
1664 1725 1825 1774 studio
1889 1724 2034 1773 lim-i.
2135 1725 2435 1788 speciosior
2488 1724 2588 1775 alia

1543 1801 1599 1849 et
1642 1799 1865 1849 fortasse
1907 1811 1973 1848 ex
2016 1798 2246 1861 antiquis
2278 1799 2593 1862 Interpreti-

1540 1871 1646 1924 bus
1679 1874 1995 1936 desumpta:
2033 1873 2102 1922 ad
2137 1872 2401 1935 Viryuium
2431 1874 2593 1922 medi-

1542 1961 1657 1997 cum
1687 1948 1962 1997 Neronum.
2019 1946 2142 2010 (Cfr.
2175 1946 2382 1997 Weber
2417 1946 2592 1997 Horaz

1543 2034 1664 2085 pag.
1691 2019 1827 2083 23⁴.)
1863 2021 2076 2070 Poterat
2108 2022 2289 2070 autem
2323 2032 2445 2070 esse
2472 2021 2593 2070 Vir-

1544 2094 1650 2158 gilii
1683 2094 1913 2146 Maronis
1962 2096 2220 2156 cognatus
2270 2092 2459 2157 aliquis
2506 2092 2593 2144 vel

1545 2168 1734 2229 clienS,
1771 2170 1982 2232 poterat
2008 2180 2130 2218 esse
2165 2180 2334 2231 nepos
2368 2167 2593 2218 fortasse

1546 2243 1604 2293 C.
1658 2240 1855 2303 Virgilii
1914 2255 1958 2292 s.
2012 2239 2226 2304 Vergilii
2291 2243 2558 2305 praetoris
2577 2279 2589 2302 ,

1547 2315 1819 2366 Ciceronis
1853 2315 2027 2364 amici.
2066 2313 2221 2373 Quod
2254 2315 2473 2378 quidem
2495 2329 2593 2366 nos

1546 2388 1707 2447 latet;
1746 2387 1848 2437 boc
1881 2400 2048 2437 unum
2082 2389 2291 2436 certum
2326 2390 2430 2449 est,
2468 2393 2597 2451 poe-

1548 2464 1658 2513 tam
1691 2462 1769 2512 sie
1804 2460 1873 2511 ad
1897 2460 2350 2525 compotationem
2384 2462 2594 2513 invitari

1548 2549 1822 2599 nunquam
1855 2537 2093 2600 potuisse
2128 2535 2198 2585 ab
2223 2536 2438 2586 Horatio
2474 2550 2591 2588 suo.

1548 2613 1606 2661 In
1642 2608 1833 2660 eadem
1857 2611 1941 2659 est
1963 2610 2226 2660 sententia
2249 2610 2519 2661 Weberus
2543 2614 2599 2662 et

1547 2686 1701 2735 Estre
1735 2685 1862 2733 Hor.
1888 2685 1970 2733 Pr.
1996 2696 2115 2747 pag.
2141 2682 2255 2734 455.
2330 2685 2447 2748 (Qui
2466 2699 2598 2736 vero

1549 2759 1617 2808 de
1668 2756 1880 2820 Virgilio
1944 2760 2103 2821 poeta
2162 2762 2465 2822 exponunt,
2540 2762 2600 2811 ut

1549 2845 1721 2896 nuper
1753 2830 2125 2895 Dillenburger
2156 2845 2276 2896 pag.
2320 2832 2401 2885 94.
2427 2872 2440 2895 ‚
2494 2834 2599 2890 hoc

1550 2919 1770 2957 carmen
1820 2906 2046 2956 sortasse
2097 2907 2202 2956 iam
2253 2920 2302 2957 a.
2345 2907 2460 2959 7⁴4.
2514 2907 2600 2958 vel

1551 2981 1665 3030 7⁴5.
1720 2981 2077 3044 compositum
2127 2981 2311 3032 nescio
2365 2994 2474 3045 quo
2508 2984 2602 3031 aut

1551 3052 1769 3105 consilio
1787 3057 1879 3103 aut
1893 3066 2021 3104 casu
2039 3054 2262 3105 demum
2276 3057 2402 3119 post
2417 3070 2467 3106 a.
2482 3056 2595 3107 736.

1552 3127 1758 3179 editum
1779 3140 1901 3178 esse
1926 3129 2277 3191 contendunt,
2318 3129 2464 3193 quod
2488 3131 2604 3194 qui-

1553 3201 1680 3252 dem
1713 3214 1904 3265 parum
1940 3204 2025 3253 est
2056 3202 2171 3252 veri
2204 3199 2414 3267 simile.)

1620 3278 1641 3326 4
1673 3303 1701 3313 -
1723 3275 1772 3327 4.
1807 3277 1941 3326 veris
1957 3276 2174 3341 comma]
2210 3278 2326 3327 Non
2358 3277 2597 3342 zephyri,

1551 3353 1612 3400 ut
1645 3350 1865 3414 quidam
1896 3350 2208 3412 voluerunt,
2257 3350 2356 3402 sed
2405 3349 2604 3413 aquilo-

1555 3439 1669 3477 nes.
1748 3426 2123 3476 Pseudaristot.
2176 3425 2245 3474 de
2290 3424 2487 3476 Mundo
2532 3422 2597 3474 4:

1557 3499 1620 3549 οἱ
1649 3496 1712 3548 δὲ
1745 3492 2031 3569 Ὀρνιθίαι
2067 3495 2416 3562 καλούμενοι
2446 3496 2603 3567 ἐαρι-

1557 3574 1651 3623 νοι
1704 3586 1854 3634 τινες
1921 3566 2084 3634 ὄντες
2132 3564 2340 3635 ἄνεμοι
2399 3568 2605 3641 βορέαι

1559 3647 1673 3697 εἰσὶ
1704 3641 1783 3712 τῷ
1816 3646 1982 3712 γένει.
2055 3643 2260 3696 Colum.
2300 3645 2354 3694 44
2379 3682 2392 3706 ,
2418 3646 2474 3706 2,
2500 3645 2557 3694 2⁴
2590 3660 2600 3693 z

1554 3721 1690 3771 veriti
1710 3719 2128 3782 septentrionales,
2147 3744 2177 3756 -
2192 3743 2222 3754 -
2238 3718 2495 3768 ornithiae
2508 3732 2607 3782 per

1558 3796 1662 3846 dies
1691 3796 1838 3846 XXX.
1877 3807 1976 3845 esse
2007 3793 2198 3852 solenh·
2232 3797 2340 3842 tum
2360 3797 2407 3843 οι
2425 3793 2607 3844 himm-

1558 3872 1623 3920 do
1655 3870 1872 3920 advenit.
1904 3896 1959 3904 —
1995 3867 2289 3930 temperant]
2327 3867 2609 3931 «tranquil-

1557 3943 1721 3994 lant.»
1775 3944 1943 3994 Conni.
1982 3943 2177 4001 Cnuo.;
2239 3940 2491 4005 «faciunt,
2547 3945 2608 3992 ut

1558 4016 1819 4083 placidius
1854 4018 1922 4068 sit
1953 4028 2103 4066 mare
2139 4028 2302 4078 quam
2334 4029 2434 4080 per
2466 4018 2607 4067 tem-

1560 4105 1662 4156 pus
1685 4090 1973 4141 hibernum
1993 4106 2039 4150 3¹⁰
2082 4104 2219 4156 quae
2243 4091 2607 4155 interpretatio

1561 4166 1735 4231 aptior
1756 4166 1864 4227 est,
1899 4168 2184 4230 propterea
2219 4165 2366 4229 quod
2386 4165 2441 4214 bi
2463 4166 2607 4215 venti

1560 4238 1930 4305 navigantibus
1952 4240 2175 4292 secundi
2197 4241 2345 4304 sunt,
2382 4241 2442 4290 ut
2461 4241 2610 4303 patet
