3234 4975
660 413 783 481 462

1432 416 1691 467 HORATII
1722 416 2060 469 CARMINUM

1084 572 1294 658 Saepe
1339 591 1518 637 mero
1563 570 1841 637 caluisse
1886 571 2103 636 virtus

914 731 1004 795 Tu
1048 728 1192 795 lene
1236 725 1623 795 tormentum
1666 728 1924 816 ingenio
1969 728 2294 795 admoves·

916 849 1304 937 Plerumque
1349 848 1546 928 duro;
1593 859 1660 915 tu
1707 849 2093 937 sapientium

997 972 1199 1037 Curas
1244 982 1308 1037 et
1350 991 1658 1037 arcanum
1706 971 1928 1037 iocoso

2761 972 2831 1036 15

1083 1091 1433 1158 Consilium
1479 1092 1718 1178 retegis
1759 1093 2018 1179 Lyae03

793 1281 870 1330 ⁴2.
909 1279 1172 1329 incaluisse
1206 1292 1235 1328 e
1273 1279 1433 1329 Mario
1467 1278 1735 1327 Victorino
1768 1290 1824 1342 p.
1860 1278 2007 1328 2606.
2046 1279 2101 1328 P.
2142 1278 2423 1329 Bentleius.

662 1445 838 1511 quali.)
880 1472 934 1483 -
980 1448 1144 1496 Virtus
1176 1447 1356 1496 autem
1390 1446 1605 1504 Catonis,
1647 1447 1706 1493 ut

663 1524 767 1571 Sat.
803 1523 862 1582 2,
903 1523 958 1582 4,
995 1522 1084 1570 72:
1152 1522 1317 1570 Virtus
1349 1521 1615 1583 Scipiadae
1659 1523 1705 1568 et

660 1597 795 1646 mitis
844 1596 1091 1658 sapienia
1143 1596 1297 1645 Laeli.
1362 1621 1416 1631 —
1475 1594 1703 1658 caluisse]

659 1671 937 1732 incaluisse,
975 1669 1119 1733 quod
1144 1683 1243 1733 per
1275 1666 1523 1734 σφάλμα
1554 1684 1705 1735 μνη-

660 1742 903 1810 μονικὸν
936 1743 1163 1808 praebet
1190 1745 1384 1794 Marius
1407 1742 1705 1793 Victorinus

662 1833 714 1883 p.
751 1819 865 1868 220.
904 1817 1088 1876 Gaisf.,
1134 1818 1356 1867 nimium
1391 1819 1499 1876 est,
1554 1816 1706 1879 quasi

662 1906 792 1944 vero
833 1894 955 1942 ante
1000 1892 1446 1955 compotationem
1484 1903 1706 1954 prorsus

662 1966 867 2031 torpida
902 1965 1086 2017 fuisset
1118 1966 1284 2016 virtus
1317 1963 1419 2014 illa.

731 2041 810 2091 ⁴3.
869 2039 1192 2103 tor-mentum]
1230 2040 1291 2089 H.
1330 2038 1362 2088 l.
1404 2052 1509 2088 non
1544 2037 1710 2087 habet

663 2114 1102 2178 significationem
1137 2111 1469 2177 explorandi,
1494 2115 1554 2162 ut
1570 2114 1629 2162 Α.
1647 2114 1704 2162 Ρ.

663 2188 791 2239 434:
849 2189 1001 2251 Reyes
1041 2189 1280 2237 diamur
1317 2187 1487 2237 mutis
1526 2199 1711 2250 urgere

663 2262 859 2312 ctdullis
876 2263 941 2312 Et
963 2267 1195 2323 torquere
1222 2275 1360 2312 mero
1377 2300 1389 2323 ,
1431 2273 1576 2322 quem
1590 2274 1711 2322 per—

662 2339 879 2399 sparisse
900 2337 1149 2398 laborant,
1179 2339 1281 2386 cet.
1310 2337 1365 2385 et
1385 2336 1517 2399 Epp.
1548 2336 1595 2392 4,
1623 2334 1704 2394 48,

665 2412 758 2462 38;
795 2412 1211 2473 Conunissumque
1242 2416 1372 2475 teyes
1404 2415 1451 2460 et
1468 2411 1584 2459 vino
1607 2413 1710 2457 tor-

663 2492 743 2536 tus
775 2492 821 2535 et
852 2487 951 2536 ira.
1022 2486 1128 2536 Sed
1161 2486 1264 2535 hoc
1292 2482 1426 2534 volt:
1467 2484 1557 2533 «ut
1576 2495 1708 2532 vera

664 2562 926 2610 tormenta
959 2573 1082 2610 reos
1113 2559 1352 2610 confiteri
1392 2559 1585 2620 cogunt
1608 2557 1709 2607 de-

664 2632 818 2694 licta,
857 2634 934 2684 sic
967 2635 1179 2693 vinum,
1218 2633 1368 2697 quasi
1404 2633 1537 2694 lene,
1585 2644 1709 2695 gra-

662 2713 777 2760 tum
797 2748 809 2771 ,
865 2713 1163 2759 tomentum
1219 2708 1411 2757 excitat
1456 2706 1711 2771 inqenimn

658 2784 954 2846 pler-umque
1004 2781 1299 2847 (persaepe)
1352 2783 1536 2831 dut-tom
1592 2780 1711 2830 effl-

665 2860 874 2921 citque,
933 2858 992 2905 ut
1034 2855 1186 2919 longe
1238 2855 1438 2906 facilius
1472 2855 1708 2905 carmina

668 2931 990 2993 festivusque
1016 2943 1295 2980 sermones
1318 2930 1554 2979 fundat.»
1594 2930 1711 2978 «In-

664 3004 809 3069 genio
853 3005 980 3053 duro
1024 3016 1143 3054 esse
1185 3002 1378 3052 dicitur
1419 3016 1515 3052 seu
1549 3006 1709 3066 poeta

665 3077 778 3127 sive
813 3082 1018 3137 orator,
1078 3077 1167 3139 qui
1216 3076 1361 3125 arida
1412 3077 1466 3125 et
1514 3074 1709 3126 difficili

665 3164 803 3201 vena
828 3153 937 3211 est,
976 3152 1066 3214 qui
1097 3165 1203 3201 uon
1241 3145 1564 3220 εὖρετικός,
1601 3164 1709 3200 non

665 3222 870 3288 pollens
895 3226 1194 3275 inventione
1227 3228 1281 3274 et
1310 3226 1513 3288 copia.»
1552 3226 1713 3275 Beni·-

668 3312 779 3348 uzr.
816 3297 971 3348 Silius
995 3299 1047 3347 4⁴
1074 3337 1085 3358 ,
1119 3300 1241 3349 285:
1279 3301 1447 3349 Donec
1462 3299 1613 3362 pulsa
1633 3299 1714 3361 fa-

665 3385 768 3423 mes
805 3377 852 3423 et
872 3373 1055 3422 Bacchi
1084 3386 1299 3424 munera
1329 3374 1512 3423 duram
1534 3374 1714 3423 Laxa-

664 3452 788 3497 runt
806 3453 1032 3497 utentem.
1064 3475 1118 3485 -
1143 3450 1257 3498 Non
1282 3449 1417 3498 haec
1439 3450 1522 3499 est
1542 3461 1712 3512 oppo-

668 3523 821 3574 sitio:
861 3521 1026 3573 «duro
1061 3524 1295 3587 ingenie,
1332 3526 1392 3573 ut
1421 3524 1511 3573 fiat
1533 3523 1713 3573 mitius

669 3598 725 3648 et
756 3595 965 3647 mollius
988 3612 1033 3656 ς»
1079 3596 1204 3660 (vel,
1261 3599 1322 3647 ut
1353 3597 1709 3662 Porphyrion:

671 3672 885 3721 «vinum
898 3673 1177 3735 extorquet
1188 3671 1350 3721 animi
1365 3672 1711 3734 gravitatem»

668 3745 792 3796 sed:
821 3747 910 3794 «ut
930 3743 1177 3795 liberiore
1200 3746 1403 3809 impetu
1426 3746 1536 3795 vim
1558 3757 1713 3796 suam

670 3820 1000 3883 expromat.»
1053 3820 1276 3869 Omnino
1313 3821 1396 3869 est
1431 3817 1714 3883 Bacchyli-

668 3892 751 3943 dis
795 3889 1003 3957 γλυκεῖ·
1053 3885 1280 3960 ἀνάγκα
1319 3895 1371 3943 in
1420 3892 1539 3943 loco
1588 3906 1714 3943 mox

671 3965 757 4030 (ad
772 3980 825 4018 V.
848 3968 1060 4031 48-20.)
1080 3967 1352 4018 afferendo
1367 3982 1377 4027 ;
1404 3966 1559 4018 nobis
1576 3968 1719 4017 Reiz-

666 4042 838 4091 miuel.
874 4069 929 4079 —
972 4044 1050 4093 De
1084 4043 1327 4093 machina
1359 4039 1569 4091 militari
1608 4039 1714 4091 noli

669 4126 794 4165 cum
828 4114 943 4165 aliis
976 4114 1271 4180 explicare,
1310 4128 1447 4179 quae
1483 4128 1589 4165 non
1626 4128 1715 4165 ex-

670 4189 822 4250 citat,
859 4188 959 4239 sed
980 4188 1246 4251 voluerat,
1274 4189 1471 4252 affligit,
1499 4188 1707 4239 occidit.

670 4264 811 4313 Cave
851 4262 981 4312 item
1015 4262 1199 4325 iungas
1233 4264 1464 4313 admoves
1483 4263 1712 4325 pler-wn-

1776 1457 1897 1506 que,
1954 1457 2092 1495 «non
2139 1445 2316 1494 tamen
2352 1457 2628 1510 semper»;
2690 1460 2831 1510 quae

1775 1518 2036 1569 sententia
2072 1517 2365 1568 admodum
2399 1518 2631 1582 frigeret.
2683 1522 2828 1584 (Mira

1777 1593 1830 1641 h.
1852 1591 1885 1641 l.
1909 1595 1990 1641 est
2013 1592 2143 1642 Cod.
2163 1593 2382 1656 Fraueq.
2411 1594 2684 1658 ceteroqui
2707 1608 2834 1660 per-

1777 1665 1903 1716 boni
1937 1665 2257 1729 perversitas
2290 1667 2597 1729 praebentis
2629 1682 2830 1720 amoves

1778 1753 1903 1790 cum
1937 1738 2095 1802 gloss.
2131 1740 2395 1805 renwves.)
2439 1767 2493 1778 —-
2543 1741 2624 1792 Ad
2657 1745 2830 1794 totum

1780 1813 1957 1864 locum
1994 1813 2088 1863 cfr.
2116 1811 2497 1865 Callimachum
2522 1817 2615 1879 Ep,
2643 1816 2703 1866 9:
2761 1817 2833 1880 (in

1779 1887 1988 1939 Anthol.
2029 1886 2133 1938 Pal.
2162 1889 2221 1938 11.
2248 1902 2302 1952 p.
2329 1889 2464 1953 20⁴.)
2501 1887 2689 1962 Μικρή
2723 1904 2829 1954 τις,

1780 1959 2054 2024 Διόνυσε,
2108 1958 2258 2012 καλὰ
2306 1959 2628 2033 πρήσσοντι
2661 1979 2831 2030 ποιη-

1779 2034 1850 2108 τῇ
1878 2031 2097 2101 Ῥῆσις·
2153 2031 2187 2086 ὁ
2371 2033 2536 2089 νικῶ
2570 2041 2722 2105 φησὶ
2755 2037 2824 2089 τὸ

1778 2108 2145 2184 μακρότατον
2166 2125 2178 2137 ·
2219 2110 2301 2162 stc
2333 2111 2396 2163 δὲ
2429 2109 2503 2164 σὺ
2536 2110 2621 2179 μὴ
2656 2111 2830 2165 πνεύ-

1781 2202 1891 2257 σῃς
1913 2183 2189 2250 ἐνδέξιος,
2225 2181 2298 2252 ἦν
2317 2201 2405 2250 τις
2437 2182 2660 2260 ἔρηται,
2700 2186 2835 2252 Πῶς

1780 2254 2021 2324 &fialam
2070 2263 2258 2327 φησί,
2306 2260 2584 2333 σκληρὰ
2616 2259 2700 2313 τὰ
2734 2281 2832 2330 γι-

1780 2332 2088 2402 γνόμενα
2121 2334 2240 2386 κτλ.

1849 2409 2053 2461 lix-⁴6.
2106 2411 2422 2476 sapientimn]
2461 2412 2684 2462 «Vinum
2709 2411 2827 2462 effi-

1781 2484 1878 2546 cit,
1915 2488 1974 2535 ut
1997 2487 2157 2537 etiam
2181 2488 2244 2549 ii,
2281 2488 2373 2550 qui
2396 2486 2590 2550 alioqui
2615 2488 2830 2551 sapien-

1783 2561 1863 2609 tes
1887 2572 1945 2610 se
1971 2564 2162 2623 gerunt
2184 2564 2239 2612 et
2259 2563 2443 2612 nescio
2460 2576 2599 2626 quae
2619 2564 2828 2612 secreta

1781 2632 2002 2684 consilia
2045 2648 2262 2700 semper
2301 2638 2498 2699 agitare
2546 2639 2827 2701 putantur,

1781 2706 1936 2772 longe
1973 2712 2266 2774 apertiores
2301 2711 2431 2761 fiant
2462 2714 2622 2775 atque
2657 2711 2725 2760 ad
2760 2711 2833 2759 io-

1782 2784 2015 2834 candum
2040 2785 2139 2848 ipsi
2169 2799 2388 2849 quoque
2412 2786 2678 2849 progressi
2702 2783 2838 2834 mul-

1783 2862 1834 2908 ta
1873 2858 2220 2922 patefaciant,
2281 2872 2421 2923 quae
2465 2862 2611 2908 extra
2652 2859 2835 2908 couvi-

1782 2932 1929 2982 vium
1973 2932 2063 2981 vix
2110 2945 2234 2982 cum
2281 2946 2553 2996 quoquam
2589 2945 2836 2983 commu-

1784 3006 2075 3056 nicarent.»
2143 3007 2255 3056 Non
2279 3008 2388 3056 tam
2412 3006 2478 3056 de
2502 3005 2832 3070 philosophis

1785 3079 2157 3143 cogitandum,
2223 3080 2315 3143 qui
2371 3076 2683 3150 ἐσωτερικὰ
2734 3074 2836 3128 δό-

1783 3168 1978 3220 γματα
2001 3152 2072 3203 ad
2093 3166 2368 3215 mensam,
2406 3153 2496 3203 ubi
2520 3167 2649 3205 sane
2674 3166 2835 3204 nemo

1786 3229 1847 3278 iis
1880 3240 2039 3279 aures
2063 3227 2377 3291 praeberet,
2418 3227 2651 3278 facunde
2676 3241 2838 3291 expo-

1787 3303 1938 3363 nant,
1976 3299 2075 3351 sed
2099 3300 2167 3350 de
2192 3301 2252 3351 iis
2287 3301 2466 3364 potius
2487 3339 2499 3361 ,
2538 3302 2627 3364 qui
2652 3302 2704 3350 in
2730 3302 2836 3351 vita

1786 3374 2090 3439 quotidiana
2115 3375 2267 3425 seriis
2291 3374 2605 3439 plerumque
2630 3388 2694 3424 ac
2721 3388 2838 3437 gra-

1785 3449 1943 3499 vibus
1966 3448 2369 3512 cogitationibus
2392 3450 2637 3513 occupati
2653 3448 2839 3500 viden-

1787 3525 1887 3573 tur.
1935 3522 2020 3572 Sic
2042 3521 2280 3587 Diphilus
2304 3523 2451 3587 apud
2471 3523 2660 3573 Athen.
2689 3523 2720 3572 2
2737 3562 2749 3584 ,
2775 3523 2833 3572 2:

1787 3592 2051 3661 (Διόνυσε
2062 3596 2099 3661 ,)
2136 3593 2249 3646 Τὸν
2282 3592 2386 3659 τὰς
2421 3589 2608 3668 ὀφρῦς
2641 3594 2838 3667 αἴρον-

1787 3684 1859 3720 τα
1892 3670 2227 3735 συμπείθεις
2260 3667 2447 3736 γελᾶν.
2489 3672 2582 3733 (De
2619 3670 2834 3733 genitivi

1787 3746 1956 3796 forma
1982 3745 2047 3795 cf.
2076 3745 2172 3794 Od.
2200 3746 2256 3806 3,
2292 3744 2376 3805 24,
2413 3746 2516 3807 2⁴.)
2546 3773 2600 3783 —-
2626 3746 2838 3795 iocoso-

1786 3819 1976 3884 Lyaeo]
2005 3819 2229 3869 Videtur
2245 3818 2454 3870 dativus
2476 3819 2653 3882 potius
2673 3830 2837 3881 quam

1788 3893 1947 3944 ablat.
1999 3891 2085 3943 vel
2137 3891 2306 3943 absol.
2364 3893 2518 3955 (iuter
2561 3893 2698 3956 vina)
2750 3888 2836 3941 vel

1788 3968 2031 4018 instrum.
2089 3967 2203 4031 (per
2253 3966 2472 4029 viuum).
2516 3993 2571 4018 -,
2644 3967 2840 4015 Ioco-ms

1788 4044 1968 4091 autem
2003 4044 2251 4101 vocatur,
2289 4040 2414 4104 quia
2438 4038 2508 4090 ad
2541 4041 2685 4090 iocos
2711 4052 2840 4104 pro-

1785 4117 1943 4165 vocat
1984 4117 2097 4165 tum
2139 4115 2396 4176 maxime,
2451 4127 2575 4164 cum
2624 4114 2840 4179 praeter

1785 4190 2236 4254 exspectationem
2255 4189 2673 4253 compotantium
2691 4200 2840 4237 arca-

1784 4275 1853 4312 na
1879 4261 1962 4313 illa
1988 4262 2203 4314 consilia
2242 4264 2295 4313 iu
2322 4263 2497 4313 lucem
2521 4262 2840 4327 protrahun-
