3234 4975
1149 403 1265 452 LlB.
1306 404 1343 452 1.
1415 405 1471 452 C.
1510 403 1592 453 lv.

2416 399 2496 461 37

594 561 720 626 Seu
767 569 991 646 poscat
1032 580 1195 646 agna
1239 560 1375 625 sive
1419 558 1594 625 malit
1631 558 1858 624 haedo.

350 716 586 783 Pallida
630 717 798 782 Mors
843 737 1053 802 aequo
1099 716 1308 804 pulsat
1352 716 1521 803 pede
1567 736 1925 803 pauperum
1971 716 2269 781 tabernas

592 840 965 925 Regumque
1013 847 1240 903 turres.

1334 839 1392 904 Ο
1435 836 1626 903 beate
1671 836 1864 912 Sesti,

344 959 517 1025 Vitae
560 980 809 1024 summa
851 957 1067 1024 brevis
1111 979 1295 1046 spem
1338 967 1675 1024 nos·vetat
1734 956 2036 1023 inchoare
2080 956 2351 1044 longam.
2425 958 2498 1023 15

472 1187 552 1236 42.
590 1199 779 1248 aquam
810 1212 839 1222 -
870 1211 900 1222 -
931 1185 1088 1235 haedo
1120 1185 1315 1237 Marius
1347 1184 1645 1234 Victorinus
1678 1197 1730 1248 p.
1772 1184 1881 1233 473.
1921 1183 2098 1245 Gaiss.‚
2136 1199 2325 1248 aquam
2355 1212 2382 1222 -
2406 1213 2433 1222 -

411 1260 591 1309 hoedos
621 1256 706 1320 δλ,
741 1273 931 1324 aquam
962 1287 991 1297 -
1012 1287 1041 1297 -
1072 1260 1287 1309 Mediam
1327 1259 1433 1309 duo
1467 1259 1727 1321 Pottierii,
1775 1259 1866 1309 LF.
1927 1285 1980 1294 -—
2039 1258 2115 1309 44.
2154 1261 2296 1310 Sexti
2330 1261 2428 1311 LC.

417 1361 471 1370 -
512 1334 591 1384 45.
628 1334 833 1384 incoare
863 1335 931 1396 T,
966 1335 1201 1384 incohare
1232 1335 1284 1384 F.

345 1522 534 1572 dimite
567 1534 783 1580 corona,
821 1533 959 1584 quae
984 1523 1067 1570 est
1086 1518 1247 1569 veluti
1269 1520 1387 1570 vin—

345 1596 541 1657 culum,
578 1595 1017 1659 impedimentum
1053 1595 1252 1658 capitis.

410 1671 489 1720 40.
527 1670 668 1732 virg.
707 1672 893 1732 Georg.
933 1669 980 1728 4,
1017 1668 1130 1720 ⁴44:
1166 1669 1387 1731 Zephyro

338 1747 503 1808 putris
532 1758 584 1794 se
614 1744 758 1807 gleba
789 1744 1003 1793 resolvit.
1104 1769 1109 1774 -

410 1821 490 1869 44.
562 1817 753 1881 Fauno]
812 1818 916 1868 Cfr.
966 1817 1033 1867 ad
1076 1817 1171 1867 Od.
1216 1817 1264 1878 4,
1304 1818 1383 1866 47.

346 1895 559 1955 Dionys.
598 1891 761 1943 Halic.
812 1893 859 1953 4,
896 1893 984 1942 34·
1034 1890 1261 1942 Φαῦνον
1309 1886 1388 1952 ὥς

343 1963 651 2037 ἐπιχώριόν
701 1981 828 2016 τινα
862 1960 1133 2031 Ῥωμαῖοι
1180 1961 1389 2031 δαιμό-

343 2058 455 2092 νων
462 2042 805 2104 θυσίαιςκαὶ
816 2035 990 2106 ᾠδαῖς
1006 2043 1384 2112 γεραίρουσιν.

345 2117 492 2167 ovid.
532 2118 667 2166 last.
710 2117 760 2176 2,
808 2116 930 2165 493:
989 2117 1154 2165 Idibus
1198 2116 1386 2179 (Ρ“.εΙ)ι-)

346 2193 559 2256 agrestis
588 2192 787 2253 [ιιιηαηε
827 2191 1018 2240 altaria
1056 2192 1236 2241 Fauni.
1312 2192 1391 2253 (Et

346 2265 597 2315 Faaenmlia
630 2267 760 2315 Non.
790 2265 1072 2315 Decembr.
1109 2264 1281 2315 Schol.
1321 2265 1389 2315 ad

344 2339 440 2389 Od.
491 2339 540 2399 3,
594 2341 673 2399 48,
722 2341 856 2401 403)
924 2340 1031 2388 Ver
1072 2343 1251 2389 autem
1287 2341 1391 2389 Ro-

344 2416 519 2464 manis
551 2414 835 2478 incipiebat
873 2416 978 2463 iam
1012 2428 1060 2464 a.
1088 2414 1139 2464 d.
1166 2416 1271 2465 vn.
1310 2415 1386 2465 Id.

345 2490 502 2540 Febr.
563 2494 697 2541 teste
748 2491 982 2540 Varrone
1034 2492 1133 2540 RR.
1190 2492 1237 2551 4,
1282 2492 1387 2553 28.,

344 2580 449 2629 quo
507 2566 593 2616 die
646 2567 900 2616 Favonius
943 2567 1145 2629 spirare
1192 2568 1387 2631 incipit.

345 2639 637 2691 Columella
687 2641 737 2699 2,
780 2642 829 2700 2,
868 2642 947 2690 45.
1006 2667 1059 2676 -
1113 2642 1388 2704 molare]

344 2716 398 2765 et
432 2727 559 2764 cum
593 2715 894 2765 accusativo
929 2717 1250 2765 construitur
1282 2716 1391 2779 (bo-

342 2804 455 2839 vem
491 2791 628 2838 imm
667 2789 775 2839 Cic.
814 2790 881 2839 de
917 2792 977 2840 N.
1007 2792 1067 2840 D.
1105 2790 1152 2851 3,
1191 2790 1270 2841 34.
1307 2792 1391 2840 ἰη-

343 2864 502 2927 ferias
532 2866 670 2913 inan.
710 2866 837 2914 Aen.
878 2865 958 2925 40,
995 2865 1128 2928 549.)
1174 2868 1228 2914 et
1267 2878 1389 2915 cum

346 2938 596 2988 ablativo.
632 2938 829 3001 (quibem
849 2940 1018 2989 hostiis
1036 2940 1393 2989 immolandum

342 3016 405 3063 sit
449 3014 560 3063 Cic.
610 3013 676 3063 de
711 3015 868 3076 Legg.
920 3015 970 3073 2,
1010 3016 1090 3063 42.
1159 3015 1268 3064 Liv.
1305 3015 1386 3077 44,

347 3087 434 3139 44ε
474 3088 844 3137 οήιηιοιαηιίὸυε
866 3089 972 3138 Iovi
993 3090 1200 3152 sinyulis
1221 3090 1390 3139 bubus.

342 3164 487 3225 virg.
509 3161 617 3212 Ecl.
653 3162 703 3222 3,
739 3164 829 3211 77:
865 3164 1034 3225 facero
1052 3164 1252 3228 vitula.)
1287 3164 1390 3214 Sed

342 3250 411 3287 ex
468 3236 776 3300 pontificum
833 3249 1106 3298 sermone,
1178 3238 1390 3302 qualem

341 3312 716 3374 cognoscimus
739 3325 805 3360 ex
827 3311 1037 3362 Tabulis
1059 3312 1280 3362 fratrum
1304 3327 1393 3363 ar-

339 3385 561 3444 valium,
591 3383 821 3447 legitima
844 3385 980 3436 haec
1002 3390 1176 3436 erant:
1214 3389 1394 3437 immo-

342 3461 461 3510 lore
478 3465 681 3509 tannim
704 3462 828 3521 cet„
863 3461 1031 3524 facere
1051 3466 1162 3511 turo
1193 3467 1239 3512 σι
1257 3464 1391 3513 vino.

339 3533 649 3586 Ablativum
682 3536 735 3584 h.
774 3533 809 3584 l.
858 3538 1094 3599 agnoscit
1131 3538 1237 3587 iam
1271 3539 1397 3587 Ser-

338 3611 463 3661 vius
501 3609 570 3659 ad
602 3612 740 3673 virg.
778 3609 887 3660 Ecl.
926 3611 974 3670 3,
1012 3612 1092 3661 77.
1144 3628 1221 3647 -’
1253 3613 1393 3676 lucis]

339 3683 520 3748 qualis
564 3688 679 3735 erat
712 3686 874 3735 Fauni
915 3685 1091 3746 lucus,
1137 3687 1394 3751 templum

341 3758 735 3823 oraculumque
780 3760 850 3810 ad
892 3761 1092 3812 fontem
1124 3761 1395 3813 Albuneae

340 3836 395 3884 in
434 3847 566 3895 agro
599 3834 889 3885 Tiburtino.
950 3835 1054 3886 Cir.
1092 3837 1392 3901 Interprett

340 3909 415 3959 ad
450 3910 595 3972 virg.
630 3911 763 3960 Aen.
802 3912 852 3973 7,
889 3911 970 3961 82.

410 3983 495 4034 43.
542 3985 750 4048 Pallida]
793 3986 916 4049 quia
935 3988 1232 4050 exsanguis,
1258 3999 1389 4036 non:

341 4055 605 4122 «pallidos
638 4057 923 4109 reddens.»
963 4087 1018 4096 —
1067 4075 1226 4123 aequo
1251 4061 1391 4125 pede]

343 4133 399 4180 in
440 4130 678 4195 pedestri
712 4135 975 4185 oratione:
1016 4148 1310 4200 «pauperes
1343 4138 1398 4185 et

342 4205 542 4256 divites
577 4218 749 4270 aeque
783 4208 1027 4273 abripit.»
1051 4237 1104 4245 —
1135 4210 1397 4273 podopul—

339 4279 441 4343 sat]
502 4281 842 4333 Recentiores
899 4286 951 4334 in
1007 4284 1109 4335 bae
1167 4286 1393 4349 imagine

1461 1519 1648 1570 offensi
1671 1558 1683 1581 ,
1739 1521 1971 1582 «pta-sare
2018 1524 2193 1572 minus
2238 1525 2383 1573 recte
2435 1523 2502 1572 de

1461 1608 1686 1645 accessu
1730 1594 1870 1644 dici»
1929 1596 2328 1658 contendentes,
2384 1610 2504 1647 eam

1462 1682 1711 1719 amovere
1747 1671 1921 1719 conati
1955 1673 2105 1732 sunt,
2151 1670 2247 1720 sed
2290 1672 2504 1736 proprie

1462 1744 1832 1808 accipiendum
1883 1759 1948 1794 ex
1983 1744 2135 1796 solito
2169 1747 2504 1808 antiquorum

1462 1833 1630 1869 more.
1718 1818 2022 1870 Callimachi
2082 1822 2272 1882 Hymn.
2334 1820 2503 1886 Apoll

1462 1894 1518 1944 3:
1574 1894 1689 1944 Καὶ
1720 1890 1908 1959 δήπου
1952 1891 2023 1945 τὰ
2063 1892 2311 1966 θύρετρα
2351 1893 2504 1962 καλῷ

1463 1966 1596 2019 ποδὶ
1620 1968 1835 2032 Φοῖβος
1857 1964 2122 2040 ἀράσσει.
2161 1970 2324 2021 Plaut.
2353 1973 2501 2022 Most.

1462 2046 1513 2106 2,
1559 2046 1608 2105 2,
1655 2046 1746 2094 23ῑ
1799 2046 2049 2107 pulsando
2098 2046 2305 2107 pedibus
2346 2059 2508 2107 paene

1462 2120 1688 2182 confi-091·
1719 2120 1865 2168 hasce
1897 2120 2070 2168 ambas
2105 2120 2294 2183 (fores).
2355 2119 2502 2168 Ovid.

1466 2194 1676 2244 Heroid.
1713 2196 1805 2252 24,
1843 2194 1937 2245 46ι
1980 2196 2282 2256 Persephone
2313 2201 2510 2244 nostras

1456 2269 1629 2330 pulsat
1661 2270 1842 2318 acerba
1872 2270 2020 2331 sores.
2048 2297 2102 2304 —
2140 2269 2387 2332 tabernas]
2413 2269 2509 2317 hu—

1466 2342 1617 2393 miles
1685 2345 1984 2393 tenuiorum
2040 2343 2390 2393 habitationes
2458 2344 2506 2391 in

1464 2417 1700 2481 oppidis,
1761 2418 1869 2466 ruri
1927 2419 2159 2480 tuguria,
2219 2431 2388 2467 casas.
2449 2445 2500 2452 σ-

1464 2506 1625 2553 aequo
1646 2519 1675 2529 -·
1697 2519 1726 2529 -
1748 2494 2046 2556 Romamque]
2093 2495 2149 2542 ln
2184 2507 2340 2557 prosa
2384 2506 2506 2541 ora—

1468 2568 1608 2616 tione
1645 2581 1801 2627 aeque
1822 2594 1850 2603 -
1872 2594 1900 2603 -
1924 2582 1985 2615 ac
2019 2566 2100 2617 vel
2135 2573 2181 2616 οι
2211 2580 2402 2630 regnem.
2441 2567 2500 2614 V.

1465 2641 1558 2691 Od.
1598 2642 1647 2701 2,
1688 2642 1766 2701 48,
1805 2642 1885 2690 32.
1958 2642 2060 2690 Cfr.
2107 2641 2259 2690 Hand
2291 2643 2437 2690 Turs.
2467 2642 2502 2688 1.

1534 2789 1612 2840 44.
1651 2790 1830 2853 turres]
1867 2789 2188 2853 locupletum
2223 2789 2386 2839 aedes
2421 2803 2510 2839 ex-

1466 2862 1736 2914 celsiores.
1780 2892 1834 2899 —
1871 2864 2025 2927 beate]
2064 2867 2168 2926 «tu,
2211 2865 2300 2927 qui
2335 2867 2508 2914 omni-

1466 2939 1568 2989 bus
1600 2939 1738 2987 vitae
1774 2939 2069 2989 commodis
2107 2938 2250 3002 large
2287 2940 2384 2989 frui
2419 2953 2508 2990 so-

1466 3013 1586 3064 litus
1622 3027 1708 3072 ee,
1746 3015 1800 3063 et
1836 3015 1922 3075 iis,
1961 3027 2099 3076 quae
2132 3016 2312 3064 mente
2348 3018 2508 3078 atque

1466 3090 1699 3151 ingenim
1738 3091 1791 3138 et
1824 3090 2034 3148 ceteris,
2071 3103 2210 3152 quae
2244 3088 2507 3153 opulentia

1466 3164 1765 3227 comparari
1797 3165 2070 3227 possunt„

1533 3239 1610 3288 45.
1649 3238 1859 3301 summm]
1897 3239 2020 3300 quia
2054 3251 2120 3287 ex
2142 3237 2358 3300 singulis
2393 3237 2509 3287 die-

1466 3312 1570 3362 bus
1602 3312 1879 3363 conficitur
1899 3311 2064 3362 breve
2088 3313 2225 3361 vitae
2259 3312 2505 3375 spatium.

1472 3415 1526 3423 —
1562 3402 1698 3449 spem
1727 3413 1794 3423 --
1825 3387 2043 3451 lonqmn]
2095 3387 2214 3436 Tac.
2253 3390 2385 3436 Anu.
2426 3386 2508 3446 43,

1470 3463 1559 3512 37;
1599 3464 1782 3511 omissa
1812 3475 1897 3523 spe
1918 3462 2192 3524 longinqua
2212 3466 2259 3510 et
2289 3474 2419 3509 sora.
2451 3486 2504 3495 —

1466 3536 1716 3600 inchoare]
1762 3549 1981 3600 semper
2022 3535 2281 3598 significat
2312 3535 2379 3582 ita
2416 3533 2511 3582 ali-

1471 3611 1597 3674 quid
1632 3612 1891 3675 incipere,
1930 3613 1988 3660 ut
2020 3623 2126 3660 non
2161 3609 2384 3659 finiatur.
2422 3610 2513 3658 Se-

1472 3699 1604 3735 neca
1641 3687 1734 3749 Ep.
1776 3687 1895 3735 ⁴0⁴:
1953 3687 1992 3734 0
2034 3690 2225 3746 quanta
2266 3684 2512 3733 danmatio

1470 3766 1539 3810 est
1570 3774 1680 3822 spes
1711 3761 1888 3824 {onyas
1921 3759 2287 3809 inchoantium!
2338 3759 2510 3808 Simo-

1468 3835 1621 3886 nides
1687 3836 1892 3897 Fragm.
1963 3833 2043 3884 34.
2119 3832 2506 3883 Schneidewin:

1464 3905 1802 3997 Ἀνθρώπων
1858 3903 2053 3974 ὀλίγον
2106 3906 2216 3973 μὲν
2279 3904 2508 4005 κάρτος

1468 3999 1761 4054 απρηκτοι
1792 3982 1855 4033 δὲ
1885 3978 2221 4048 μεληδόνες,
2257 3982 2428 4034 Αιωνι
2461 3983 2508 4032 δ’

1470 4059 1532 4111 ἐν
1566 4056 1766 4149 παύρῳ
1801 4054 1980 4121 πόνος
2021 4051 2178 4123 ἀμφὶ
2221 4054 2393 4125 πόνῳ·
2442 4053 2509 4107 Ο

1469 4132 1517 4184 δ’
1552 4127 1820 4195 ἄφυκτος
1844 4132 2214 4224 ἐπικρέμαται
2237 4130 2505 4194 θάνατος·

1474 4209 1679 4259 Κείνου
1712 4203 1823 4279 γὰρ
1856 4205 1985 4258 ἴσον
2020 4206 2203 4269 λάχον
2226 4207 2288 4257 σι’
2306 4222 2335 4255 τ
2374 4200 2510 4272 ἀγα-

1472 4284 1573 4335 θοὶ
1607 4277 1770 4346 ὅστις
1803 4298 1862 4334 τε
1895 4280 2093 4346 κακός.
