3234 4975
647 419 770 485 452

1414 420 1670 470 HORATII
1707 419 2044 471 CARMINUM

904 577 1028 656 Qui
1071 577 1286 642 Musas
1332 586 1500 641 amat
1544 575 1854 661 impares,

983 699 1223 763 Ternos
1267 706 1365 762 ter
1407 694 1676 786 cyathos
1723 695 2032 760 attonitus
2069 704 2243 780 petet

900 821 1121 897 Vates;
1171 827 1302 884 tres
1346 815 1649 905 prohibet
1693 836 1890 902 supra

982 940 1282 1006 Rixamm
1324 947 1620 1003 metuens
1666 947 1928 1023 tangere
1974 936 2190 1002 Gratia

904 1095 1106 1163 Nudis
1150 1097 1363 1162 iuncta
1408 1095 1762 1161 sororibus.

981 1218 1265 1283 insanire
1312 1217 1516 1282 iuvat:
1563 1237 1682 1283 cur
1724 1216 2149 1304 Berecyntiae

896 1339 1167 1406 Cessant
1208 1337 1466 1404 flamina
1510 1336 1755 1404 tibiae?

980 1459 1109 1525 Cur
1152 1458 1392 1545 pendet
1435 1459 1626 1525 tacita
1667 1457 1880 1524 fistula
1924 1477 2072 1524 cum
2117 1456 2307 1546 lyra?

771 1649 851 1698 ⁴5.
888 1648 982 1697 tris
1014 1647 1094 1697 ΒΤ
1116 1684 1128 1707 ,
1165 1646 1449 1697 BentleiuS.

639 1827 692 1864 v.
730 1815 1026 1865 Commodus
1074 1816 1129 1863 et
1177 1826 1276 1863 nos
1326 1812 1395 1862 ad
1428 1814 1589 1877 Epist.
1628 1814 1686 1873 2,

639 1889 697 1949 2,
724 1889 806 1937 70.
842 1886 1008 1937 Plaut.
1037 1887 1178 1937 Asin.
1207 1887 1264 1947 3,
1291 1886 1348 1947 3,
1387 1887 1514 1937 ⁴36:
1550 1901 1690 1937 com-

636 1963 812 2011 modas
842 1963 1041 2022 minas,
1089 1962 1349 2023 integrae,
1399 1961 1519 2010 iusti
1552 1973 1691 2024 pon-

636 2034 819 2096 deris.)
849 2062 903 2072 -
942 2033 1232 2084 Retinenda
1267 2036 1447 2083 autem
1479 2034 1692 2083 videtur

637 2108 896 2159 librorum
961 2107 1118 2158 lectio
1185 2109 1488 2169 miscentur,
1564 2108 1687 2172 quia

637 2180 949 2245 simpliciter
973 2184 1178 2243 narrat,
1217 2195 1281 2230 ex
1303 2194 1453 2232 more
1478 2182 1531 2231 in
1556 2194 1689 2231 con-

634 2257 787 2307 viviis
838 2256 994 2306 solito
1043 2256 1182 2305 hanc
1229 2254 1314 2306 vel
1364 2255 1507 2307 illam
1551 2257 1687 2307 meri

637 2344 761 2381 cum
796 2344 934 2394 aqua
970 2332 1278 2382 mixtionem
1313 2332 1548 2381 convivis
1588 2344 1687 2396 pro

639 2417 831 2455 eorum
866 2404 1035 2454 lubitu
1068 2406 1278 2469 apponi.
1318 2407 1393 2454 lta
1428 2406 1688 2467 Rutgersii

640 2480 945 2530 coniectura
994 2480 1261 2530 miscentor
1304 2482 1450 2529 certe
1495 2493 1689 2529 neces-

640 2555 779 2605 saria
814 2567 920 2603 non
953 2550 1065 2604 est?

707 2701 912 2751 43-45.
962 2702 1208 2766 &rapat-es]
1261 2702 1457 2752 Earum
1492 2714 1687 2751 nume-

637 2789 760 2826 rum
783 2778 1129 2826 novenarium
1154 2777 1431 2839 significat.
1470 2804 1525 2812 —
1567 2778 1687 2826 Ter-

631 2862 724 2900 nos
756 2855 832 2899 tor
863 2851 1083 2913 cyathos]
1122 2851 1266 2901 Haec
1299 2863 1514 2914 quoque
1546 2862 1688 2901 nunc

633 2925 764 2987 puto
827 2924 1112 2973 commode
1181 2923 1430 2988 explicari
1501 2938 1683 2989 posse.

638 2999 875 3057 «Sane»,
929 2999 1122 3060 inquit,
1181 3001 1377 3061 «poeta
1413 3001 1683 3061 attenuas,

633 3067 1023 3134 ἐνθουσιάζων
1044 3108 1058 3132 ,
1112 3074 1290 3135 spreta
1343 3072 1542 3123 leviore
1599 3073 1685 3125 illa

634 3145 911 3204 mixtione,
970 3144 1241 3195 fortiorem
1291 3149 1439 3210 petet
1488 3160 1686 3199 novem

633 3219 744 3268 vini
765 3218 1081 3278 cyathorum
1114 3232 1238 3268 cum
1274 3219 1443 3270 tribus
1479 3234 1682 3284 aquae;

633 3294 1007 3342 verumtamen
1056 3305 1163 3342 non
1206 3294 1350 3357 petet
1395 3299 1496 3344 tros
1526 3309 1688 3358 supra

633 3380 811 3416 novem
843 3366 948 3417 vini
983 3367 1208 3428 cyathos
1230 3404 1242 3427 ,
1297 3367 1350 3416 id
1386 3371 1492 3430 est,
1547 3369 1686 3420 duo-

638 3442 842 3502 decim,
878 3440 963 3491 vel
988 3440 1132 3503 quod
1156 3440 1299 3491 idem
1326 3446 1434 3503 est,
1473 3456 1685 3495 merum

636 3514 776 3567 nulla
800 3527 1021 3579 prorsus
1052 3527 1189 3578 aqua
1214 3515 1436 3567 dilutum
1452 3556 1464 3578 ,
1502 3520 1686 3582 provi-

637 3589 765 3650 dus,
791 3603 859 3641 ne
885 3590 1029 3639 rixae
1056 3590 1342 3648 oriantur.»
1378 3592 1506 3642 Tota
1531 3593 1598 3643 de
1624 3607 1682 3644 re

640 3663 736 3714 cfr.
776 3665 937 3714 etiam
970 3663 1190 3713 Beckeri
1226 3664 1403 3713 Gallus
1436 3666 1537 3728 (ed.
1575 3665 1683 3728 alt.)

635 3740 676 3788 1.
702 3750 755 3801 p.
785 3738 880 3787 490
904 3751 1055 3801 seqq.
1104 3736 1268 3787 Aliter
1284 3737 1411 3787 olim
1430 3739 1688 3803 iuterpre-

640 3816 780 3864 tatus
795 3826 931 3874 sum,
965 3814 1040 3862 uti
1056 3811 1265 3863 videbis
1292 3814 1344 3862 in
1359 3813 1597 3864 Excursu
1615 3813 1685 3864 ad

634 3886 690 3936 h.
712 3884 767 3945 1.,
790 3898 954 3950 quem
978 3887 1212 3947 servavi,
1241 3898 1343 3935 non
1362 3887 1505 3948 quod
1525 3886 1689 3951 expli-

637 3961 900 4011 cationem
918 3961 1091 4023 ipsam
1110 3961 1413 4010 etiamnunc
1435 3960 1681 4024 probem,

637 4033 736 4085 sed
770 4034 893 4096 quia
928 4035 1071 4083 varia
1105 4035 1211 4084 huc
1238 4047 1367 4085 sane
1391 4036 1684 4098 spectantia

638 4108 889 4159 continet.
958 4135 1013 4143 —
1073 4108 1335 4172 ananum]
1397 4105 1685 4180 «ἐμβρόν-

637 4195 827 4248 τητος,
868 4181 1043 4232 furore
1081 4185 1339 4247 percitus,
1378 4183 1682 4248 beqeisterl.»

639 4254 886 4307 Similiter
928 4259 1204 4307 Anacreon
1250 4255 1318 4306 de
1361 4270 1420 4307 se
1458 4257 1681 4318 (Anecd.

2734 1457 2815 1523 ΞΟ

1763 1813 2001 1863 Cramer.
2039 1814 2077 1861 1.
2113 1824 2235 1875 pag.
2275 1812 2440 1875 288.):
2493 1812 2559 1861 αἱ
2610 1811 2673 1863 δέ
2702 1828 2811 1879 μευ

1762 1887 1968 1957 φρένες
2000 1884 2447 1948 ἐκκεκωφέαται.

1828 1962 1908 2010 46.
1932 1961 2011 2011 47.
2051 1962 2237 2011 Gratia
2254 1963 2383 2027 cet.]
2423 1963 2583 2012 «Tres
2600 1963 2809 2013 Gratiae

1764 2035 2027 2084 iunctae.»
2063 2034 2158 2085 Od.
2196 2033 2254 2095 4,
2291 2036 2348 2095 7,
2387 2036 2446 2085 δε
2484 2036 2667 2086 Gratia
2699 2049 2814 2086 cum

1762 2110 2005 2171 Nymphis
2043 2110 2347 2173 yemim'squo
2387 2109 2657 2159 sororibus.
2712 2110 2808 2160 Od.

1765 2185 1819 2244 4,
1857 2184 1947 2243 30,
1983 2186 2046 2234 5:
2094 2185 2268 2233 solutis
2309 2184 2518 2233 Gratiae
2554 2185 2711 2234 zonis.
2753 2211 2808 2219 —

1761 2257 1944 2321 Nudis]
2008 2258 2140 2308 Vide
2196 2254 2585 2321 pulcherrimas
2640 2257 2813 2308 nuda-

1763 2326 1883 2382 rum
1902 2332 2203 2382 Gratiarum
2224 2333 2484 2394 imagines
2505 2332 2560 2381 in
2576 2332 2810 2382 visconti

1761 2408 1891 2457 Mus.
1938 2406 2166 2455 Pioclom.
2215 2406 2301 2455 IV.
2350 2406 2406 2454 T.
2458 2405 2538 2456 43.
2581 2408 2805 2456 Momm.

1763 2481 1945 2545 Borqh.
2002 2482 2040 2531 I.
2093 2481 2150 2530 T.
2206 2480 2254 2530 3.
2309 2480 2438 2531 item
2498 2480 2551 2530 in
2600 2481 2807 2545 pictura

1762 2556 2083 2618 Pompeiana
2127 2555 2181 2603 in
2223 2555 2354 2604 Mus.
2390 2553 2606 2604 Borbon.
2676 2555 2806 2605 vm.

1762 2630 1818 2678 T.
1856 2629 1933 2688 3.·,
1983 2629 2144 2678 etiam
2179 2629 2233 2679 in
2267 2630 2490 2678 Monam.
2527 2629 2658 2677 inea.
2696 2629 2806 2679 aar

1760 2702 1878 2752 [nst.
1916 2703 2056 2752 arch.
2098 2703 2161 2751 11.
2209 2703 2266 2751 T.
2306 2701 2418 2763 47„
2457 2700 2585 2762 ubi,
2623 2704 2682 2752 ut
2714 2715 2806 2753 so·

1761 2774 1874 2825 lent
1904 2776 1956 2825 in
2001 2776 2359 2826 monumentis
2401 2776 2655 2840 antiquis,
2708 2777 2812 2827 sso-

1763 2862 1875 2910 res,
1913 2850 2088 2914 spicas
2123 2852 2178 2900 et
2210 2847 2412 2899 malum
2446 2848 2693 2902 manibus
2727 2853 2812 2902 te-

1763 2925 1906 2974 nent.
1942 2923 2193 2974 Vestibus
2228 2926 2412 2974 contra
2447 2924 2663 2975 indutae
2686 2927 2812 2976 sunt

1760 2999 1814 3048 in
1867 2997 2104 3048 Gerhard
2156 2999 2313 3060 antiq,
2362 2998 2542 3047 Bildw.
2590 3000 2627 3048 Ι.
2676 2997 2805 3048 Tab.

1763 3071 1961 3131 ⁴446„
2007 3070 2192 3122 Clarae
2231 3072 2404 3122 Μυεόσ
2447 3072 2506 3122 de
2537 3072 2712 3134 sculpe.
2748 3074 2805 3123 T.

1763 3146 1897 3206 473,
1939 3148 2069 3196 Mus.
2105 3145 2321 3195 Boo-bon.
2357 3146 2420 3194 V.
2456 3146 2513 3194 T.
2550 3146 2630 3195 39.

1828 3220 1906 3270 48.
1935 3220 2013 3270 49.
2045 3219 2288 3283 Insanit-e]
2318 3218 2627 3279 «bacchari,
2653 3231 2809 3269 amo-

1761 3295 1827 3345 tis
1861 3296 2040 3344 tamen
2086 3294 2264 3343 rixis.»
2334 3292 2429 3343 Od.
2467 3291 2525 3351 4,
2577 3294 2666 3353 ⁴2,
2714 3294 2805 3345 28:

1759 3369 1916 3417 Dulce
1953 3372 2025 3417 est
2071 3368 2292 3429 desipere
2339 3367 2394 3415 in
2437 3367 2561 3416 loco.
2612 3392 2667 3403 -
2716 3379 2811 3416 ow·

1759 3441 2099 3505 Beroe-mutim]
2160 3441 2310 3491 «Cur
2345 3442 2580 3496 „cessant
2635 3438 2810 3490 tibici-

1761 3528 1858 3566 nes
1900 3515 2171 3585 Φρυγιστὶ
2214 3517 2485 3565 canere‘?·
2539 3515 2811 3575 Berecyn-

1761 3591 1863 3648 tus,
1890 3589 2149 3652 Phrygiae
2174 3601 2348 3649 mons,
2375 3586 2468 3637 uhi
2490 3588 2810 3652 praecipuus

1760 3660 1932 3713 cultus
1956 3663 2134 3714 Matris
2157 3663 2320 3714 deum
2349 3675 2573 3724 magnae
2598 3660 2807 3711 Idaeae.

1760 3735 1958 3797 Tih.2‚
2005 3738 2061 3798 4,
2105 3737 2195 3788 86;
2246 3737 2463 3800 Phryqio
2498 3736 2621 3785 tibia
2652 3747 2812 3784 curva

1760 3823 1900 3872 sono,
1940 3814 1995 3862 et
2029 3812 2248 3875 quidem
2282 3812 2543 3875 graviore.
2593 3810 2806 3860 Aristot.

1762 3883 1909 3936 Polit.
1939 3886 1993 3948 4,
2030 3886 2088 3947 8,
2127 3887 2187 3936 6:
2226 3879 2334 3936 οὐκ
2367 3878 2527 3935 ἔστιν
2563 3877 2598 3933 ὁ
2632 3876 2810 3945 αὐλὸς

1761 3951 2000 4024 ἠθικόν,
2052 3954 2201 4009 ἀλλὰ
2244 3956 2470 4024 μᾶλλον
2518 3952 2811 4028 ὀργιαστι-

1760 4029 1885 4083 κόν.
1958 4033 2119 4096 (Hinc
2167 4033 2437 4096 insanire.)
2491 4060 2547 4069 --
2597 4032 2811 4096 nantino

1760 4107 1926 4172 tibiae]
1975 4108 2154 4173 Eurip.
2200 4107 2397 4157 Phoen.
2444 4106 2567 4157 788:
2620 4098 2807 4155 λωτοῦ

1761 4178 2075 4246 πνεύματα.
2142 4182 2335 4232 Bacch.
2404 4180 2527 4230 ⁴27:
2580 4173 2810 4246 ἡδυβόᾳ

1761 4258 2017 4328 Φρυγίων
2052 4248 2251 4308 Αὐλῶν
2274 4250 2570 4319 πνεύματι.
2614 4251 2804 4303 Troad.
