3234 4975
1232 394 1435 446 LIBER.
1509 396 1705 448 CARM.
1743 396 1895 446 xvii.

2491 395 2613 459 739

703 548 852 615 Tuis
895 548 1163 636 capillus
1216 548 1400 617 albus
1445 561 1544 617 est
1588 550 1940 630 odoribus;

701 667 954 735 Nullum
1003 669 1085 736 ab
1131 668 1356 736 labore
1394 690 1498 737 me
1545 669 1816 738 reclinat
1864 671 2096 751 otium;

703 788 898 874 Urget
944 788 1120 856 diem
1159 809 1287 856 nox
1337 799 1403 856 et
1446 789 1588 857 dies
1632 799 1914 869 noctem,
1961 811 2176 879 neque
2219 802 2319 857 est

2537 793 2619 856 25

699 908 947 975 Levare
989 916 1162 976 tenta
1202 909 1430 996 spiritu
1481 909 1886 997 praecordia.

704 1027 872 1114 Ergo
915 1038 1219 1116 negatum
1268 1031 1492 1097 vincor
1535 1039 1607 1096 ut
1650 1030 1915 1098 credam
1958 1032 2184 1104 miser,

655 1147 672 1164 '
706 1146 963 1215 Sabella
1005 1158 1233 1234 pectus
1276 1151 1614 1237 increpare
1661 1152 1945 1218 carmina

708 1269 1047 1356 Caputque
1093 1269 1303 1336 Marsa
1345 1267 1629 1336 dissilire
1676 1270 1884 1336 nenia.

706 1388 877 1468 Quid
929 1387 1204 1475 amplius
1251 1389 1349 1455 vis
1372 1388 1405 1453 Ῥ
1450 1389 1508 1456 O
1541 1409 1757 1466 mare,
1805 1410 1845 1457 o
1877 1400 2077 1467 terra,
2126 1392 2354 1468 ardeo,

2542 1394 2624 1458 30

704 1511 1028 1589 Quantum
1068 1529 1284 1596 neque
1333 1518 1471 1575 atro
1514 1508 1843 1577 delibutus
1896 1509 2207 1578 Hercules

700 1628 887 1695 Nessi
938 1648 1201 1706 cruore,
1249 1649 1372 1697 nee
1422 1629 1657 1696 Sicana
1701 1630 1947 1697 fervida

703 1748 929 1814 Virens
978 1749 1043 1814 in
1093 1750 1294 1816 Aetna
1338 1747 1630 1830 flamma;
1674 1760 1774 1826 tu,
1822 1749 2031 1818 donec
2079 1750 2240 1818 cinis

581 1889 666 1941 24.
704 1904 740 1940 a
771 1889 1039 1952 Bbc,LCt,
1077 1889 1363 1942 Bentleius.
1405 1891 1485 1955 (Ut
1516 1904 1640 1954 nos,
1677 1892 1733 1953 T,
1760 1889 1802 1952 β
1837 1905 1992 1942 «cum
2025 1892 2239 1944 duobus
2273 1892 2458 1958 aliisu.)
2501 1924 2551 1934 —

515 1966 599 2014 25.
632 1965 816 2029 Uryuoc
837 1966 893 2014 T.
933 1992 988 2002 -
1025 1964 1106 2015 30.
1141 1977 1288 2016 marc
1308 1970 1355 2016 ct
1374 1970 1515 2015 terra
1535 1965 1829 2026 BbT,LCtJ.
1870 1967 2129 2030 (Correxit
2151 1981 2215 2018 ex
2234 1970 2445 2019 Acrone
2470 1973 2555 2020 «et

518 2038 664 2088 edito
697 2040 754 2088 et
782 2040 1177 2103 manuscripto»
1212 2038 1402 2103 Bentl.)
1444 2066 1499 2076 —
1535 2039 1619 2090 33.
1663 2040 1833 2090 Vir-ens
1864 2041 1994 2104 BTc,
2020 2039 2125 2112 βρ,
2163 2055 2259 2092 sex
2292 2043 2556 2104 Pettierii,

516 2114 653 2163 Lct:
697 2114 854 2164 Urens
881 2112 945 2174 b,
985 2114 1154 2164 Codd.
1182 2113 1400 2164 Bentleii
1434 2116 1652 2178 praeter
1671 2111 1780 2184 βρ,
1816 2116 1949 2165 Pott.
1978 2117 2172 2176 ceteri,
2209 2117 2402 2166 Furens
2435 2130 2558 2167 cum

523 2186 691 2237 Pulm.
728 2199 837 2236 uno
858 2224 871 2248 ,
907 2188 1221 2238 Bersmanni
1254 2187 1447 2248 altero,
1485 2187 1689 2252 aliquot
1719 2189 1867 2239 Torr.
1904 2188 2071 2239 Bentl.
2129 2191 2208 2254 (Ut
2241 2204 2368 2251 nos,
2405 2191 2471 2253 J.)
2502 2220 2555 2229 -

516 2265 609 2310 tua
629 2287 659 2297 -
680 2286 710 2297 -
735 2260 871 2310 Celet
901 2260 1069 2311 Bentl.
1109 2262 1187 2324 (Ut
1218 2274 1343 2321 nos,
1380 2260 1558 2324 Bb'l'c,
1600 2262 1703 2311 nisi
1737 2261 1882 2325 quod
1916 2261 1982 2312 b:
2021 2267 2128 2313 tum
2160 2275 2259 2326 pro
2292 2264 2390 2328 tu.)

450 2379 655 2442 reliqna
675 2393 808 2440 oasa,
833 2380 1033 2444 quippe
1052 2393 1192 2443 quae
1209 2380 1373 2431 rubra
1391 2393 1499 2431 non

451 2455 650 2505 essent.
694 2477 749 2490 -
799 2453 1032 2519 capillus]
1075 2457 1194 2505 «tua
1240 2455 1497 2506 veneficia

450 2528 582 2578 mihi
617 2527 866 2578 canitiem
888 2526 1229 2579 attuleruut.»
1271 2529 1495 2580 Theocr.

450 2603 482 2652 2
502 2639 515 2663 ,
551 2602 643 2653 89:
664 2594 907 2671 ’Ἐρῤευν
937 2598 984 2650 δ’
1016 2600 1082 2652 ἐκ
1113 2600 1375 2665 κεφαλᾶς
1395 2599 1501 2653 πᾶ-

449 2690 552 2726 σαι
585 2677 806 2746 τρίχες,
841 2669 992 2726 αὐτὰ
1023 2674 1087 2727 δὲ
1120 2673 1294 2728 λοιπὰ
1323 2671 1496 2728 'Ome'

446 2743 524 2799 ἔτ’
571 2740 644 2815 ἧς
686 2750 787 2800 καὶ
834 2747 1036 2821 δέρμα.
1106 2752 1293 2802 Odon-cs
1341 2753 1500 2802 vocat

447 2837 603 2875 sacra
649 2825 877 2888 magica,
932 2823 1076 2887 quod
1121 2826 1177 2876 in
1222 2827 1298 2876 eis
1331 2825 1498 2876 multa

449 2900 689 2948 aromata
764 2900 987 2948 urantur
1059 2912 1125 2949 ac
1195 2898 1498 2950 suffimenta

447 2971 594 3022 fiant.
648 2998 699 3010 —
749 2971 987 3036 rectem]
1039 2971 1224 3023 «velut
1275 2973 1330 3022 in
1378 2973 1497 3022 toro

449 3047 719 3096 iacentem
751 3044 980 3106 relaxat,
1016 3048 1282 3096 recreat.»
1319 3070 1375 3082 —
1408 3046 1499 3095 Ur*-

444 3118 543 3185 qct]
592 3121 734 3170 «Nec
778 3118 865 3170 die
912 3131 1091 3183 neque
1136 3122 1299 3170 noctu
1341 3120 1498 3183 quie-

447 3196 560 3244 tem
575 3193 813 3257 reperire
831 3195 940 3244 iam
953 3206 1146 3256 queo.»
1164 3221 1219 3230 —
1238 3206 1396 3256 nequo
1410 3192 1497 3256 cst]

446 3260 566 3318 οὐδ’
598 3261 784 3329 ἔστιν,
810 3260 931 3319 οὐδ’
953 3259 1194 3331 ἔξεστιν.
1230 3268 1496 3318 «Distenta

445 3342 575 3391 mihi
607 3343 733 3392 sunt
770 3340 1004 3394 anhelitu
1049 3341 1364 3406 praecordia
1396 3354 1497 3391 ne-

446 3426 553 3477 que
577 3427 640 3465 ea
662 3415 975 3479 respirando
1010 3414 1190 3466 levare
1219 3428 1494 3480 possum.»

509 3487 689 3539 27-29.
724 3488 917 3551 vincor]
953 3488 1360 3552 «Experimento
1394 3488 1496 3539 do-

445 3562 565 3612 ctus
599 3573 762 3624 cogor
793 3573 937 3611 nune
969 3560 1024 3611 id
1058 3561 1283 3612 eredere
1297 3601 1309 3623 ,
1348 3562 1494 3626 quod

445 3636 602 3686 antea
633 3636 932 3701 praefracte
966 3649 1272 3700 negaram.»
1301 3665 1354 3674 -
1391 3638 1495 3688 Sa-

444 3709 588 3773 bella]
624 3710 731 3759 Sat.
770 3710 829 3771 ⁴,
866 3710 926 3770 9,
961 3711 1045 3761 29.
1081 3709 1321 3762 Sabellae
1355 3724 1492 3762 anus

443 3795 547 3847 pro
600 3783 741 3845 sagis
796 3782 1150 3834 habebantur.
1215 3811 1270 3821 —
1319 3789 1494 3847 poem

442 3856 725 3920 increpare]
762 3856 1142 3909 «formularum
1163 3860 1492 3922 magicarum

441 3930 752 3981 vehementi
800 3943 1076 3982 murmure
1115 3945 1181 3983 ac
1229 3931 1493 3984 terriculis

445 4004 660 4055 intimos
701 4016 893 4055 sensus
937 4005 1282 4070 percellere.»
1322 4034 1375 4042 —
1401 4018 1494 4056 nc-

443 4077 550 4140 nia]
585 4090 806 4129 carmen
838 4076 1172 4139 maleficum;
1208 4078 1366 4131 nursi
1394 4092 1493 4130 au-

445 4156 558 4203 tem
600 4155 754 4204 erant
801 4151 992 4203 harioli
1036 4154 1091 4202 et
1137 4154 1493 4203 incantatores

1570 2380 1719 2432 Ovid.
1758 2381 1896 2432 Fast.
1933 2382 1989 2443 6,
2030 2380 2144 2432 442.
2196 2383 2259 2432 Α.
2294 2385 2356 2433 A.
2395 2383 2452 2443 2,
2493 2385 2616 2434 ⁴02:

1568 2456 1837 2516 Mixtaque
1876 2467 1993 2507 cum
2019 2455 2232 2520 magicis
2262 2457 2415 2506 nenia
2443 2457 2625 2509 Marsa

1568 2530 1717 2579 motis.
1746 2529 1895 2580 Conf.
1920 2528 2089 2594 Epod.
2110 2531 2169 2588 5,
2196 2529 2277 2579 76.
2309 2555 2365 2565 —
2391 2531 2619 2592 dissilire]

1571 2601 1764 2652 «veluti
1781 2601 2012 2666 dirumpi
2026 2616 2038 2662 ;
2065 2602 2339 2673 acerrimis
2349 2602 2623 2655 doloribus

1569 2677 1752 2727 vexari
1772 2678 1934 2740 atque
1950 2677 2181 2727 amentia
2201 2676 2355 2726 affici.
2367 2696 2390 2721 »
2408 2678 2623 2739 Angues

1570 2750 1788 2813 magicis
1811 2749 2136 2801 carminibus
2150 2752 2366 2815 proprie
2381 2764 2625 2813 rumpun-

1566 2828 1681 2885 tur,
1718 2824 1992 2885 αϋείὶᾶωηε,
2050 2825 2399 2888 diffinduntur.
2469 2825 2613 2887 virg.

1568 2897 1678 2949 Ecl.
1704 2899 1762 2960 8,
1788 2899 1869 2948 7⁴.
1897 2896 2047 2947 Ovid.
2074 2897 2214 2949 Med.
2236 2899 2355 2949 Fac.
2383 2899 2475 2948 39:
2512 2899 2616 2948 Noc

1565 2972 1761 3022 mediae
1828 2972 2017 3022 Marsis
2077 2972 2341 3035 naamam·
2393 2971 2620 3022 comibus

1567 3058 1773 3110 moues.
1808 3046 1928 3096 Am.
1952 3046 2014 3106 2,
2042 3046 2098 3106 Ι,
2123 3046 2207 3095 25.
2242 3046 2366 3097 Met.
2394 3046 2452 3108 7,
2489 3046 2612 3096 203:

1570 3119 1790 3184 (Medea)
1868 3119 2101 3181 V‘spmas
2145 3132 2328 3182 rumpo
2367 3119 2532 3170 vorbis
2573 3124 2622 3171 ct

1565 3193 1792 3243 camme
1836 3193 2127 3256 fauccsflic
2177 3194 2358 3244 tamen
2406 3195 2478 3243 ita
2532 3193 2619 3242 vix

1567 3267 1738 3330 accipi
1769 3267 1976 3331 potest,
2030 3265 2129 3317 sed
2162 3269 2247 3318 est
2281 3285 2306 3313 α
2321 3267 2619 3318 vehemen-

1566 3341 1801 3392 tissimos
1852 3340 2040 3404 capitis
2074 3337 2288 3390 dolores
2321 3342 2484 3404 pati.»

1634 3413 1812 3465 30-33.
1849 3414 1891 3463 0
1920 3413 2081 3477 marc]
2106 3412 2271 3464 Plaut.
2298 3415 2534 3464 Trinum.
2560 3413 2611 3474 4,

1566 3488 1624 3550 3,
1651 3488 1742 3538 63:
1777 3489 1951 3549 Marc,
1986 3492 2152 3548 terra,
2188 3486 2411 3547 caelum,
2447 3488 2499 3537 do·
2518 3500 2612 3538 vo-

1564 3566 1726 3611 stram
1754 3561 1934 3625 fldevn!
1969 3562 2087 3610 Ter.
2112 3557 2336 3625 Adelph.
2364 3562 2423 3621 5,
2459 3560 2517 3620 3,
2555 3560 2610 3612 4:

1565 3634 1859 3695 Ocaelum,
1918 3648 1947 3684 ο
1990 3637 2154 3694 terra,
2215 3648 2247 3683 ο
2291 3634 2465 3683 σπανία
2512 3635 2616 3685 Νο-

1555 3710 1734 3772 plani!
1766 3709 1860 3759 Est
1894 3706 2185 3771 quotidiani
2217 3708 2483 3758 sermonis
2517 3720 2616 3758 ex-

1563 3783 1811 3835 clamatio
1846 3782 1900 3833 in
1922 3793 1983 3832 re
2007 3780 2293 3831 horrenda.
2318 3808 2374 3818 —
2401 3795 2431 3830 ο
2453 3783 2611 3846 tona]

1563 3858 1755 3909 Misere
1782 3853 1997 3919 languet
2027 3853 2183 3905 lectio
2216 3866 2404 3905 rursus
2432 3867 2466 3904 a
2497 3855 2615 3906 Iah-

1565 3932 1654 3981 nio
1688 3931 1906 3993 recepta
1938 3934 1987 3981 et
2018 3934 2176 3980 terra.
2215 3953 2271 3964 -
2313 3927 2458 3978 delio.
2483 3928 2614 3979 Hor-

1562 4004 1697 4056 cules
1726 4004 1867 4054 Nessi
1898 4002 2092 4065 eruore]
2139 4000 2216 4052 Ct'.
2242 4000 2409 4066 Epod.
2449 4001 2505 4062 3,
2550 4003 2612 4051 47

1564 4091 1649 4141 sq.
1702 4077 1857 4128 Nessi
1894 4075 2143 4126 Centauri
2190 4076 2449 4138 imagines
2487 4073 2611 4125 vide

1563 4153 1620 4202 in
1669 4149 1910 4201 Gerhard
1964 4150 2169 4212 Vesana.
2215 4149 2279 4199 11.
2314 4150 2370 4198 T.
2410 4147 2606 4198 cxvii.

445 4226 678 4279 maxime
713 4227 1060 4291 serpentium.
1115 4223 1273 4277 Solin.
1309 4226 1367 4287 2,
1405 4226 1487 4276 27.
1566 4224 1783 4276 cxvm.
1814 4249 1870 4261 —
1902 4221 2086 4287 Virmn]
2122 4221 2408 4275 Lambinus
2442 4221 2609 4289 integ:
