3234 4975
642 391 764 456 ’108

1408 389 1665 445 HORATII
1707 392 2045 445 CARmNUM

1325 622 1795 686 cm
1833 623 2104 685 xm

1062 791 1256 859 Velox
1300 812 1645 859 amoenum
1689 812 1887 879 saepe
1931 790 2315 858 Lucretilem

1060 915 1256 980 Mutat
1295 914 1550 1003 Lycaeo
1593 915 1851 980 Faunus
1894 922 1957 979 et
2000 913 2253 1000 igneam

1141 1034 1440 1101 Defendit
1482 1045 1794 1101 aestatem
1837 1033 2102 1122 capellis

1226 1155 1448 1243 Usque
1489 1156 1654 1222 meis
1697 1156 2084 1244 pluviosque
2127 1166 2371 1222 ventos.

1061 1317 1327 1403 Impune
1369 1324 1576 1380 tutum
1617 1334 1737 1402 per
1778 1334 2008 1381 nemus
2054 1313 2317 1381 arbutos
2767 1316 2807 1378 5

771 1495 923 1546 XVII.
991 1495 1158 1545 Iuscr.
1194 1492 1332 1557 volg.
1401 1492 1478 1543 Ad
1513 1493 1858 1555 madenam.
1890 1521 1946 1530 —
1971 1492 2048 1543 Ad
2077 1494 2287 1544 eandem
2317 1494 2626 1543 merea-icem
2647 1495 2737 1543 ST.

711 1598 765 1607 —
802 1572 851 1620 ὅ.
920 1574 1078 1619 totum
1102 1581 1228 1620 cum
1261 1568 1428 1619 Codd.
1464 1567 1707 1619 Lambini
1731 1566 1899 1619 Bentl.
1944 1568 2136 1631 (Nostri
2167 1581 2354 1620 omnes
2387 1568 2589 1633 tratum.)

708 1728 860 1778 XVII.
913 1728 1150 1777 Amicam
1174 1727 1228 1775 in
1251 1724 1504 1776 Sabinum
1527 1737 1689 1775 suum
1758 1725 1933 1788 imago
1980 1728 2061 1775 est
2108 1726 2160 1775 in
2207 1726 2379 1776 Museo
2416 1725 2629 1776 Borbon.
2688 1725 2801 1775 Vol.

649 1803 847 1853 invitat.
883 1803 1116 1865 Tempus
1133 1839 1145 1862 ,
1188 1813 1294 1863 quo
1334 1801 1688 1863 compositum

644 1878 713 1927 sit
750 1889 995 1937 carmen,
1049 1874 1256 1924 definiri
1296 1875 1506 1937 usquin
1553 1873 1692 1922 refe-

645 1952 769 2001 runt
812 1952 993 2000 autem
1037 1948 1121 2000 alii
1160 1948 1228 1999 ad
1272 1962 1322 1999 a.
1359 1963 1412 1998 u.
1450 1961 1497 1998 c.
1550 1948 1687 2007 725„

645 2025 730 2075 alii
762 2023 831 2074 ad
865 2038 913 2074 a.
953 2025 1066 2073 727.

711 2099 758 2148 4.
795 2099 1024 2159 Faunus,
1063 2098 1364 2149 Latinorum
1391 2099 1691 2162 priscorum

647 2172 784 2224 deus
833 2171 1117 2235 silvestris,
1178 2171 1390 2223 oracula
1441 2172 1689 2231 fundenS,

647 2248 864 2298 Horatio
909 2247 1053 2298 idem
1106 2248 1216 2298 fere
1256 2250 1339 2298 est
1376 2260 1500 2298 cum
1535 2250 1694 2297 Grae-

647 2335 835 2371 corum
869 2324 1028 2382 Pane,
1059 2324 1118 2371 ut
1150 2322 1300 2372 Ovid.
1320 2324 1456 2372 Fast.
1483 2324 1534 2383 2,
1560 2321 1687 2373 424:

647 2397 852 2451 Faunus
887 2397 942 2445 in
987 2396 1209 2446 Arcadia
1247 2397 1435 2459 templa
1471 2399 1695 2459 Lycaeus

643 2470 803 2521 habet.
877 2470 982 2522 Cfr.
1034 2472 1293 2536 imprimis
1333 2472 1570 2524 Gerhard
1616 2472 1694 2522 del

644 2548 727 2597 dio
755 2548 932 2597 Fauno
961 2560 988 2596 e
1014 2549 1087 2598 de’
1118 2550 1226 2598 suoi
1248 2548 1463 2612 sequaci.
1507 2548 1694 2610 Napoli

646 2623 815 2683 ⁴825„
842 2623 930 2686 qui
954 2636 1007 2686 p.
1033 2624 1116 2673 27.
1149 2623 1388 2687 apposite
1424 2622 1580 2672 affert
1598 2636 1687 2672 vv.

645 2695 816 2747 Rutilii
863 2697 911 2758 ⁴,
961 2697 1085 2747 230:
1150 2698 1253 2747 Hoc
1296 2699 1409 2747 Inui
1460 2697 1693 2748 Castrmt

643 2771 1162 2834 fmnatidssepucat;
1200 2773 1404 2822 --Seu
1435 2773 1543 2822 Pan
1573 2773 1695 2834 Tyr-

642 2846 811 2895 rhenis
837 2848 1123 2897 mutavit
1153 2848 1394 2898 Maenala
1425 2848 1579 2909 silvis,
1615 2848 1696 2896 Si-

643 2933 704 2968 ve
737 2921 874 2969 sinus
905 2922 1103 2983 patrios
1145 2922 1311 2972 incola
1332 2923 1538 2972 Faunus
1578 2922 1688 2971 init.

645 2993 781 3043 Voss
824 2993 893 3043 ad
936 2995 1076 3058 Virg.
1113 2994 1221 3046 Ecl.
1266 2997 1314 3056 6,
1360 2997 1442 3046 27.
1509 2998 1691 3060 Itaque

647 3081 714 3118 ex
766 3068 975 3131 Lycaeo
1024 3068 1212 3132 (Schol.
1265 3069 1334 3119 ad
1371 3070 1596 3121 Theocr.
1641 3072 1689 3131 ⁴,

649 3141 774 3192 ⁴23:
828 3136 968 3214 ὄρος
1010 3140 1115 3209 τῆς
1154 3135 1446 3214 Ἀρκαδίας
1479 3142 1692 3210 κληθὲν

645 3209 764 3266 ἀπὸ
797 3214 1099 3281 Λυκάονος
1131 3216 1235 3268 τοῦ
1267 3217 1352 3268 He
1501 3216 1591 3280 οῦ,
1630 3218 1693 3269 ἐν

647 3281 694 3358 ᾦ
727 3298 999 3357 μαντεῖον
1031 3288 1272 3358 Πανός.)
1303 3307 1466 3359 saepe
1500 3295 1694 3358 migrat

647 3368 700 3420 in
764 3367 1109 3429 Lucretilem,
1169 3368 1486 3421 Sabinorum
1542 3383 1694 3421 mon-

645 3444 788 3504 tem,
855 3441 1008 3494 villae
1064 3444 1375 3494 Horatianae
1435 3445 1687 3505 vicinum,

645 3521 853 3582 partem
865 3518 1106 3569 hodierni
1123 3520 1290 3570 Monte
1307 3519 1556 3569 Gennaro.
1583 3521 1690 3568 Pan

646 3596 826 3643 autem
921 3586 1256 3665 ὀρειβάτης,
1354 3595 1688 3657 montemque.

647 3668 823 3733 Eurip.
851 3669 994 3733 apud
1025 3670 1179 3720 Dion.
1212 3666 1323 3718 Hal.
1354 3668 1422 3718 de
1447 3680 1687 3731 compos,

647 3757 701 3808 p.
737 3743 851 3795 426.
885 3744 1005 3794 Sch.
1058 3736 1126 3806 ὃς
1163 3757 1225 3793 τε
1259 3743 1466 3814 πέτρον
1493 3736 1690 3812 Ἀρκὰ-

646 3815 762 3867 δων
857 3815 1238 3889 δυσχείμερον
1335 3813 1686 3883 ἐμβατεύεις.

648 3891 797 3941 Ovid.
834 3893 970 3941 Fast.
1003 3895 1052 3953 2,
1079 3894 1192 3943 285.
1226 3893 1292 3943 de
1328 3893 1549 3943 eodem:
1585 3892 1693 3954 lpse

647 3966 768 4016 deus
792 3965 940 4015 veloce
973 3967 1251 4017 discurrere
1285 3968 1470 4032 aaudet
1495 3967 1550 4015 in
1576 3967 1693 4016 alcis

647 4039 914 4092 Montibus.
963 4041 1028 4092 Et
1058 4043 1229 4093 Nicias
1261 4043 1355 4106 Ep.
1393 4043 1441 4092 6.
1477 4039 1686 4092 Anthol.

649 4118 704 4168 T.
742 4117 788 4165 4.
825 4128 879 4179 p.
914 4115 1027 4164 ⁴8⁴.
1097 4116 1192 4166 Ed.
1237 4118 1375 4179 Lips.
1417 4116 1486 4167 de
1519 4117 1687 4166 Pane:

648 4191 841 4257 μίμνω
869 4182 1116 4240 Ἔνθάδε
1157 4187 1464 4240 Μαινάδων
1496 4186 1691 4241 κλιτὺν

649 4261 1077 4337 ἀποπρολιπὼν.
1136 4262 1492 4315 Pulcherrima
1529 4265 1690 4315 Fauni

1761 1800 1892 1849 vm.
1930 1801 1986 1849 T.
2018 1800 2100 1850 20.

1826 1875 1876 1923 2.
1938 1875 2015 1925 Ex
2048 1876 2351 1925 nostrarum
2389 1872 2685 1937 linguarum
2716 1889 2806 1924 ra-

1761 1949 1902 1999 tione
1954 1954 2210 1999 mutamus
2263 1962 2388 1999 eum
2437 1950 2807 2000 tantummodo

1760 2021 1956 2085 locum,
1995 2036 2156 2087 quem
2180 2022 2544 2087 relinquimus,
2572 2037 2694 2075 cum
2718 2038 2803 2086 eo,

1763 2111 1870 2162 quo
1904 2099 2319 2162 proficiscimur3
2356 2097 2520 2149 Latini
2555 2099 2623 2148 de
2655 2100 2806 2148 utro-

1763 2186 1867 2236 que
1892 2186 1944 2222 v.
1978 2178 2180 2223 mutare
2210 2176 2482 2237 usurpant.
2536 2172 2668 2224 Hinc
2700 2173 2807 2222 iam

1762 2248 2060 2298 Priscianus
2095 2248 2174 2297 ⁴8.
2203 2249 2258 2298 Τ.
2289 2247 2338 2297 2.
2368 2259 2420 2311 p.
2450 2247 2562 2297 ⁴92.
2596 2248 2681 2296 ΚΓ.
2719 2260 2810 2295 ex-

1760 2322 1947 2387 plicat:
1996 2336 2150 2387 «prot
2193 2323 2462 2385 Lycaeum
2494 2324 2663 2373 mutat
2702 2323 2806 2371 Lu-

1763 2397 1981 2448 cretili.»
2048 2399 2253 2448 Mutare
2295 2394 2408 2447 scil.
2459 2399 2541 2447 est
2589 2398 2644 2446 et
2688 2410 2806 2446 ver-

1759 2473 1992 2524 tauschen
2025 2474 2079 2522 et
2110 2472 2437 2522 eintauschen.
2510 2470 2615 2523 Cfr.
2654 2471 2801 2523 Ovid.

1763 2550 1899 2599 Fast.
1944 2548 1995 2608 4,
2048 2547 2171 2598 803:
2224 2548 2570 2609 Mutantesque
2606 2548 2808 2598 donnum

1762 2625 1900 2674 tectis
1937 2620 2227 2687 aqrestibm.
2313 2620 2447 2678 Vide
2493 2621 2562 2672 ad
2608 2623 2703 2672 Od.
2752 2622 2801 2683 2,

1827 2773 1875 2823 3.
1911 2771 2158 2835 Defendit]
2183 2769 2502 2835 «propulsat,
2527 2772 2725 2832 amet,-
2748 2774 2807 2820 ut

1764 2848 1902 2910 Virg.
1950 2843 2058 2897 Ecl.
2107 2847 2156 2906 7,
2210 2844 2300 2896 47:
2345 2844 2608 2895 solsticium
2634 2846 2806 2907 pecori

1762 2922 2016 2985 defendite.
2062 2921 2342 2983 Reperitur
2371 2920 2458 2970 hic
2486 2932 2615 2970 usus
2645 2920 2803 2970 etiam

1762 2997 1815 3045 in
1848 2995 2082 3059 pedestri
2111 2995 2365 3046 oratione.
2414 2995 2521 3044 Cic.
2560 2996 2671 3045 Cat.
2707 2996 2799 3044 ⁴5:

1760 3071 1941 3119 nimios
1986 3070 2104 3120 solis
2156 3070 2370 3133 defendit
2416 3070 2639 3118 ardores.
2704 3081 2804 3132 pro

1763 3147 1814 3195 S.
1850 3146 2039 3195 Roscio
2076 3146 2131 3194 ⁴:
2167 3145 2412 3194 inim-tam
2435 3147 2620 3205 putant
2651 3157 2804 3206 opor-

1760 3225 1863 3270 tere
1885 3220 2093 3284 defendi.
2165 3220 2270 3270 Csr.
2304 3232 2401 3270 nos
2432 3217 2501 3268 ad
2527 3219 2647 3269 Tac.
2678 3220 2799 3282 Agr.

1763 3295 1843 3344 30.
1912 3296 1995 3345 Sic
2035 3288 2274 3359 ἀμύνειν
2308 3295 2409 3344 cet.

1828 3368 1876 3420 4.
1919 3371 2077 3431 Usque
2098 3369 2238 3433 apud
2266 3370 2453 3433 poetas
2483 3381 2583 3433 pro
2605 3381 2657 3417 v.
2682 3379 2806 3417 sem-

1755 3457 1884 3507 per,
1926 3444 2139 3508 proprie
2180 3455 2353 3506 usque
2400 3442 2468 3493 ad
2517 3442 2803 3492 terminum

1762 3519 2039 3568 infinitum.
2088 3519 2198 3567 Iam
2231 3530 2422 3579 sompor
2453 3519 2509 3567 et
2539 3530 2684 3579 saepe
2709 3529 2808 3581 pu·
2897 3539 2916 3560 ο

1763 3605 1925 3655 gnare
1960 3593 2106 3642 ratus
2150 3592 2213 3642 H.
2251 3589 2561 3655 Peerlkamp
2605 3603 2807 3655 propo·

1762 3667 1867 3716 suit
1896 3667 2015 3728 ipse.
2064 3667 2260 3717 Omnes
2288 3667 2410 3716 ante
2434 3678 2559 3716 eum
2575 3664 2804 3715 lectores

1762 3740 2041 3804 cogitando
2118 3738 2517 3804 suppleveruntt
2601 3753 2796 3801 «usque

1764 3817 2039 3881 (semper),
2075 3828 2199 3864 cum
2227 3815 2441 3864 adest.»

1826 3893 1874 3940 ὃ.
1896 3891 1943 3939 6.
1969 3892 2133 3941 «Cum
2154 3889 2310 3939 Fauni
2328 3888 2627 3952 praesentia
2644 3893 2805 3937 tiaram

1762 3966 1831 4016 sit
1855 3977 2073 4022 nemus,
2113 3964 2341 4025 mune,
2377 3964 2492 4012 sine
2521 3961 2626 4012 ullo
2659 3963 2804 4026 peri·

1763 4038 1899 4100 cu10,
1932 4037 2055 4090 illud
2078 4041 2433 4103 pervagantur
2454 4037 2643 4097 deviae,
2679 4049 2801 4086 sae-

1760 4128 1859 4179 pe,
1910 4116 1969 4163 ut
2000 4113 2195 4174 solent,
2247 4124 2277 4161 a
2310 4111 2610 4162 tramitibus
2644 4110 2800 4160 deer-

1762 4192 1971 4248 rantes‚
2018 4200 2259 4252 caprae.»
2304 4216 2353 4223 —
2387 4188 2592 4248 Impune
2622 4185 2799 4246 muru}

1764 4265 1905 4315 llaec
1960 4260 2243 4312 cumulatio
2298 4273 2565 4311 summam
2626 4258 2799 4322 gregis
