3234 4975
1230 397 1345 446 un.
1385 398 1444 447 11.
1521 398 1578 447 c.
1617 397 1725 447 ΧΠ.
2484 398 2608 463 275

780 556 996 619 Poeno
1039 573 1441 640 purpureum
1482 553 1796 641 sanguine
1841 553 2142 621 mollibus

951 673 1170 761 Aptari
1215 672 1499 740 citharae
1545 674 1796 749 modiS,

776 835 908 899 Nec
953 853 1185 898 saevos
1231 831 1529 920 Lapithas
1577 841 1642 898 et
1684 832 1952 899 nimium
1994 854 2174 900 mero
2571 839 2610 899 ὃ

779 953 1098 1042 Hylaeum
1148 953 1557 1041 domitosque
1603 953 1926 1021 Herculea
1967 975 2161 1021 manu

782 1074 1051 1140 Telluris
1096 1074 1395 1149 iuvenes,
1441 1073 1617 1140 unde
1663 1074 2023 1162 periculum

951 1195 1227 1281 Fulgens
1270 1196 1660 1261 contremuit
1702 1195 1937 1262 domus

782 1354 1037 1420 Saturni
1082 1353 1355 1431 veteris;
1404 1364 1603 1440 tuque
1651 1352 2064 1440 pedestribus

579 1590 627 1637 6.
673 1589 938 1637 doniitowe
971 1589 1005 1638 F
1040 1601 1164 1637 eum
1201 1589 1458 1650 Cuningh.

449 1791 653 1855 legibus
676 1792 934 1852 ordinata,
973 1791 1170 1855 quibus
1193 1791 1340 1843 modi
1364 1805 1497 1842 con-

451 1868 629 1917 cinere
664 1866 882 1916 debent.

512 1971 561 2019 5.
615 1967 880 2030 Lapithas]
915 1967 1047 2017 Vide
1072 1966 1167 2017 od.
1212 1969 1268 2028 4,
1314 1968 1403 2029 ⁴8,
1445 1968 1493 2018 8.

448 2043 588 2105 Virg.
634 2041 748 2092 Cul.
788 2041 886 2091 26:
938 2042 1092 2091 Triste
1127 2042 1258 2091 Iovis
1292 2042 1500 2091 Phorci-

448 2128 543 2177 que
578 2118 716 2166 canit
750 2130 853 2166 non
882 2118 1082 2180 paqina
1112 2116 1321 2177 bollum,
1356 2116 1500 2166 Phlo—

446 2206 547 2257 πα
594 2194 841 2256 Giganteo
887 2206 1068 2254 sparsa
1117 2196 1189 2241 ost
1237 2205 1334 2253 quo
1378 2204 1501 2240 san-

447 2268 597 2331 quine
645 2267 809 2329 tellus,
862 2268 965 2316 Neo
1019 2267 1320 2316 Centaureos
1351 2265 1504 2326 Lapt-

448 2342 558 2391 thas
588 2341 836 2403 compellit
867 2341 922 2390 tn
954 2353 1105 2390 enses.
1171 2366 1227 2375 —
1285 2339 1501 2389 nenium

445 2414 606 2479 mro]
663 2416 818 2466 «vino
865 2415 1180 2473 ardentem,
1231 2412 1499 2464 temulen-

449 2493 614 2540 tum.»
665 2491 867 2541 Eadem
902 2490 1298 2540 constructione
1332 2490 1495 2538 Tacit.

448 2564 579 2615 nist.
620 2566 675 2624 4,
713 2564 810 2614 35:
847 2565 992 2614 nimii
1021 2564 1199 2613 vorbis.

513 2667 561 2717 6.
615 2665 889 2729 Hylaeum]
926 2678 1092 2715 unum
1127 2679 1156 2715 e
1184 2666 1462 2716 Centauris
1485 2703 1497 2726 ,

450 2739 518 2790 de
561 2753 669 2804 quo
715 2740 960 2790 diversae
997 2738 1308 2789 terebantur
1345 2738 1501 2788 sabu-

448 2813 529 2864 lae
548 2852 559 2872 ‚
597 2827 722 2863 cum
744 2812 830 2863 alii
853 2826 979 2862 eum
1003 2813 1070 2863 ab
1095 2812 1360 2872 Atalanta,
1398 2826 1501 2877 pu-

450 2888 684 2939 dicitiam
734 2900 887 2937 suam
937 2886 1258 2936 defendente
1283 2926 1294 2946 ‚
1348 2885 1433 2936 alii
1469 2898 1500 2934 a

452 2963 683 3022 Tbeseo,
737 2960 822 3011 alii
874 2960 942 3010 ab
980 2958 1206 3010 Hercule
1260 2961 1500 3010 occisum

451 3039 745 3088 narrarent.
782 3037 925 3099 Virg.
953 3037 1045 3085 Ge.
1073 3036 1131 3097 2,
1158 3034 1255 3086 456
1278 3051 1287 3083 ε
1343 3035 1502 3085 Rhoe-

450 3116 651 3173 tumque
697 3110 998 3171 Pholumque
1044 3110 1110 3160 Ει
1157 3124 1344 3174 mayno
1392 3110 1503 3170 Hy-

450 3185 618 3234 heum
663 3185 889 3247 Lapithis
952 3189 1149 3234 cratere
1205 3185 1495 3233 minantem.

449 3260 609 3321 Hylen
655 3260 710 3308 in
749 3271 926 3323 pugna
977 3257 1060 3307 illa
1097 3271 1127 3306 a
1163 3256 1320 3308 Peleo
1356 3258 1501 3306 ocei-

450 3345 575 3383 sum
608 3334 875 3382 memorat
912 3332 1060 3381 Ovid.
1088 3333 1208 3382 Met.
1256 3332 1342 3390 42,
1381 3331 1496 3380 378.

455 3432 510 3441 —
539 3406 863 3470 domitosque]
898 3406 1111 3457 Minime
1148 3418 1371 3456 necesse
1398 3406 1497 3464 est,

451 3483 510 3529 ut
532 3481 804 3530 mutemus
827 3481 881 3529 in
905 3480 1188 3528 domito-sve.
1235 3478 1338 3550 Ubi&
1356 3481 1501 3529 enim

454 3552 593 3604 nulla
627 3555 892 3618 oppositio
927 3553 1279 3616 significatur,
1317 3566 1376 3603 se
1404 3567 1501 3603 ex-

453 3630 656 3692 cipiunt
686 3629 873 3691 partic.
912 3640 1014 3676 non
1046 3624 1132 3675 vel
1164 3639 1405 3688 nec-que,
1442 3629 1504 3677 ut

453 3703 558 3752 Sat.
584 3703 646 3762 2,
674 3702 730 3762 6,
760 3702 857 3754 ⁴8:
915 3714 1007 3751 nec
1032 3698 1294 3761 plumbeus
1324 3701 1503 3750 Auster

451 3776 852 3836 Auctioennusque
897 3775 1107 3840 oravi&
1164 3772 1257 3823 ubi
1289 3771 1503 3825 utrum-

452 3862 560 3914 que
602 3849 911 3900 membrum
956 3848 1316 3911 distinguitur,
1368 3861 1502 3897 nec-

449 3937 543 3984 ve,
580 3925 641 3973 ut
672 3923 766 3974 Od.
803 3925 854 3984 2,
891 3925 941 3984 5,
980 3923 1076 3973 ⁴8:
1130 3937 1231 3972 non
1265 3921 1501 3972 Chlor-'s-

452 3996 714 4048 Cnidium
746 3997 923 4062 Gyges.

518 4091 567 4139 7.
623 4090 830 4139 Telluris
862 4091 1078 4156 menes]
1111 4092 1308 4142 Terrae
1342 4086 1496 4148 filios,

452 4165 702 4229 Gigantes
720 4202 733 4224 ,
786 4176 924 4228 quos
955 4166 1346 4216 commemorat
1378 4163 1501 4228 qui-

453 4238 580 4289 dem
629 4238 896 4290 Hesiodus
943 4240 1140 4304 Theog.
1195 4239 1309 4289 485.
1334 4277 1346 4296 ,
1397 4250 1498 4288 nec

1570 1794 1751 1842 tamen
1801 1794 1949 1843 novit
1995 1795 2121 1857 post
2167 1792 2621 1847 Titanomachiam

1571 1865 1797 1917 alteram
1815 1868 2094 1930 Gigantum
2116 1880 2352 1931 pugnam
2373 1883 2496 1921 cum
2522 1872 2623 1921 diis

1571 1943 1881 2005 pugnatam.
1952 1941 2195 1993 Herculis
2245 1956 2383 2007 quae
2439 1951 2623 2009 partes

1571 2017 1627 2065 in
1662 2017 1763 2065 hac
1797 2015 2019 2074 fuerint,
2073 2016 2235 2066 docet
2264 2017 2620 2081 Apollodorus

1573 2092 1632 2150 ⁴,
1671 2091 1734 2139 6:
1792 2094 1916 2152 τοῖς
1960 2089 2122 2152 θεοῖς
2167 2086 2365 2157 λόγιον
2400 2084 2472 2157 ἦν
2506 2087 2625 2143 ὑπὸ

1569 2160 1722 2212 θεῶν
1770 2162 1880 2227 μὲν
1928 2161 2151 2228 μηδένα
2183 2161 2299 2213 τῶν
2331 2162 2622 2231 Γιγάντων

1569 2232 1897 2287 ἀπολέσθαι
1912 2233 2218 2299 δύνασθαι,
2237 2235 2623 2304 συμμαχοῦν-

1568 2325 1671 2373 τος
1704 2309 1766 2360 δὲ
1798 2308 2029 2377 θνητῶν
2061 2308 2220 2374 τινὸς
2241 2310 2622 2379 τελευτήσειν.

1575 2412 1632 2421 -
1663 2378 1944 2455 Ἡρακλέα
1985 2384 2049 2436 δὲ
2082 2382 2398 2450 σύμμαχον
2438 2385 2622 2453 (Ζεὺς)

1570 2457 1640 2511 δι’
1688 2454 1929 2526 Ἀθηνᾶς
1976 2459 2384 2514 ἐπεκαλέσατο·
2444 2465 2624 2528 itaque

1573 2537 1777 2598 sagittis
1811 2537 1922 2588 suis
1958 2537 2186 2587 deorum
2209 2538 2392 2588 hostes
2426 2538 2629 2588 intere-

1574 2610 1688 2659 mit.
1759 2607 1914 2660 Silius
1950 2611 2037 2666 ⁴2,
2078 2609 2206 2660 ⁴43:
2250 2611 2473 2660 Tradunt
2498 2613 2628 2660 Her-

1573 2684 1718 2733 culea
1742 2688 2031 2746 prostratos
2078 2684 2206 2732 mole
2239 2684 2477 2748 Giamites
2528 2685 2629 2734 Tel-

1573 2758 1736 2806 lurem
1788 2759 2025 2807 iniectam
2080 2763 2303 2819 quatere.
2369 2785 2424 2795 —-
2497 2760 2629 2809 mdo

1567 2832 1866 2895 periciam]
1911 2844 1975 2881 «a
2009 2831 2207 2894 quihus
2239 2834 2447 2883 motum
2481 2834 2628 2896 peri-

1576 2904 1786 2955 eulum»
1814 2908 1917 2956 cet.
1970 2907 2183 2955 Terent.
2210 2907 2342 2957 Eun.
2372 2909 2420 2968 4,
2447 2908 2497 2966 2,
2523 2907 2587 2957 35
2611 2923 2622 2954 ε

1576 2979 1783 3029 Dicebat
1814 3006 1845 3018 -
1877 2993 1904 3029 ο
1928 2981 2290 3042 praedonibus,
2331 2983 2466 3031 Unde
2495 2994 2628 3031 eino—

1573 3059 1679 3114 rat,
1714 3068 1765 3105 se
1797 3055 1996 3105 audisso
2024 3059 2126 3105 cet.

1641 3165 1687 3215 8.
1744 3165 1979 3230 Fulqms]
2017 3167 2138 3229 quia
2175 3165 2395 3216 aethere
2432 3169 2621 3217 cineta.

1575 3238 1671 3288 Od.
1702 3240 1755 3298 4,
1783 3238 1839 3298 3,
1866 3240 1965 3289 29:
2015 3240 2238 3289 aetheria
2275 3240 2464 3290 domus.
2527 3240 2621 3290 Od.

1574 3313 1631 3374 3,
1682 3313 1740 3374 3,
1794 3313 1891 3363 33:
1948 3315 2083 3364 sedes
2130 3315 2326 3363 lucidae
2375 3314 2621 3365 deorum.
2704 3343 2709 3347 ·

1578 3414 1634 3423 —
1672 3387 1983 3452 contremuit]
2023 3401 2148 3437 eum
2184 3389 2489 3438 accusativo
2509 3426 2520 3448 ,
2569 3390 2630 3437 ut

1573 3462 1717 3524 Virg.
1756 3463 1886 3511 Aen.
1913 3461 1973 3521 3,
2013 3460 2143 3512 648:
2192 3462 2507 3521 sonitumque
2532 3473 2628 3522 pe-

1574 3537 1696 3584 dum
1753 3547 2020 3597 vocemque
2074 3535 2319 3585 tremisco.
2422 3535 2626 3583 Seneca

1574 3610 1671 3672 Ep.
1711 3608 1791 3658 65.
1830 3611 2000 3659 exn-‚z
2059 3623 2160 3658 non
2193 3608 2628 3658 contremiscamus

1573 3683 1807 3732 initu-ias.

1641 3793 1689 3842 9.
1743 3792 1957 3843 Summi
1984 3789 2187 3853 veteris]
2224 3790 2366 3853 Virg.
2401 3791 2534 3841 Aen.
2572 3791 2621 3851 7,

1576 3865 1707 3916 ⁴80:
1760 3867 2108 3926 Satur-nmque
2152 3876 2320 3913 mom.
2372 3890 2428 3900 -
2473 3865 2625 3926 pede-

1572 3940 1771 4005 stribus]
1807 3942 1951 3991 Inter
1974 3939 2282 4002 scriptores,
2321 3939 2623 4003 quisuper-

1573 4017 1725 4074 sunt,
1762 4014 2009 4064 Horatius
2042 4013 2249 4076 primus
2281 4011 2387 4062 hoc
2410 4025 2461 4061 v.
2488 4024 2620 4062 usus

1574 4089 1658 4138 est
1721 4087 1791 4136 ad
1854 4089 2181 4137 Graecorum
2234 4087 2584 4136 imitationem
2607 4125 2618 4146 ,
2698 4091 2703 4097 ’

1574 4158 1740 4225 πεζὸς
1772 4156 1965 4226 λόγος.
2003 4158 2129 4210 Plat.
2159 4161 2390 4224 Sophist.
2418 4172 2471 4223 p.
2500 4159 2615 4208 237.

1570 4239 1671 4286 A.:
1709 4230 1845 4303 πεζῇ
1880 4248 1940 4284 τε
1977 4221 2088 4283 ὦδε
2126 4230 2402 4285 ἑκάστοτε
2442 4230 2620 4298 λέγων
