3234 4975
584 390 707 454 670

1384 393 1641 443 HORATII
1676 393 1930 445 EPODON

1014 550 1245 614 Terras
1292 558 1357 613 et
1399 547 1750 615 humanum
1794 570 2000 637 genus
2022 599 2036 620 ,

922 666 1092 748 Quid
1141 668 1259 734 iste
1304 668 1424 734 fert
1467 667 1824 734 tumultus?
1868 680 1977 735 aut
2019 670 2176 758 quid
2222 671 2506 736 omnium

1009 787 1228 854 Voltus
1275 789 1336 852 in
1381 810 1581 854 unum
1625 811 1729 856 me
1776 792 2045 857 truces?

925 910 1047 974 Per
1093 908 1333 975 liberos
1378 920 1470 984 te,
1522 911 1574 975 si
1622 921 1849 977 vocata
1895 911 2208 997 partubus

2723 914 2763 973 Οἵ

1009 1030 1250 1122 Lucina
1292 1030 1467 1096 veris
1512 1029 1724 1106 affuit,

927 1153 1052 1217 Per
1095 1149 1219 1217 hoc
1263 1151 1452 1216 inane
1498 1172 1829 1239 purpurae
1876 1151 2080 1218 decus
2123 1173 2384 1241 precor,

1015 1274 1139 1337 Per
1180 1270 1693 1358 improbaturum
1738 1271 1900 1340 haec
1943 1275 2196 1350 Iovem,

924 1392 1097 1473 Quid
1143 1403 1215 1458 ut
1258 1412 1539 1459 noverca
1585 1413 1688 1459 me
1733 1393 2003 1460 intueris
2047 1404 2158 1460 aut
2209 1394 2297 1459 uti

719 1572 768 1623 3.
807 1577 898 1623 aut
931 1574 1051 1634 quid
1084 1571 1232 1648 BSd,
1269 1570 1501 1622 Oberlini
1539 1572 1576 1620 B
1599 1608 1612 1632 ,
1666 1572 1905 1621 Pottierii
1940 1573 1998 1630 4,
2036 1571 2094 1632 3,
2134 1571 2187 1621 44
2218 1610 2229 1631 ,
2267 1573 2349 1621 22.
2378 1611 2389 1632 ,
2442 1571 2695 1623 Aldinae:

653 1651 700 1695 et
733 1647 854 1708 quid
887 1645 988 1707 bc,
1025 1644 1211 1696 Bland.
1250 1647 1528 1708 quattuor,
1567 1645 1702 1706 LCt,
1739 1644 2036 1704 BentleiuS,
2074 1645 2207 1695 FMJ.

589 1808 716 1845 men
757 1807 865 1844 uno
908 1807 1001 1845 ore
1043 1794 1310 1844 affirmant
1360 1792 1637 1844 Canidiam

587 1868 727 1917 hanc
749 1881 880 1918 vero
915 1868 1127 1918 nomine
1163 1867 1324 1917 fuisse
1349 1868 1638 1917 Gratidiam

588 1940 988 2006 Neapolitanam
1020 1942 1427 2003 unguentariam
1465 1941 1514 2003 (9
1538 1939 1634 1991 cfr.

589 2028 677 2063 vv.
704 2016 784 2065 59.
814 2014 913 2076 60.)
951 2017 1005 2063 et
1037 2014 1360 2076 veneficam,
1399 2028 1430 2064 a
1453 2015 1638 2064 canitie

589 2089 668 2138 sic
701 2089 802 2138 ioci
824 2089 987 2150 gratia
1013 2086 1351 2151 appellatam.
1381 2114 1438 2124 —
1492 2089 1638 2150 (anio

590 2163 796 2225 epodus
833 2162 1057 2211 chorum
1104 2161 1249 2211 ducit
1289 2175 1474 2212 eorum
1522 2176 1641 2212 oar-

591 2237 824 2297 minum,
889 2238 942 2286 in
1000 2236 1194 2299 quibus
1252 2236 1467 2287 Canidia
1525 2237 1639 2287 sive

590 2310 822 2360 Gratidio
863 2309 1132 2360 diffamata
1173 2314 1273 2361 est.
1345 2311 1451 2362 Cfr.
1490 2312 1642 2361 Butt-

590 2396 753 2433 mann
796 2382 1011 2446 Mythol.
1052 2385 1089 2433 l.
1127 2399 1180 2448 p.
1218 2385 1366 2435 332.»
1423 2386 1636 2434 Fusa.

590 2458 778 2510 Eidem
812 2459 1039 2523 scriptus
1075 2458 1284 2509 videtur
1314 2472 1361 2508 a.
1405 2459 1518 2509 747.
1555 2455 1640 2508 vel

591 2534 735 2594 7⁴8„
773 2533 1112 2583 Grotefendio
1146 2547 1194 2583 a.
1233 2532 1347 2583 744.

661 2609 706 2656 4.
743 2607 822 2671 At]
861 2608 971 2656 Hoc
1004 2605 1123 2657 loco
1159 2611 1214 2656 at
1244 2606 1521 2656 abundare
1559 2605 1643 2656 di-

593 2682 664 2730 cit
697 2681 949 2730 Priscian.
989 2681 1080 2741 47,
1117 2680 1229 2740 23..
1283 2680 1352 2730 ad
1394 2682 1641 2730 ornatum

590 2753 766 2805 solum
814 2755 1081 2818 pertinere
1132 2754 1346 2805 Servius
1388 2753 1457 2804 ad
1506 2754 1637 2804 Aen.

591 2829 649 2888 7,
686 2828 800 2878 363.
839 2831 1067 2890 Verum,
1111 2828 1203 2878 ubi
1237 2833 1293 2878 at
1325 2829 1404 2879 sic
1437 2828 1644 2878 orditur

591 2904 912 2963 orationem,
973 2902 1221 2967 exprimit
1273 2903 1432 2952 animi
1487 2916 1641 2952 com-

593 2977 721 3040 moti
774 2978 1035 3041 impetum
1084 2990 1148 3027 ac
1201 2977 1638 3041 trepidationem,

592 3064 717 3101 eum
752 3052 840 3113 qui
880 3050 1112 3114 loquitur
1145 3066 1204 3103 se
1240 3052 1417 3103 subito
1455 3052 1506 3101 in
1538 3050 1643 3101 alio

593 3138 755 3188 quam
807 3127 964 3175 antea
1013 3127 1154 3175 statu
1199 3124 1518 3176 collocatum
1561 3127 1644 3175 vi-

593 3200 702 3257 det,
740 3200 900 3261 atque
935 3196 1178 3248 dolorem
1213 3199 1268 3247 et
1299 3200 1435 3249 iram
1479 3199 1645 3261 signi-

593 3272 731 3321 ficat.
804 3271 908 3322 Cfr.
958 3272 1110 3321 Hand
1156 3271 1375 3322 Turseli.
1425 3272 1463 3321 1.
1519 3285 1640 3335 pag.

593 3346 708 3398 449.
737 3349 790 3397 et
812 3346 926 3398 44⁴.
980 3347 1064 3395 Sic
1092 3346 1252 3397 etiam
1283 3348 1486 3396 Graeci.
1514 3347 1647 3409 Tyr-

593 3427 746 3473 taeus
779 3422 828 3472 8.
868 3422 1259 3473 Schneidewin:
1301 3416 1435 3471 Ἀλλ·
1472 3414 1645 3491 Ἡρα-

590 3494 773 3562 κλῆος
816 3492 926 3567 γὰρ
969 3491 1249 3561 ἀνικήτου
1294 3498 1460 3563 γένος
1492 3494 1640 3546 ἐστέ.

592 3571 853 3635 Theognis
887 3570 1013 3622 34⁴:
1062 3566 1254 3633 Ἀλλά,
1303 3568 1442 3631 Ζεῦ,
1489 3567 1646 3619 τέλε-

593 3642 705 3696 σόν
757 3638 1183 3711 μοι--εὐχήν.
1246 3671 1305 3682 -
1367 3643 1643 3708 quidquid]

593 3719 741 3771 ovid.
780 3721 902 3771 Met.
943 3721 1031 3780 40,
1072 3720 1163 3769 ⁴8:
1219 3720 1461 3781 quidquid
1502 3731 1646 3768 mor-

479 3851 483 3856 ,
592 3795 693 3845 talo
733 3807 987 3843 creamur.
1060 3795 1185 3843 Hor.
1228 3794 1336 3842 Sat.
1381 3794 1437 3851 4,
1485 3792 1542 3851 6,
1581 3792 1641 3840 4;

590 3869 847 3930 hydor-um
892 3868 1136 3929 quidquid
1165 3867 1403 3916 Etruscos
1434 3864 1647 3914 Ine-oluit

588 3945 728 4008 finos.
798 3942 968 3991 Etiam
1003 3942 1055 3992 in
1088 3940 1323 4005 pedestri
1347 3953 1424 3988 or.
1453 3939 1563 3989 Liv.
1589 3940 1640 3999 2,

592 4020 650 4067 5:
697 4016 940 4079 quidquid
972 4018 1227 4067 deorum-
1247 4042 1277 4052 -
1298 4019 1436 4065 osset.
1464 4014 1555 4076 23,
1590 4013 1640 4063 9.

591 4093 819 4142 iurantes
861 4103 959 4152 por
991 4091 1234 4152 quidquid
1288 4091 1496 4140 deor-mn
1551 4093 1640 4139 est.

1711 1793 1881 1844 Codd.
1920 1793 2082 1844 etiam
2116 1793 2313 1843 Horatii
2347 1792 2500 1845 multi
2521 1795 2768 1855 qaiaqwtd

1709 1869 1956 1932 --rogyis
1996 1867 2100 1917 Sed
2135 1871 2281 1918 recte
2304 1867 2602 1919 Bentleius:
2646 1872 2767 1920 «Re-

1707 1942 1783 2004 qit
1815 1940 1884 1991 ab
1921 1941 2133 1992 Horatio
2166 1942 2468 2005 profectum
2503 1944 2604 1993 est.
2642 1945 2759 1992 Non

1711 2015 1855 2065 enim
1900 2019 2037 2079 p'uer
2080 2014 2164 2065 ille
2202 2016 2334 2067 deos
2369 2017 2457 2066 hio
2490 2020 2759 2080 precatur,

1709 2089 1808 2139 sed
1844 2090 2117 2140 Canidiam
2153 2091 2208 2139 et
2240 2091 2414 2140 socias
2449 2088 2764 2154 alloquitur,

1710 2176 1886 2226 neque
1920 2177 2050 2213 vero
2085 2164 2348 2213 invocatio
2385 2164 2613 2214 deorum
2649 2167 2764 2223 est,

1710 2236 1809 2287 sed
1859 2235 2174 2288 exclamatio
2225 2237 2530 2298 dumtaxat,
2585 2236 2761 2301 qualia

1712 2312 1811 2361 ista
1830 2311 1882 2360 dc·
1900 2311 2042 2372 boni,
2073 2325 2171 2373 pro
2186 2312 2438 2374 Iuppiter,
2472 2312 2759 2362 divestram

1707 2386 1856 2449 fidem
1889 2388 2028 2435 cet.»
2088 2386 2179 2436 Est
2217 2385 2563 2450 simpliciter:
2612 2400 2675 2436 «o
2707 2386 2767 2436 di

1714 2457 2000 2521 caelestes,
2046 2462 2287 2512 rectores
2324 2463 2587 2511 terrarum
2623 2464 2763 2512 cet.»

1779 2534 1888 2584 3-5.
1924 2533 2038 2597 sart]
2077 2536 2231 2584 «novi
2266 2535 2442 2596 affert,
2487 2535 2591 2585 sibi
2622 2534 2766 2593 volt;

1715 2621 1973 2672 quorsum
1995 2609 2073 2658 sic
2096 2607 2525 2659 tumultuamini?
2542 2628 2565 2654 ι»
2594 2636 2652 2646 -
2673 2615 2766 2659 aut

1714 2683 1848 2746 quid]
1896 2684 2040 2732 Haec
2076 2682 2231 2732 lectio
2271 2683 2760 2746 antiquissimorum

1714 2756 1882 2807 Codd.
1920 2757 1995 2806 BS
2038 2757 2351 2807 auctoritate
2387 2758 2595 2807 firmata
2645 2769 2766 2806 me-

1714 2829 1813 2881 lius
1859 2831 2106 2893 exprimit
2148 2831 2420 2881 turbatum
2462 2831 2614 2893 pueri
2652 2832 2768 2880 ani-

1717 2917 1868 2955 mum
1892 2917 2055 2968 quam
2079 2903 2244 2954 altera
2268 2908 2316 2954 et
2337 2906 2473 2967 quid.
2513 2905 2597 2954 Sic
2618 2917 2771 2967 pror-

1718 2990 1810 3028 sus
1844 2978 2013 3040 Epod.
2057 2978 2112 3039 7,
2169 2980 2248 3038 4.,
2302 2978 2396 3027 ubi
2445 2979 2561 3028 sine
2605 2991 2766 3029 causa

1718 3052 2133 3115 Cuninghamius
2156 3051 2321 3102 voluit
2352 3058 2400 3102 et
2431 3066 2539 3102 cur.
2570 3079 2628 3089 —
2654 3058 2770 3102 tru-

1715 3125 1821 3189 ces]
1863 3129 2141 3189 «quattuor
2172 3138 2421 3188 sagarum
2454 3125 2629 3176 voltus
2666 3126 2771 3175 mi-

1718 3201 1951 3250 nitantur
2000 3201 2052 3249 in
2104 3212 2191 3249 me
2245 3200 2542 3249 conversi.»
2599 3226 2653 3236 -
2702 3199 2767 3263 to]

1714 3277 1827 3325 lam
1861 3273 1927 3323 ad
1965 3273 2263 3331 Canidiam,
2320 3284 2572 3335 sagarum
2615 3273 2769 3338 prin-

1718 3350 1923 3412 cipem,
1961 3359 2083 3397 sese
2119 3346 2342 3396 confert.

1783 3421 1958 3471 6-40.
2012 3420 2236 3485 Lucina]
2275 3420 2381 3470 Cfr.
2431 3421 2606 3471 Carm.
2651 3433 2764 3471 sec.

1719 3497 1798 3546 45.
1856 3496 2080 3557 Egregie
2120 3496 2324 3544 iocatur
2358 3494 2410 3543 in
2444 3507 2504 3544 re
2539 3495 2770 3546 atrocis-

1716 3571 1852 3619 sima
1885 3568 2068 3619 verbis
2102 3568 2364 3631 ambiguis
2411 3580 2573 3629 usus,
2628 3582 2767 3632 quae

1718 3644 1771 3693 in
1810 3643 1951 3693 anxii
1994 3642 2148 3704 pueri
2193 3655 2287 3692 ore
2333 3641 2769 3692 innocentissima

1716 3717 1990 3767 videntur:
2051 3716 2125 3767 «si
2166 3729 2357 3779 reapse
2406 3716 2602 3765 Lucina
2648 3718 2772 3766 tuos

1717 3794 1903 3855 partus
1947 3791 2101 3851 iuvit,
2154 3791 2215 3839 ut
2253 3788 2441 3854 procul
2484 3786 2648 3840 dubio
2686 3789 2773 3839 iu-

1720 3868 1856 3925 vit3»
1910 3878 1977 3915 ex
2025 3866 2216 3929 poetae
2265 3877 2430 3915 sensu
2473 3863 2773 3914 mordacis—

1717 3941 1850 3990 sima
1895 3940 2047 3989 sunt:
2102 3939 2177 3989 usi
2220 3951 2457 4001 unquam
2497 3951 2627 3988 vere
2671 3950 2773 4002 pe-

1721 4015 1979 4079 peristi3»
2034 4026 2140 4077 quo
2191 4013 2309 4077 ipso
2356 4012 2617 4076 significat
2666 4012 2771 4062 Ca-

1719 4088 1917 4139 nidiam
1951 4086 2111 4138 falsos
2139 4086 2241 4137 sibi
2276 4086 2623 4150 supposuisse
2646 4098 2774 4149 par-

593 4165 880 4216 Diomedes
911 4177 966 4229 p.
1003 4165 1115 4214 527.
1154 4166 1210 4214 et
1252 4164 1552 4215 Priscianus
1585 4176 1640 4227 p.
1718 4165 1822 4213 tus.
1885 4162 2008 4224 (Cir.
2056 4162 2226 4225 Epod.
2266 4161 2356 4221 47,
2404 4160 2508 4224 50.)
2546 4186 2605 4196 —
2633 4173 2774 4222 pur-

595 4239 740 4289 ⁴⁴05.
783 4240 838 4288 P.
883 4236 1085 4288 habent
1135 4238 1641 4300 quisquis--royis,
1710 4249 1876 4298 purae
1930 4235 2105 4300 docus]
2164 4239 2341 4299 togam
2403 4236 2768 4298 praetextam,
