3234 4975
644 407 772 470 {2²36

1446 409 1701 459 HORATH
1737 408 1993 459 EPODON

984 561 1228 640 Quodsi
1276 562 1511 649 pudica
1555 561 1788 628 mulier
1832 562 1893 626 in
1938 572 2186 648 partein
2234 562 2408 628 iuvet

1069 684 1340 748 Domum
1386 694 1579 769 atque
1625 681 1850 749 dulces
1894 681 2170 758 liberm,

2734 683 2815 744 40

986 802 1224 869 Sabina
1266 802 1474 890 qualis
1518 813 1630 869 aut
1672 813 1935 889 perusta
1980 801 2225 868 solibus

1071 925 1359 991 Pernicis
1403 945 1567 990 uxor
1609 923 1835 1011 Apuli.

988 1048 1255 1112 Sacrum
1302 1045 1569 1111 vetustis
1614 1055 1904 1110 exstruat
1949 1042 2135 1129 lignis
2181 1043 2392 1109 focum

1070 1166 1251 1231 Lassi
1297 1164 1420 1231 sub
1464 1163 1812 1231 adventum
1857 1164 2006 1238 viri,

989 1286 1443 1371 Claudensque
1486 1285 1675 1351 textis
1719 1283 2003 1351 cratibus
2046 1283 2284 1351 laetum
2330 1304 2535 1371 pecus

2736 1284 2818 1347 46

1069 1407 1357 1472 Distenta
1402 1405 1600 1472 siccet
1644 1403 1850 1471 ubera
1880 1456 1893 1480 ,

779 1587 858 1638 43.
896 1587 1112 1635 Sam-um
1143 1590 1188 1634 et
1218 1584 1421 1634 vetastis
1454 1582 1585 1632 Cod.
1625 1579 1875 1631 «Silvius»
1911 1581 2055 1645 apud
2080 1583 2240 1645 Cruq.
2268 1620 2278 1641 ‚
2316 1595 2411 1631 sex
2439 1581 2606 1632 Codd.
2636 1580 2744 1631 ficti

714 1659 961 1720 Valartii,
1014 1660 1279 1718 Muretus,
1334 1670 1399 1707 ex
1451 1657 1601 1707 cuius
1652 1654 1747 1705 Ed.
1785 1657 1986 1706 Veneta
2029 1655 2170 1720 apud
2206 1654 2426 1706 Paulum
2462 1656 2751 1706 Manutium
2840 1663 2852 1675 ·

718 1733 860 1784 ⁴559.
913 1744 1170 1796 recepere
1221 1732 1427 1790 Zeune,
1478 1729 1685 1782 Mitsch.
1712 1768 1724 1790 ,
1762 1732 2007 1794 Doering.
2047 1732 2113 1793 (et
2146 1731 2302 1781 eiecit
2342 1731 2499 1780 buius
2533 1731 2747 1794 nepos);
2783 1791 2805 1808 ⁶

714 1813 1029 1870 samque
1059 1807 1260 1857 vetustis
1291 1805 1579 1856 Lambinus
1614 1807 1752 1856 coni.

650 1958 820 2006 «inter
871 1956 1006 2004 haec
1062 1953 1357 2003 venationis
1407 1953 1694 2016 operisque
1726 1962 1736 2011 ι
1832 1951 1912 2003 43.
1950 1951 2033 2003 Η».
2071 1953 2287 2002 Sacrum
2318 1951 2535 2016 vetastis]
2571 1948 2820 2001 Nonnulli

650 2031 833 2081 rustici
871 2028 1098 2079 studia.»

716 2101 892 2152 39-42.
929 2103 1040 2151 lam
1062 2099 1130 2149 ab
1161 2097 1528 2150 libertinarum
1552 2113 1700 2149 amo-

651 2189 739 2236 re,
797 2186 960 2238 quem
1009 2173 1334 2233 detestatur,
1393 2174 1580 2225 transit
1629 2173 1697 2223 ad

651 2250 955 2312 coniugium
1006 2247 1106 2298 sibi
1163 2247 1475 2311 optandum.
1533 2274 1587 2285 -
1644 2250 1698 2298 in

647 2322 862 2387 partem]
900 2334 1051 2372 «eam
1086 2335 1338 2372 curarum
1371 2322 1698 2373 domestica-

651 2411 800 2458 rum,
837 2410 974 2459 quae
1000 2396 1069 2446 ad
1103 2398 1380 2447 strenuam
1414 2396 1697 2447 mulierem

650 2472 863 2537 proprie
897 2471 1190 2535 pertinent:
1229 2468 1291 2521 ἐν
1321 2470 1535 2541 μέρει.»
1594 2471 1701 2521 Eu-

653 2547 751 2609 rip.
804 2544 879 2597 El.
933 2546 1014 2595 7⁴.
1080 2544 1285 2595 Electra
1335 2544 1402 2594 ad
1451 2538 1699 2614 αὐτουρ-

651 2616 772 2686 γόν,
800 2619 884 2669 cui
909 2619 961 2668 in
987 2619 1381 2668 matrimonium
1403 2618 1522 2668 data
1549 2620 1694 2668 erat:

652 2693 753 2743 Δεῖ
795 2689 866 2758 δή
909 2706 984 2756 με
1015 2685 1400 2742 κάκέλευστον
1434 2693 1516 2754 εἰς
1551 2684 1699 2742 ὅσον

652 2767 840 2818 σθένω
896 2762 1142 2825 Μόχθου
1196 2765 1696 2828 ’πικουφίζουσαν,

651 2837 732 2904 ὦς
786 2835 931 2910 ῥᾷον
984 2842 1191 2910 φέρῃς,
1263 2839 1698 2903 Συνεκκομὶζειν

653 2916 750 2966 σοὶ
784 2911 1027 2976 πόνους·
1074 2910 1204 2977 ἅλις
1235 2910 1283 2962 δ’
1318 2907 1469 2976 ἔχεις
1503 2906 1701 2977 Τᾶξω-

650 2989 755 3038 θεν
807 2981 965 3057 ἔργα·
1023 2981 1129 3037 τάν
1182 2984 1385 3052 δόμοις
1440 2985 1488 3037 δ’
1541 2982 1700 3053 ἡμᾶς

653 3055 838 3134 χρεών
865 3056 1298 3131 Ἔξευτρεπίζειν
1319 3077 1333 3090 ·
1382 3058 1620 3113 εἰσιόντι
1654 3060 1698 3111 δ’

653 3131 863 3207 ἐργάτῃ
907 3131 1171 3204 Θύραθεν
1212 3130 1320 3199 ἡδὺ
1355 3131 1565 3187 τᾶνδον
1603 3131 1700 3187 εὖ·

589 3216 594 3223 “
653 3212 872 3279 ρὶσκειν
913 3205 1120 3270 καλῶς.
1177 3238 1230 3245 —-
1268 3209 1484 3274 Sabina]
1522 3224 1700 3274 ‹cqua-

653 3284 733 3335 les
788 3296 910 3334 esse
969 3281 1143 3332 solent
1197 3282 1423 3333 Sabinae
1473 3297 1697 3334 severae

657 3358 767 3420 (Od.
806 3358 862 3419 3,
900 3357 956 3416 6,
995 3355 1096 3419 39.)
1146 3357 1201 3405 et
1249 3354 1496 3406 laborum
1535 3370 1700 3420 quam

656 3434 884 3483 maxime
928 3429 1214 3481 tolerantes
1249 3432 1342 3481 aut
1374 3428 1573 3482 similes
1615 3432 1700 3481 his

655 3506 853 3571 Apulae
880 3499 1307 3570 ἡλιόκαυστοι.»
1349 3506 1548 3556 Duram
1570 3507 1703 3556 anti-

655 3593 883 3644 quarum
930 3580 1244 3629 Sabinarum
1289 3580 1451 3630 vitam
1496 3580 1703 3630 descri-

655 3655 734 3705 bit
766 3654 914 3704 Ovid.
953 3653 1089 3703 Med.
1130 3655 1248 3703 Fac.
1287 3654 1366 3703 lt.
1406 3656 1532 3703 Stat.
1573 3652 1696 3703 Silv.

655 3732 712 3789 5,
752 3730 809 3789 l,
840 3729 954 3778 ⁴22:
1002 3729 1137 3777 Velut
1157 3727 1322 3789 Apula
1343 3729 1532 3777 coniux
1554 3728 1703 3791 Agyri-

653 3803 792 3852 cotae
832 3802 978 3864 parci
1008 3801 1088 3852 vel
1119 3802 1219 3851 sole
1255 3801 1439 3863 infecta
1479 3802 1698 3862 Sabino,

657 3878 797 3938 Quae
825 3877 957 3925 videt
990 3875 1180 3925 emeriti
1218 3875 1325 3924 iam
1366 3880 1701 3947 prospectan-

654 3951 783 4000 libus
815 3951 965 3998 astris
1003 3950 1205 4011 Tempus
1237 3949 1405 3998 adesse
1424 3950 1549 4009 viri,
1580 3963 1704 4011 pro-

649 4037 768 4086 pere
799 4036 1088 4084 mensasque
1119 4028 1350 4085 torosque
1379 4024 1585 4073 [nstv-tait
1606 4037 1702 4074 ex-

653 4100 936 4159 spectatque
981 4108 1157 4145 sonum
1209 4098 1462 4147 redeuntis
1513 4098 1697 4147 aratri.

660 4199 714 4208 -
773 4170 1019 4233 pernicis]
1076 4184 1156 4234 pr.
1204 4190 1226 4215 α
1251 4173 1341 4234 qui
1398 4169 1546 4221 facile
1603 4184 1703 4235 per

656 4246 866 4294 montes
909 4244 1144 4304 enititur,
1199 4244 1367 4309 agilis,
1425 4247 1697 4310 impiger»

1766 2025 1835 2075 de
1872 2027 2058 2076 Mureti
2094 2028 2252 2087 coni.,
2290 2025 2499 2087 Valart,
2538 2029 2596 2076 ut
2629 2025 2701 2075 ait
2725 2025 2821 2074 bo-

1767 2113 1857 2150 mo
1891 2098 2230 2160 intestabiliS,
2270 2113 2300 2150 e
2335 2113 2429 2150 sex
2464 2099 2664 2150 Codd.:
2690 2098 2821 2148 ‘Sa-

1766 2187 1910 2223 crum
1954 2178 2002 2224 et
2048 2174 2277 2230 vetti-stix
2347 2172 2447 2223 sed
2496 2186 2622 2223 cum
2676 2173 2820 2222 veris

1769 2246 1937 2298 Codd.
1977 2248 2316 2298 retinendum
2366 2241 2682 2298 ἀσύνδετον
2726 2246 2815 2295 id-

1767 2321 1939 2382 circo,
1977 2320 2120 2385 quod
2155 2322 2241 2371 hic
2275 2324 2331 2371 et
2362 2323 2415 2371 in
2448 2334 2602 2384 seqq.
2641 2317 2823 2382 singil-

1767 2394 1913 2445 latim
1946 2397 2052 2445 iam
2086 2395 2236 2452 dicit,
2286 2395 2562 2459 quomodo
2596 2398 2819 2445 strenua

1768 2470 1959 2520 coniux
2004 2471 2254 2520 maritum
2301 2470 2483 2520 iuvare
2527 2468 2712 2520 soleat.
2758 2496 2814 2505 —

1767 2543 1929 2594 Simili
1962 2544 2125 2593 modo
2159 2546 2359 2594 erravit
2391 2544 2679 2595 Lambinus
2715 2544 2820 2593 Sa-

1766 2631 2007 2680 crumqae
2044 2619 2248 2668 vetustis
2286 2619 2453 2668 edens
2472 2656 2483 2678 ‚
2535 2616 2822 2668 Turnebus

1766 2706 1817 2741 v.
1855 2692 1937 2741 39.
1967 2694 2150 2742 iuvans
2180 2704 2507 2756 proponens.
2551 2719 2605 2729 -
2645 2693 2818 2756 Super

1769 2766 1887 2816 foco
1925 2766 2144 2815 Laribus
2166 2780 2313 2815 sacro
2336 2767 2486 2816 arida
2507 2765 2647 2829 ligna
2671 2764 2818 2828 large

1769 2841 1978 2904 reponit
2012 2843 2066 2890 et
2099 2840 2232 2891 cibis
2255 2842 2574 2904 apparandis
2620 2843 2675 2890 et
2716 2841 2824 2889 sic-

1769 2914 1941 2965 cando
1976 2914 2179 2977 sudori,
2215 2915 2676 2977 quemadmodum
2722 2927 2822 2963 ae-

1768 2991 1904 3039 state
1957 2988 2155 3038 t'aciunt
2203 2987 2343 3048 Itali,
2398 2992 2452 3038 et
2501 2987 2692 3038 balneo
2741 2987 2824 3035 fa-

1772 3061 1963 3113 ciendo
2001 3060 2202 3124 (Tibull.
2233 3064 2288 3123 l,
2330 3063 2420 3123 ⁴0,
2457 3062 2547 3112 42:
2599 3063 2663 3111 Et
2693 3061 2824 3110 cali-

1768 3138 1889 3186 dam
1925 3138 2051 3200 fesso
2093 3141 2357 3198 comparat
2395 3150 2534 3186 umor
2576 3135 2822 3198 aquam.)

1769 3209 1946 3274 paullo
1968 3212 2091 3260 ante
2114 3210 2213 3259 viri
2248 3209 2558 3259 adventum.
2583 3237 2638 3245 —
2663 3209 2820 3273 Lassi]

1771 3285 1954 3347 Lysias
1978 3284 2121 3347 apud
2145 3282 2295 3333 Rutil.
2320 3284 2449 3347 Lup.
2473 3285 2494 3333 ⁴
2520 3322 2531 3341 ‚
2558 3284 2614 3333 2⁴
2640 3298 2651 3329 τ
2687 3284 2826 3333 Rure

1768 3359 1989 3419 reaten-3,
2032 3358 2244 3417 iudices,
2289 3358 2434 3407 homo
2465 3357 2634 3406 maior
2665 3362 2819 3416 natu,

1768 3447 1954 3497 mayno
1986 3433 2178 3494 calore,
2212 3433 2305 3482 vi.»
2326 3433 2829 3496 wffwemviaemo-

1770 3507 1990 3567 letitiam,
2027 3511 2193 3556 tamen
2225 3507 2302 3555 his
2329 3506 2494 3556 verbis
2525 3512 2712 3570 memet
2744 3520 2826 3555 me

1769 3580 2023 3630 consolor:
2080 3581 2176 3629 Fer
2212 3580 2414 3643 sortiter
2445 3581 2642 3630 devm
2678 3580 2825 3629 labo-

1769 3666 1908 3712 rem,·
1940 3654 2047 3703 iam
2069 3654 2204 3703 brevi
2226 3655 2428 3703 domam
2458 3654 2624 3704 venies
2644 3667 2827 3715 exspe-

1768 3732 1959 3785 ctatus:
2004 3728 2216 3788 accipiet
2249 3732 2296 3776 te
2327 3728 2658 3791 defatigatam
2702 3728 2824 3777 dili-

1770 3813 1890 3864 9ens
1929 3806 2080 3862 atque
2121 3813 2301 3850 amans
2338 3814 2502 3860 avom
2552 3814 2615 3850 ea
2654 3802 2825 3851 sedato

1773 3888 1836 3924 ac
1878 3874 2055 3923 blande
2095 3875 2557 3936 praeministranda
2600 3876 2825 3925 detrahet

1772 3949 2092 4012 languorem,
2130 3955 2176 3998 et
2196 3949 2343 3999 simul
2365 3950 2540 3999 seniles
2558 3951 2824 3999 nutriendo

1770 4022 2030 4086 reparabit
2060 4025 2207 4074 vires.
2277 4023 2411 4072 Hm
2442 4037 2522 4073 me
2554 4025 2607 4072 in
2648 4024 2825 4073 itinere

1770 4098 2063 4161 recogitatio
2106 4110 2267 4159 prope
2314 4098 2590 4159 confectam
2633 4099 2825 4160 confir-

1770 4171 1959 4221 mabat.
1995 4172 2170 4221 Postea
2193 4185 2310 4221 vero
2332 4184 2445 4220 cum
2468 4173 2669 4221 domum
2690 4172 2822 4229 veni,

1773 4246 1896 4295 nihil
1929 4258 2103 4295 earam
2144 4259 2315 4296 rerum
2356 4246 2544 4305 inveni,
2598 4244 2681 4294 sed
2726 4257 2827 4305 po·-
