3234 4975
1253 397 1369 447 LlB.
1408 397 1491 447 111.

944 552 1191 619 'Parcite
1235 552 1471 620 verbiS.

1564 399 1622 448 c.
1663 399 1790 448 xw.
2482 397 2605 461 429

772 712 889 778 Hie
933 711 1074 778 dies
1116 732 1270 777 vere
1317 710 1467 777 mihi
1513 711 1712 778 festus
1759 723 1927 778 atras

772 832 1017 898 Eximet
1060 853 1280 912 curas;
1327 853 1450 920 ego
1495 854 1615 900 nec
1661 834 1998 900 tumultum

772 955 902 1020 Nec
947 954 1109 1020 mori
1156 975 1274 1041 per
1316 955 1446 1020 vim
1490 965 1772 1021 metuam
1819 966 2071 1022 tenente

940 1076 1217 1142 Caesare
1265 1086 1489 1142 terras,

773 1235 826 1309 l,
876 1244 1022 1322 pete
1069 1245 1493 1321 unguentum,
1540 1255 1739 1322 puer,
1788 1246 1853 1302 et
1897 1256 2169 1303 coronas

772 1356 847 1420 Et
889 1355 1122 1422 cadum
1168 1356 1355 1422 Marsi
1402 1374 1760 1423 memorem
1804 1355 2024 1433 duelli,

566 1552 643 1604 ⁴4.
680 1554 863 1619 Em‘yet
896 1555 934 1603 B
970 1553 1113 1605 solus
1147 1555 1287 1605 inter
1320 1567 1489 1605 meos.

434 1731 525 1780 Per
546 1730 742 1791 urbem,
777 1736 835 1780 ut
857 1744 1022 1780 munes
1045 1732 1131 1793 qui
1151 1745 1321 1782 arcem
1343 1738 1482 1781 astu-

434 1818 528 1866 que
567 1805 803 1855 adcolunt
843 1805 981 1855 Cives
1021 1806 1265 1856 minibus
1302 1807 1482 1870 faustis

433 1884 701 1943 amcam
742 1879 1003 1930 adhibeant
1040 1881 1344 1944 faventiam,
1395 1895 1482 1931 ore

433 1953 672 2003 obscoena
703 1954 837 2003 dicta
857 1960 1126 2019 segregent..
1160 1983 1213 1992 —
1248 1957 1304 2005 In
1333 1956 1479 2005 biatu

433 2042 498 2077 eo
516 2028 693 2077 minus
710 2028 1055 2087 offendimus,
1090 2030 1233 2093 quod
1261 2030 1367 2080 duo
1394 2028 1477 2080 illa

432 2101 691 2153 voeabula
716 2116 875 2152 unam
895 2105 1168 2155 continent
1187 2106 1476 2165 notionem,

434 2180 491 2226 ut
521 2178 652 2226 male
690 2178 876 2238 dicero,
942 2178 1060 2228 beno
1103 2180 1291 2239 dicere,
1339 2191 1477 2242 quae

434 2253 560 2300 item
580 2251 747 2301 divise
766 2252 1087 2302 scribuntur.
1113 2252 1351 2316 (nQuidni
1368 2255 1480 2302 sta-

434 2329 645 2375 tuamus
677 2339 797 2376 esse
823 2340 990 2377 unum
1021 2325 1341 2376 vocabulum
1372 2341 1481 2376 ma-

432 2401 710 2449 leominatis
722 2439 734 2460 ,
760 2403 819 2450 ut
833 2402 1119 2451 suaveolens
1136 2400 1279 2465 apud
1289 2399 1475 2451 Catull.

433 2475 514 2536 62,
541 2476 657 2525 7.‘?»
684 2476 926 2526 Bossan.
951 2478 1135 2539 Neque
1154 2474 1306 2526 aliter
1328 2474 1477 2526 facile

432 2551 653 2614 exprimi
670 2551 1207 2613 poteratadiectivum
1225 2563 1478 2613 graecum

430 2622 777 2690 δύσφημος.)
817 2626 913 2684 Qui
937 2637 1339 2689 supervacaneo
1362 2624 1479 2673 hia-

432 2704 516 2750 tus
551 2702 697 2749 metu
729 2699 1037 2762 praeferunt
1078 2699 1208 2748 male
1239 2698 1478 2747 nomina·-

429 2775 508 2833 tis,
556 2775 749 2838 partim
791 2774 1103 2836 comparant
1141 2767 1474 2835 δυσώνυμοι,

431 2849 530 2898 etsi
563 2849 921 2898 destituuntur
955 2847 1243 2911 exemplis;
1279 2847 1476 2910 partim

432 2936 614 2973 rursus
664 2925 927 2985 nugantur
977 2922 1077 2972 «de
1129 2936 1344 2973 rumore
1390 2920 1476 2971 illo

431 2997 727 3056 adverso»,
773 3009 936 3060 quem
979 2996 1078 3047 sibi
1114 2997 1375 3046 finxerant
1408 2995 1477 3045 ad

431 3084 481 3120 v.
520 3073 567 3121 4.
606 3071 710 3121 Sed
751 3071 1048 3133 nominatis,
1098 3071 1196 3121 etsi
1242 3083 1413 3133 nuper
1445 3084 1475 3120 a

431 3145 675 3195 Liibkero
725 3145 1032 3208 defensum,
1092 3160 1195 3196 non
1250 3149 1333 3196 est
1377 3147 1477 3195 nisi

1555 1732 1736 1792 detur3
1774 1746 1878 1782 non
1915 1733 2056 1783 enim
2080 1737 2382 1784 memorant
2403 1735 2596 1794 laniae,

1555 1806 1860 1867 oberlinus,
1899 1808 2027 1868 Fea,
2070 1808 2403 1871 Pottierius.),
2448 1808 2598 1859 valde

1555 1880 1901 1932 memorabile
1936 1895 2000 1931 ac
2035 1883 2257 1933 fortasse
2281 1896 2468 1933 verum
2500 1888 2596 1933 est.

1553 1956 1639 2005 Sic
1673 1955 1768 2006 0d.
1796 1954 1853 2015 t,
1894 1957 1981 2017 ⁴5,
2023 1957 2100 2006 48.
2138 1969 2236 2020 pro
2258 1957 2424 2021 eriget
2446 1958 2602 2007 otium

1553 2028 1678 2080 olim
1734 2029 2012 2092 legebatur
2063 2032 2246 2081 eximet
2307 2033 2479 2082 otium.
2542 2058 2598 2068 —

1553 2105 1834 2168 tumultum]
1871 2104 2328 2168 quemadmodum
2364 2107 2602 2157 nomina·

1552 2179 1684 2229 bant
1731 2179 1871 2229 bella
1923 2178 2097 2229 Italica
2142 2183 2197 2229 et
2239 2178 2447 2230 Gallica.
2488 2183 2596 2231 Cio.

1554 2253 1773 2317 Philipp.
1811 2253 1867 2315 8,
1920 2255 1974 2303 11:
2031 2255 2161 2314 Quid
2193 2258 2263 2303 est
2284 2280 2313 2290 -
2342 2255 2484 2303 aliud
2516 2260 2600 2304 tu—

1550 2328 1737 2376 multus
1789 2327 1885 2375 nisi
1932 2327 2247 2388 perturbatio
2303 2332 2474 2388 tanta,
2542 2334 2600 2378 ut

1550 2403 1719 2451 maior
1760 2402 1911 2451 timor
1953 2402 2189 2452 oriatur?
2248 2403 2342 2452 Hic
2387 2404 2596 2466 poetice

1553 2491 1651 2541 pro
1700 2474 1836 2527 bello
1882 2478 2129 2528 intestino
2171 2478 2404 2542 positum
2446 2479 2598 2529 vide-

1553 2554 1656 2600 tur.
1694 2553 1942 2603 Horatius
1976 2556 2122 2602 certe
2159 2556 2284 2602 tunc
2317 2552 2385 2602 ad
2420 2555 2600 2603 exter-

1552 2637 1681 2674 num
1727 2626 1995 2689 profectus
2040 2639 2147 2676 non
2193 2629 2352 2675 esset.
2406 2654 2460 2662 —
2497 2628 2600 2677 Nec

1550 2700 1682 2747 mori
1724 2699 1850 2764 cet..]
1888 2701 2038 2749 «Non
2076 2705 2297 2749 metuam
2326 2701 2459 2749 mori
2493 2699 2601 2750 vul-

1551 2786 1617 2836 go
1653 2772 1934 2835 significat:
1982 2772 2154 2822 libens
2193 2774 2415 2834 moriar,
2464 2774 2598 2824 mori

1552 2847 1761 2910 cupio.»
1797 2847 1922 2907 BP„
1961 2846 2014 2896 id
2050 2845 2195 2910 quod
2229 2845 2365 2896 ultro
2402 2860 2598 2898 conce-

1552 2921 1745 2972 dimus.
1782 2922 1980 2971 Verum
2005 2921 2091 2970 hic
2116 2919 2257 2970 nullo
2282 2922 2441 2972 modo
2464 2923 2598 2972 scri-

1550 2995 1682 3046 bere
1706 2997 1918 3059 poterat
1939 2997 2123 3059 poeta:
2164 2997 2304 3045 «Nec
2339 2998 2594 3058 metuam,

1550 3084 1620 3120 ne
1639 3071 1836 3120 moriar
1857 3083 1956 3134 per
1971 3071 2139 3126 vim»;
2167 3072 2222 3119 et
2238 3069 2360 3120 alibi
2385 3084 2598 3136 quoque

1553 3146 1599 3210 (2
1621 3184 1633 3206 ,
1667 3147 1725 3207 2,
1763 3147 1810 3195 7.
1849 3146 1905 3204 4,
1932 3147 1988 3206 5,
2014 3145 2118 3208 ΞΟ.)
2154 3158 2206 3195 ν.
2231 3150 2450 3195 ”vetuere
2473 3160 2596 3196 eum

430 3220 659 3284 imperiti
705 3220 923 3271 alicuius
967 3220 1308 3271 Grammatici
1351 3233 1478 3285 per·
1510 3205 1517 3274 l
1552 3220 1805 3270 infinitivo
1841 3221 2148 3271 construxit.
2205 3221 2285 3269 Vis
2318 3222 2498 3270 autem
2522 3223 2598 3271 si-

429 3307 587 3344 versa
644 3296 698 3343 et
751 3296 947 3346 misera
1005 3294 1353 3360 interpolatio,
1416 3322 1473 3332 —
1550 3295 1766 3357 gnificat
1800 3293 2139 3353 «tumultum,
2193 3293 2434 3344 bellum»
2482 3295 2595 3344 sive

431 3369 684 3418 Ceterum
716 3369 852 3418 male
895 3371 1128 3420 eminetis
1171 3370 1334 3419 verbis
1372 3368 1475 3419 noli
1552 3369 1858 3419 intestinum
1893 3370 2005 3418 sive
2041 3372 2351 3429 externum,
2389 3383 2419 3417 a
2443 3366 2597 3418 Gallis

431 3454 556 3491 cum
601 3439 716 3491 aliis
779 3439 1067 3504 intelligere
1125 3442 1193 3493 de
1245 3443 1478 3507 querelis
1552 3442 1775 3494 fortasse
1832 3441 2123 3493 rebellibus
2185 3444 2407 3492 motum.
2487 3442 2598 3490 Hoc

429 3513 683 3565 luctuosis
717 3516 934 3578 propter
965 3520 1147 3580 patres
1182 3521 1236 3567 et
1268 3519 1481 3583 propin·
1549 3530 1681 3566 vero
1716 3517 1797 3566 his
1829 3530 1915 3566 vv.
1954 3518 2093 3566 tecte
2129 3516 2407 3577 significat:
2464 3515 2598 3564 «Hic

430 3599 586 3650 quos,
623 3588 714 3650 qui
749 3589 802 3637 in
837 3586 977 3637 bello
1013 3590 1340 3652 ceciderant,
1380 3591 1478 3642 sed

431 3661 500 3711 de
548 3660 795 3712 omnibus
845 3661 968 3711 mali
1020 3663 1211 3714 ominis
1270 3664 1477 3725 verbis,

432 3738 485 3786 in
520 3748 657 3797 quae
691 3749 1044 3800 prorumpere
1084 3740 1344 3801 poterant.

499 3809 708 3860 43-46.
758 3812 851 3862 Hic
899 3811 1016 3875 dies]
1068 3814 1198 3872 lam,
1235 3815 1293 3863 ut
1326 3813 1483 3863 decet

431 3883 659 3947 lyricum
691 3889 933 3948 poetam,
972 3899 1002 3935 a
1035 3885 1250 3950 publica
1284 3886 1479 3937 laetitia

429 3959 499 4009 ad
544 3971 696 4010 suam
744 3962 958 4018 transit,
1011 3964 1071 4011 ut
1118 3960 1239 4011 fecit
1283 3960 1378 4011 Od.
1419 3963 1475 4020 4,

429 4034 510 4083 37.
550 4032 610 4094 4,
649 4035 708 4095 2,
745 4034 828 4086 45.
868 4035 1033 4099 Epod.
1060 4036 1120 4095 9,
1149 4037 1196 4085 i.
1225 4061 1282 4071 —
1321 4034 1479 4098 atras]

428 4108 544 4158 Vid.
599 4108 668 4159 ad
725 4109 821 4159 Od.
875 4109 940 4170 3,
992 4110 1055 4169 i,
1099 4109 1180 4161 40.
1235 4135 1290 4146 -
1348 4111 1479 4159 Emi-

428 4182 542 4247 met]
579 4183 730 4243 Quod
778 4183 908 4234 Cod.
945 4184 1218 4247 antiquiss.
1254 4185 1292 4233 B
1328 4185 1479 4234 exhi-

430 4254 525 4304 bet
579 4258 744 4321 &viaet
798 4256 965 4318 (solus
1014 4257 1258 4320 quidem,
1308 4261 1367 4308 ut
1400 4258 1479 4307 vi-

1552 3591 1668 3641 dies
1690 3591 1893 3641 reditus
1916 3591 2133 3654 Augusti
2156 3590 2396 3652 sospitiS,
2435 3601 2596 3651 quem

1553 3678 1651 3728 ego
1696 3679 1762 3714 ex
1806 3666 1965 3715 animi
2004 3663 2266 3715 sententia
2301 3665 2356 3711 et
2388 3675 2511 3712 amo
2545 3666 2600 3712 et

1551 3753 1804 3800 veneror,
1830 3753 1957 3789 vere
1982 3738 2110 3789 mihi
2133 3737 2299 3787 festus
2324 3738 2439 3796 erit,
2475 3738 2598 3801 quia

1552 3826 1741 3864 omnes
1775 3813 1903 3863 mihi
1950 3826 2107 3862 curas
2143 3811 2363 3871 eximet,
2412 3824 2480 3860 ne
2516 3811 2598 3861 in-

1553 3889 1775 3938 testinae
1812 3887 2177 3937 contentiones
2213 3898 2396 3935 rursus
2428 3886 2600 3936 orian-

1553 3964 1665 4021 tur,
1717 3964 1779 4011 ut
1829 3961 2026 4011 factum
2076 3961 2158 4009 est
2206 3961 2328 4024 post
2376 3961 2435 4010 C.
2483 3960 2596 4011 Iulii

1553 4036 1797 4086 Caesaris
1832 4035 2153 4084 interitum.»
2189 4061 2244 4069 —
2268 4034 2471 4098 tenente]
2497 4034 2591 4084 Od.

1551 4109 1609 4171 t,
1649 4112 1735 4170 ⁴5,
1777 4110 1866 4159 47:
1914 4109 2120 4159 Custode
2158 4122 2331 4160 rerum
2364 4109 2591 4160 Caesare.

1619 4184 1698 4234 ⁴8.
1747 4184 1910 4234 Marsi
1939 4195 2206 4234 merneram
2237 4182 2402 4247 duelli]
2440 4197 2597 4234 «con-

1553 4258 1720 4309 ditum
1757 4256 1896 4307 bello
1932 4259 2154 4309 Marsico
2189 4272 2232 4308 s,
2260 4257 2511 4309 socialia.
2539 4270 2591 4306 u.
