3234 4975
654 394 778 457 400

1411 400 1668 451 flonATu
1702 402 2041 453 emulum!

993 553 1203 619 Servit
1246 555 1566 641 Hispanae
1610 565 1798 622 vetus
1841 556 2042 623 bostis
2085 578 2242 623 orae

990 673 1309 742 Cantaber
1350 695 1499 742 sera
1547 676 1828 742 domitus
1873 687 2138 753 catena,

996 795 1128 859 lam
1175 794 1453 885 Scythae
1497 795 1644 863 laxo
1687 798 2075 864 meditantur
2129 820 2281 865 arcu

1329 914 1580 982 Cedere
1635 919 1898 1006 campis.

994 1082 1382 1171 NeglegenS,
1430 1104 1512 1151 ne
1557 1106 1689 1172 qua
1731 1086 2010 1174 populus
2055 1087 2340 1163 laboret,

653 1348 892 1405 rexerat,
928 1346 1101 1395 victus
1136 1346 1187 1395 in
1222 1347 1430 1409 Syriam
1465 1346 1532 1397 ad
1565 1348 1705 1398 Cae-

654 1432 833 1470 sarem
865 1419 1126 1482 profugit,
1175 1419 1245 1470 ab
1280 1433 1452 1483 eoque
1488 1422 1702 1471 veniam

655 1494 982 1557 impetravit,
1019 1495 1079 1543 ut
1110 1493 1182 1543 ibi
1216 1497 1536 1544 remaneret.
1591 1495 1698 1545 Cir.

656 1567 752 1617 Dio
802 1568 892 1628 54,
931 1567 1011 1617 48.
1069 1568 1297 1618 Iustinus
1347 1567 1438 1629 42,
1477 1568 1558 1628 5.,
1611 1569 1704 1631 qui

655 1643 870 1691 omnino
904 1640 1214 1704 inspiciendi
1248 1643 1389 1691 sunt.
1432 1668 1488 1679 —
1538 1642 1704 1705 «Inso-

653 1719 758 1763 σιω
789 1711 918 1764 alias
951 1715 1224 1773 Romanis,
1284 1727 1426 1765 nunc
1466 1715 1559 1765 sibi
1603 1716 1703 1779 ipsi

654 1788 889 1838 luctuosis
951 1791 1088 1839 cet.»
1198 1789 1510 1852 neutiquam
1572 1803 1704 1840 vero

656 1861 984 1924 iungendum
1050 1865 1143 1911 aut
1203 1861 1409 1925 infesta
1465 1863 1558 1913 sibi
1612 1866 1707 1913 aut

654 1937 747 1985 sibi
781 1936 1011 1995 ἀὶεείάεις
1069 1936 1147 1985 sic
1194 1936 1338 1986 enim
1382 1950 1433 1986 v
1470 1937 1706 1987 luctuosis

657 2010 887 2059 otiosum
922 2008 980 2057 flt
1011 2008 1306 2070 ἐπίθετον,
1353 2011 1532 2061 omnia
1577 2023 1703 2061 cum

655 2095 806 2133 arma
856 2080 1058 2132 luctum
1102 2086 1391 2145 generent;
1443 2097 1707 2148 superva-

656 2169 883 2206 caneum
942 2156 1102 2206 etiam
1159 2160 1243 2206 est
1303 2157 1397 2207 sibi
1465 2159 1706 2209 iunctum

657 2242 782 2279 cum
804 2243 855 2279 v,
882 2230 1096 2279 dissidet.
1165 2231 1223 2280 In
1258 2230 1422 2282 altera
1454 2232 1702 2291 lectione,

656 2304 742 2354 cui
775 2306 955 2354 tamen
989 2303 1166 2354 obstat
1187 2305 1509 2368 optimorum
1533 2305 1703 2357 Codd.

657 2378 961 2440 auctoritaS,
997 2379 1171 2429 Medus
1190 2379 1378 2442 infestis
1396 2380 1490 2430 sibi
1509 2380 1707 2430 luctuo-

655 2466 741 2503 ωε
780 2453 991 2504 Dissidet
1028 2454 1213 2515 amis,
1247 2455 1421 2506 Medus
1457 2454 1709 2505 luctuosus

657 2529 858 2579 dictum
893 2530 1039 2579 esset
1072 2530 1130 2577 ut
1151 2527 1246 2578 Od.
1274 2528 1304 2578 3
1322 2567 1334 2590 ,
1361 2530 1420 2591 6,
1445 2530 1494 2581 8.
1532 2531 1710 2593 Hospe-

656 2605 742 2653 ήα
774 2602 1033 2662 luctum&
1090 2602 1280 2666 infestis
1312 2605 1493 2654 autem
1527 2606 1703 2664 mni-5,

659 2679 759 2728 etsi
797 2674 1039 2740 exempla
1077 2678 1364 2740 suppetunt
1397 2679 1464 2742 (v.
1491 2677 1702 2740 Bentl.),

658 2755 836 2802 tamen
870 2764 1000 2815 prae
1036 2753 1218 2802 nostra
1254 2750 1477 2803 lectione
1525 2751 1703 2816 iriget,

584 2827 596 2840 ‘
658 2838 764 2889 qua
813 2825 1067 2875 Parthum
1112 2828 1432 2889 perpetuum
1477 2826 1708 2876 nominis

658 2900 877 2950 Romani
910 2899 1121 2949 hostem
1159 2913 1279 2950 esse
1314 2903 1471 2963 poeta
1505 2900 1708 2963 signifi-

659 2976 763 3023 cat.
855 2972 1071 3036 (Digna,
1139 2985 1278 3035 quae
1336 2975 1671 3024 examinetur
1692 3012 1704 3036 ,

658 3044 1045 3108 Dillenburgeri
1079 3047 1163 3095 est
1194 3043 1360 3106 ratio,
1408 3048 1498 3110 qui
1532 3045 1709 3111 dupli-

659 3132 781 3170 cem
814 3119 901 3169 hic
925 3130 1140 3181 quoque
1165 3119 1346 3169 statuit
1366 3122 1711 3172 constructio-

659 3205 820 3243 nem:
858 3192 1205 3255 infesuoesibi,
1244 3197 1300 3243 et
1328 3194 1422 3244 sibi
1453 3196 1703 3246 luctuosis.

660 3268 870 3319 Mecum
906 3266 1029 3316 iacit
1061 3266 1289 3317 Liibker.
1349 3269 1546 3328 Quodsi
1576 3284 1707 3320 vero

660 3340 855 3404 duplex
916 3344 999 3392 est
1059 3343 1412 3404 constructio,
1472 3346 1710 3408 praestat

660 3416 830 3466 haec:
876 3414 968 3465 sibi
1000 3415 1236 3466 luctuosis
1268 3420 1322 3467 et
1355 3419 1552 3469 dissidet
1582 3419 1705 3481 sibi,

661 3490 830 3540 «inter
862 3502 981 3550 se»,
1021 3493 1078 3540 ut
1101 3490 1196 3540 Od.
1224 3492 1285 3552 2,
1310 3493 1372 3552 2,
1400 3493 1491 3543 ⁴8:
1538 3495 1707 3544 Dissi-

659 3566 779 3615 dom
803 3563 938 3627 plebi
958 3590 986 3601 -
1006 3566 1184 3614 virm.
1244 3567 1374 3617 voc.
1400 3570 1586 3619 eontra
1614 3569 1711 3618 sibi

661 3651 785 3688 cum
844 3652 894 3688 v,
946 3639 1150 3703 ὥιῖοεεω
1199 3641 1341 3704 iungi
1392 3654 1496 3692 non
1546 3656 1708 3707 posse

660 3712 993 3764 demonstrat
1023 3714 1138 3777 ipsa
1172 3728 1363 3767 versus
1398 3729 1638 3768 caesura.

723 3788 803 3837 24.
842 3788 925 3837 22.
960 3793 1100 3839 vetus
1130 3789 1297 3855 hostis]
1335 3792 1444 3841 Liv.
1481 3792 1578 3852 28,
1606 3792 1704 3842 42;

663 3861 909 3925 Hispania
937 3863 1113 3924 prima
1143 3865 1381 3914 Romanis
1419 3865 1548 3913 inita
1584 3877 1713 3926 pro·

658 3935 969 3998 vinciam,
1023 3951 1153 4000 quae
1184 3939 1384 4000 quidem
1416 3935 1685 3988 continent
1688 3952 1713 3988 s

659 4012 808 4068 sunt,
837 4014 1096 4070 postrema
1127 4013 1382 4073 mutan,
1418 4017 1593 4062 nocem
1624 4014 1713 4064 de-

659 4094 801 4131 mum
831 4088 1021 4146 αοιαιο,
1069 4086 1222 4135 ductu
1252 4086 1575 4148 auspicioque
1605 4088 1713 4138 Au-

658 4155 794 4218 muti
814 4155 1343 4221 Caommaomita
1364 4163 1451 4208 est.
1484 4186 1538 4195 -
1576 4160 1713 4211 Can-

660 4229 817 4294 taber]
855 4230 1103 4282 Cantabri
1140 4232 1194 4281 in
1230 4233 1475 4296 Hispania
1501 4237 1714 4298 septen-

2743 1091 2827 1155 25

1776 1349 1984 1400 monali
2032 1350 2217 1402 domiti
2268 1366 2316 1402 a.
2357 1367 2407 1402 u.
2445 1366 2494 1403 c.
2529 1353 2644 1404 734.
2730 1355 2828 1404 Dio

1777 1424 1871 1485 53,
1908 1426 1989 1476 25.
2062 1426 2167 1477 Cir.
2206 1428 2300 1477 od.
2344 1428 2404 1487 2,
2445 1428 2595 1488 6,2;
2634 1428 2827 1479 σαω-

1776 1498 1924 1549 brum
1972 1502 2226 1552 §indoctum
2275 1504 2398 1566 §uqa
2444 1503 2582 1566 [σι-νο
2629 1508 2823 1553 nom.

1778 1573 1875 1623 Od.
1902 1573 1963 1635 4,
1991 1574 2085 1635 ⁴4,
2111 1573 2206 1625 4⁴:
2270 1576 2330 1626 Te
2372 1578 2638 1641 (Auguste)
2692 1577 2829 1629 Can-

1778 1646 2825 1702 tabu-nonmedmnabius--Miraum

1779 1721 1910 1787 Epp.
1939 1724 1999 1783 4,
2026 1724 2115 1784 42,
2140 1724 2230 1773 26;
2292 1724 2540 1775 Canaba·
2571 1725 2827 1789 Agrippae

1778 1797 2279 1847 -virtuce-cecidit.

1842 1896 1924 1946 23.
1949 1896 2032 1949 24.
2061 1898 2298 1963 Scythae]
2335 1899 2521 1960 iidem,
2555 1914 2692 1964 quos
2714 1917 2822 1954 κυ-

1778 1972 2060 2041 ριωτέρως
2093 1973 2303 2022 Gelonos
2337 1976 2494 2023 vocat
2533 1975 2629 2026 Od.
2667 1977 2729 2036 2,
2765 1977 2826 2039 9,

1779 2045 1862 2094 23.
1919 2042 2049 2094 Flor.
2088 2045 2148 2107 4,
2178 2047 2269 2107 42,
2295 2047 2388 2097 2οε
2419 2048 2697 2099 Samaeos
2730 2064 2832 2112 pa—

1778 2118 1987 2169 tentibus
2005 2122 2199 2182 campis
2228 2122 2529 2183 tamtam
2563 2129 2611 2173 et
2631 2124 2719 2174 hos
2733 2138 2834 2187 per

1779 2192 2092 2242 -Lentulum
2127 2194 2391 2255 protawo
2437 2197 2672 2247 Danubio
2704 2200 2828 2248 satis

1777 2266 1890 2329 nait.
1930 2266 2052 2329 (Cir.
2093 2267 2162 2320 de
2200 2269 2253 2318 h.
2295 2267 2328 2318 1.
2376 2270 2548 2334 Unger
2578 2271 2638 2321 V.
2678 2272 2737 2322 R.
2773 2285 2828 2336 p.

1781 2340 1895 2391 356.
1949 2343 2004 2391 et
2036 2341 2170 2403 364.)
2230 2370 2284 2379 -
2344 2343 2489 2409 lamo]
2537 2346 2826 2407 «remisso,

1782 2415 2172 2468 incursionibus
2203 2417 2256 2467 in
2279 2416 2413 2469 fines
2437 2420 2701 2471 Romanos
2725 2421 2833 2471 iam

1780 2491 2182 2541 renuntiaturi.»
2235 2493 2377 2556 virg.
2405 2496 2536 2544 Aen.
2566 2496 2658 2557 44,
2695 2496 2828 2547 874:

1780 2564 1878 2614 Sed
1898 2565 2048 2614 lemos
2079 2566 2302 2628 referunt
2333 2568 2553 2618 muneris
2584 2569 2832 2634 Ιαηςυοιι-

1779 2637 1909 2688 tibus
1939 2652 2105 2689 arvus.
2147 2666 2202 2678 —
2253 2642 2562 2692 manaem·
2582 2670 2612 2681 -
2635 2644 2830 2709 Cedere]

1780 2714 1832 2763 in
1866 2726 1947 2777 pr.
1986 2717 2157 2764 orat.:
2218 2717 2369 2767 «iam
2403 2718 2530 2768 inibi
2566 2722 2713 2780 sunt,
2773 2725 2833 2770 ut

1780 2799 1840 2838 se
1863 2788 2123 2851 recipiant
2145 2789 2269 2840 inde
2284 2829 2296 2852 ,
2324 2803 2431 2854 quo
2453 2794 2658 2843 temere
2682 2796 2834 2844 erant

1781 2865 2103 2924 progressi.»
2170 2865 2408 2914 Meditari
2431 2878 2554 2916 cum
2580 2866 2832 2918 infinitivo

1782 2936 1943 2985 etiam
1986 2937 2091 2987 Sat.
2129 2937 2186 2999 2,
2224 2939 2284 3000 3,
2323 2940 2446 2990 2633
2484 2943 2834 2993 aei-mediter

1776 3010 1927 3074 finire
1957 3009 2194 3060 labores?
2250 3011 2466 3063 Rutilius
2501 3015 2632 3080 Lup.
2672 3018 2725 3077 4,
2765 3017 2786 3065 4
2817 3031 2827 3065 :

1780 3097 1871 3134 nos
1890 3111 1920 3121 -
1941 3111 1971 3122 —
1989 3086 2122 3135 vinci
2153 3088 2470 3138 meduanae.

1847 3187 1928 3237 25.
1999 3188 2297 3254 Neqleqens]
2357 3193 2630 3242 «securus
2653 3230 2665 3253 ,
2726 3207 2832 3244 non

1784 3261 2028 3312 timens.»
2075 3263 2258 3314 Senot..
2331 3266 2474 3316 «Hoc
2506 3264 2698 3317 saltem
2744 3267 2830 3318 die

1782 3336 1965 3385 omitte
2009 3335 2390 3402 aliquantisper
2430 3340 2671 3392 assiduas
2715 3345 2832 3393 tuas

1782 3422 1881 3473 pro
1929 3411 2110 3474 populi
2167 3411 2337 3462 salute
2403 3426 2560 3466 curas
2619 3413 2829 3480 nolique

1783 3483 1942 3534 nimis
1988 3482 2241 3537 sollicitus
2284 3500 2404 3538 esse
2439 3487 2508 3539 de
2547 3490 2698 3540 novis
2733 3503 2832 3554 pe·

1783 3555 1960 3608 riculis
1994 3559 2073 3609 rei
2106 3559 2351 3624 publicae
2388 3562 2610 3615 fortasse
2655 3565 2833 3615 immi-

1783 3630 2087 3682 nentibus.»
2123 3635 2262 3685 Scite
2286 3636 2670 3700 Maecenatem,
2703 3638 2833 3689 dum

1784 3717 1912 3756 eum
1985 3705 2054 3756 ad
2127 3721 2314 3759 omnes
2380 3723 2538 3762 curas
2590 3711 2833 3775 publicas

1783 3780 2107 3831 omittendas
2131 3783 2456 3846 exhortatur,
2494 3783 2674 3836 laudat
2699 3789 2836 3837 tam-

1785 3865 1951 3916 quam
1994 3867 2148 3914 eum,
2203 3855 2294 3918 qui
2333 3856 2701 3910 huiuscemodi
2736 3873 2833 3913 cu-

1784 3927 1857 3976 ris
1887 3940 2107 3991 semper
2147 3927 2405 3981 distentus
2443 3934 2832 3997 sapientissima

1786 3998 2005 4051 consilia
2052 4001 2318 4065 praebere
2365 4002 2535 4056 soleat
2576 4010 2828 4072 Augusto.

1791 4100 1845 4110 —
1882 4087 1945 4124 ne
1976 4076 2095 4140 qua]
2135 4090 2242 4127 «ne
2287 4076 2642 4145 qualicunque
2687 4083 2738 4132 in
2773 4098 2832 4133 re

1785 4145 1893 4197 ullo
1928 4149 2090 4199 modo
2126 4154 2263 4201 cet.»

1851 4240 1934 4289 26.
2003 4243 2181 4306 Parce]
2257 4245 2396 4309 apud
2447 4251 2634 4310 poetas
2690 4249 2834 4300 idem
