3234 4975
1440 392 1696 443 nomm
1732 393 2063 446 etiamnum

930 551 1135 615 Purae
1176 550 1350 615 rivus
1392 569 1601 636 aquae
1645 548 1934 637 silvaque
1979 550 2270 636 iugerum

927 672 1283 736 Paucorum
1327 680 1392 737 et
1433 670 1670 757 segetis
1713 681 1888 737 certa
1927 669 2092 736 fides
2131 690 2314 737 meae

2733 672 2815 735 30

936 789 1305 879 Fulgentem
1344 791 1616 879 imperio
1658 791 1878 858 fertilis
1921 791 2168 859 Africae

1092 911 1274 979 Fallit
1313 923 1486 980 sorte
1527 912 1793 980 beatior.

921 1073 1320 1160 Quamquam
1362 1092 1484 1138 nec
1526 1071 1836 1139 Calabrae
1879 1069 2068 1138 mella
2109 1071 2318 1138 serunt
2359 1090 2514 1159 apes

928 1195 1060 1260 Nec
1101 1192 1559 1282 Laestrygonia
1599 1192 1890 1260 Bacchus
1931 1193 1998 1258 in
2041 1192 2347 1281 amphora

919 1314 1303 1403 Languescit
1343 1313 1495 1380 mihi
1539 1333 1662 1381 nec
1704 1313 1963 1402 pinguia
2008 1312 2262 1380 Gallicis

2733 1316 2815 1381 35

796 1457 877 1507 29.
916 1470 1137 1519 φιοοω.
1163 1457 1219 1506 T.
1259 1480 1313 1492 —
1352 1455 1432 1507 34.
1469 1456 1704 1521 Fialqente
1735 1454 2000 1506 Bentleius
2028 1457 2164 1506 coni.
2202 1482 2259 1492 —
2296 1456 2376 1506 32.
2415 1456 2580 1506 Μὰ.
2608 1456 2750 1507 Sorte

730 1531 943 1593 beatior,
968 1529 1610 1594 Quamquamwakefield,
1635 1531 1880 1595 Doering.
1910 1530 2074 1594 (Corr.
2095 1529 2289 1596 Regel.)
2322 1559 2372 1569 —
2403 1532 2482 1582 33.
2507 1533 2676 1595 term
2691 1533 2747 1582 T.

733 1653 815 1703 29.
852 1653 932 1703 30.
967 1652 1133 1717 rivus]
1168 1653 1404 1715 Digentia
1432 1652 1486 1702 in
1509 1652 1706 1702 Horatii
1772 1652 1939 1716 fauit,
1986 1651 2114 1703 latet
2146 1666 2270 1703 eum
2301 1659 2463 1715 sorte,
2516 1655 2817 1718 possessio-

600 1746 606 1771 ι
669 1726 879 1777 Sabino.
916 1727 1127 1791 Epp.,⁴
1154 1727 1247 1787 46,
1276 1727 1354 1776 42.
1395 1726 1481 1785 48,
1509 1725 1702 1777 404.-

600 1794 609 1823 ‘'
666 1801 911 1866 silvaque]
947 1801 1077 1866 Epp.
1110 1802 1169 1861 4,
1209 1801 1300 1861 46,
1338 1800 1393 1850 9.
1432 1804 1708 1862 wormat

668 1876 869 1927 itata—
902 1881 1042 1926 oerta
1058 1875 1247 1940 fides]-
1224 1875 1391 1935 «ideo,
1416 1873 1706 1938 quodeum

668 1952 984 2014 proventum
1035 1949 1315 2013 quotannis
1357 1948 1486 1998 mihi
1530 1948 1702 2010 effert,

669 2036 833 2087 quem
866 2026 1176 2089 exspectare
1213 2035 1312 2088 par
1344 2026 1511 2072 erat.»
1580 2023 1709 2072 stou

664 2100 871 2149 mend
922 2098 1073 2149 Voss.
1167 2098 1456 2162 opponitur
1522 2098 1708 2160 Maus

665 2174 886 2224 mendam
916 2173 1012 2224 Od.
1038 2173 1096 2234 3,
1125 2174 1180 2233 4,
1201 2172 1284 2222 30.
1322 2172 1446 2236 (Cic.
1471 2171 1540 2222 ad
1560 2173 1702 2222 Fam.

674 2248 763 2309 46,
803 2249 984 2310 47,4;
1022 2246 1707 2297 Etdocmotdomuset

668 2335 758 2371 ara
787 2327 836 2372 et
865 2335 990 2387 aaa·
1016 2322 1166 2372 otiam
1197 2318 1366 2372 fidelis
1394 2321 1493 2371 dici
1529 2326 1705 2384 potest,

668 2401 728 2446 uc
757 2398 852 2457 sit,
898 2398 1139 2460 quomodo
1174 2397 1496 2459 ηοορίυωτο
1519 2396 1703 2458 placet,

666 2473 947 2523 οινοοιιηάα
976 2473 1195 2523 walam.
1234 2470 1521 2522 Philemon.
1546 2472 1702 2522 Mein.

669 2559 724 2610 p.
767 2546 888 2598 406:
958 2542 1321 2597 δικαιότατον
1353 2541 1518 2611 κτῆμ’
1549 2544 1706 2595 ἐστὶν

666 2615 995 2693 ἀνθρώποις
1049 2616 1243 2693 ἀγρός.
1337 2621 1482 2684 (Mite
1534 2631 1707 2684 nuper

666 2694 856 2760 aliquis
894 2698 1265 2762 interpretatus
1297 2698 1413 2746 est:
1451 2694 1558 2745 ude
1598 2707 1705 2758 quo

666 2785 794 2834 agro
838 2785 941 2821 nec
990 2770 1285 2822 sollicitudo
1319 2783 1494 2833 neque
1528 2771 1705 2819 metus

666 2845 804 2897 ullus
836 2859 926 2897 me
958 2846 1164 2909 angit»,
1219 2847 1273 2895 et
1314 2857 1487 2907 aeque
1528 2842 1700 2894 male:

667 2921 848 2985 Fallit]
916 2921 1074 2970 «aaut
1126 2921 1220 2969 dm
1280 2920 1336 2968 in
1396 2920 1702 2979 δοὴααοπ»,

672 2994 901 3045 «umbra
937 3007 1062 3044 eum
1096 2992 1415 3056 obscurata)

735 3071 817 3121 34.
884 3069 1199 3134 Fumantem]
1257 3069 1523 3118 Sententia
1570 3069 1706 3118 haec

668 3148 781 3196 est:
843 3144 1041 3194 «Homo
1088 3141 1327 3207 locuples
1371 3143 1585 3193 omnino
1627 3144 1707 3193 in-

667 3218 900 3282 telligere
923 3218 1107 3283 nequit
1127 3230 1243 3280 me,
1268 3218 1391 3280 quia
1417 3220 1560 3268 tenui
1583 3232 1704 3269 mea

668 3293 979 3345 condicione
1020 3293 1148 3344 satis
1182 3305 1450 3357 superque
1484 3295 1706 3344 conten-

666 3371 754 3419 tus
803 3380 923 3419 sum
945 3406 957 3428 ‚
1013 3365 1167 3432 longe
1208 3366 1494 3417 feliciorem
1545 3381 1667 3419 esse
1689 3406 1702 3429 ,

667 3455 829 3506 quarn
851 3443 966 3506 ipse
989 3444 1072 3493 est
1086 3480 1098 3503 ,
1129 3438 1306 3493 multis
1328 3455 1543 3507 semper
1562 3444 1705 3494 curis

667 3517 984 3569 districtus.»
1051 3518 1164 3568 lam
1213 3517 1257 3567 is
1294 3517 1449 3581 fiaqet
1496 3517 1705 3579 imperio

665 3592 841 3657 fertilis
871 3591 1102 3655 Ali-icae,
1147 3591 1200 3641 id
1234 3594 1346 3652 est,
1382 3590 1703 3642 «latissimas

665 3669 716 3718 in
753 3667 921 3718 Africa
952 3667 1320 3732 possessiones
1363 3665 1591 3726 habet»,
1644 3666 1705 3715 ut

666 3744 811 3791 reete
836 3741 943 3791 iam
964 3744 1135 3800 Acro3
1172 3753 1347 3805 neque
1381 3753 1509 3791 vero
1545 3740 1706 3789 inter-

663 3815 982 3882 pretandum
1023 3815 1092 3866 de
1125 3815 1330 3866 Africae
1364 3812 1697 3879 proconsule.

664 3891 865 3941 Seneca
914 3892 1010 3955 Ep.
1061 3890 1153 3941 89:
1212 3891 1401 3941 Parum
1447 3894 1548 3950 est,
1604 3889 1704 3937 nisi

663 3970 804 4014 ιναηε
838 3965 1153 4016 Hadrianum
1194 3969 1241 4015 ot
1278 3964 1472 4014 lotatum
1510 3963 1703 4029 Aeaco-

662 4052 845 4101 wmquo
908 4045 1066 4091 vector
1124 4040 1318 4090 villicus
1378 4045 1701 4104 ’φημ’--

665 4128 819 4176 quam
858 4114 1002 4164 voltis
1032 4116 1132 4165 late
1156 4116 1429 4178 possidet&
1477 4116 1541 4165 rit
1581 4115 1702 4179 fluit-

663 4190 786 4248 dus,
841 4189 972 4249 quod
1015 4189 1284 4250 aliquanao
1317 4191 1580 4253 &inperium
1608 4205 1703 4240 vo-

663 4262 892 4314 cabatur.
978 4263 1152 4314 Meum
1202 4266 1381 4314 autem
1448 4263 1702 4316 Sabinum

1775 1739 1870 1786 ne,
1923 1726 2112 1777 beatius
2159 1719 2249 1791 (ὄν
2247 1726 2299 1792 );
2359 1726 2413 1777 id
2448 1730 2554 1777 est.
2616 1729 2817 1779 «nescit

1775 1799 1861 1851 ille
1894 1801 2173 1866 praedium
2220 1814 2402 1852 meum
2436 1802 2636 1852 maiora
2687 1802 2815 1852 mihi

1775 1874 1965 1938 gaudia
1986 1874 2285 1940 praebere,
2322 1888 2485 1939 quam
2505 1877 2620 1940 ipse
2643 1877 2819 1927 haurit

1776 1963 1844 2000 ex
1875 1948 2052 2000 multis
2085 1952 2142 2000 et
2174 1948 2512 2014 amplissimis
2544 1951 2656 2000 suis
2687 1963 2818 2014 pos·

1775 2023 2151 2077 sessionibus.»
2218 2024 2399 2085 mit,
2453 2026 2576 2074 nota
2618 2024 2817 2087 signifi·

1777 2099 1985 2149 catione
2006 2137 2019 2160 ,
2051 2111 2151 2163 pro
2187 2093 2329 2148 «τὸν
2361 2096 2641 2149 πλούσιον
2677 2096 2816 2148 λαν-

1773 2168 1940 2223 θάνει
1972 2168 2118 2224 πολὺ
2153 2165 2497 2244 ὀλβιώτερον
2529 2166 2653 2223 ὄν.»
2689 2175 2815 2223 Pro—

1774 2249 1912 2312 pert.
1950 2249 2003 2309 4,
2041 2247 2097 2308 4,
2134 2249 2230 2298 45ε
2292 2249 2397 2311 Quo
2436 2249 2600 2312 maffia
2638 2252 2686 2297 et
2729 2261 2819 2297 no—

1772 2326 1901 2371 stros
1930 2322 2182 2372 contendis
2209 2323 2396 2372 solvere
2440 2336 2660 2384 amores,
2709 2323 2814 2372 Hoc

1773 2397 1938 2460 maffia
1989 2401 2195 2458 accepta
2245 2396 2379 2460 fauit
2430 2402 2636 2459 uterque
2684 2398 2782 2461 fido
2796 2410 2815 2455 ,·

1777 2483 1875 2521 «eo
1925 2472 2093 2535 magis
2141 2474 2194 2523 te
2245 2470 2374 2523 latet
2422 2484 2518 2523 nos
2575 2475 2816 2522 mutuam

1775 2545 1932 2597 nobis
1953 2546 2117 2598 fldem
2138 2560 2407 2598 servare.»
2477 2548 2612 2598 Cum
2632 2559 2685 2597 v.
2709 2560 2819 2597 sors

1773 2620 2035 2685 significet
2051 2659 2066 2683 ,
2119 2621 2264 2685 quod
2311 2634 2409 2672 nos
2457 2621 2683 2672 dicimus
2725 2623 2820 2671 das

1774 2696 2002 2759 Remeat,
2054 2696 2135 2745 dio
2164 2696 2461 2760 Beatumy,
2506 2696 2559 2746 h.
2596 2694 2631 2745 l.
2669 2694 2812 2746 idem

1777 2773 1861 2821 est
1879 2808 1891 2831 ,
1927 2783 1992 2821 ac
2013 2771 2060 2820 si
2081 2770 2298 2822 dixisset
2318 2771 2500 2833 pretio.
2543 2768 2815 2820 Ablatlvus

1775 2847 1958 2896 autem
1991 2848 2075 2897 est
2107 2843 2542 2895 instrumentalis:
2581 2843 2816 2893 «beatior

1775 2933 1875 2985 per
1905 2920 2136 2984 pretium
2168 2931 2356 2979 suum,
2402 2918 2546 2982 quod
2583 2918 2653 2968 ad
2687 2931 2817 2983 pre-

1775 2995 1907 3044 tium
1929 2995 2169 3052 attinet-3
2195 2994 2504 3055 neutiquam
2525 3005 2654 3042 vero
2669 3005 2818 3043 eom-

1773 3069 2076 3132 parativus:
2114 3079 2320 3131 «quam
2351 3079 2470 3118 sors
2503 3069 2588 3118 est
2617 3065 2817 3129 fulgon-

1774 3144 1842 3195 tis
1873 3143 2095 3208 imperio
2127 3142 2332 3193 Africae
2349 3160 2395 3202 ,¹-
2428 3145 2489 3191 ut
2509 3141 2594 3192 alii
2614 3141 2811 3192 volunt.

1839 3218 1920 3269 33.
1957 3218 2038 3270 34.
2075 3217 2335 3283 Calabrae]
2371 3217 2654 3268 Calabrum
2686 3216 2811 3278 mel,

1774 3296 1833 3344 ut
1883 3293 2208 3356 Hymettium
2265 3295 2425 3357 atque
2481 3291 2776 3356 Hyblaeum
2798 3330 2810 3352 ‚

1773 3365 2082 3434 melioribus
2112 3366 2579 3418 adnumerabatur.
2637 3366 2732 3416 Od.
2759 3367 2809 3425 2,

1775 3443 1823 3502 6,
1849 3441 1929 3493 44.
1966 3440 2062 3491 Od.
2090 3440 2139 3503 4,
2164 3443 2213 3502 2,
2238 3443 2319 3492 27.
2352 3467 2408 3480 -
2431 3440 2809 3506 Laestrygonia]

1774 3514 1981 3567 Scilicet
2029 3517 2288 3567 Formiani
2348 3516 2604 3581 oppidum
2656 3527 2814 3567 suum

1774 3591 2110 3641 Homericam
2143 3589 2285 3642 illam
2320 3588 2636 3656 τηλέκυλον
2665 3588 2811 3639 Λαι-

1773 3666 2114 3735 στρυγονίην
2165 3664 2371 3729 (odyss.
2409 3682 2446 3716 κ
2460 3701 2476 3726 ,
2529 3665 2630 3728 82.)
2688 3676 2808 3715 esse

1772 3738 2029 3791 ferebant.
2067 3741 2175 3791 Cic.
2201 3739 2271 3790 ad
2293 3741 2443 3790 Attio.
2468 3741 2519 3802 2,
2545 3737 2624 3790 43.
2664 3736 2810 3789 ovid.

1772 3814 1894 3864 Met.
1931 3814 2020 3876 44,
2056 3814 2184 3865 233;
2243 3815 2389 3864 Lami
2429 3819 2641 3864 veta-um
2683 3813 2816 3863 Lao-

1771 3890 2038 3953 struqonlr,
2072 3890 2266 3951 inquit,
2293 3889 2347 3939 tn
2367 3889 2540 3940 urbem
2566 3888 2807 3938 venem.

1837 3963 1917 4015 35.
1967 3963 2284 4029 moncia]
2319 3964 2579 4014 «mitescit
2610 3959 2814 4027 paulla-

1772 4040 1919 4089 tim.»
1953 4038 2158 4090 Colum.
2185 4040 2233 4100 4,
2259 4039 2309 4101 6,
2333 4039 2428 4088 2οε
2463 4037 2813 4088 omenta-tus

1770 4113 2275 4166 amman-usurae.
2307 4140 2361 4150 —
2392 4111 2623 4177 pinque]
2654 4111 2818 4175 «spis-

1774 4202 1834 4240 sa
1869 4191 1924 4238 et
1955 4188 2225 4252 copiosa.»
2298 4189 2435 4239 Oves
2477 4185 2812 4257 ἐΰτρεφέες,

1773 4259 2132 4327 δασύμαλλοι
2166 4262 2370 4326 (odyss.
2404 4278 2456 4325 ι,
2491 4260 2626 4322 426.)
2661 4261 2816 4311 erant
