<?xml version="1.0" encoding="UTF-8"?>
<!DOCTYPE html PUBLIC "-//W3C//DTD XHTML 1.0 Transitional//EN"
    "http://www.w3.org/TR/xhtml1/DTD/xhtml1-transitional.dtd">
<html xmlns="http://www.w3.org/1999/xhtml" xml:lang="en" lang="en">
 <head>
  <title>
</title>
<meta http-equiv="Content-Type" content="text/html;charset=utf-8" />
  <meta name='ocr-system' content='tesseract 3.04.00' />
  <meta name='ocr-capabilities' content='ocr_page ocr_carea ocr_par ocr_line ocrx_word'/>
</head>
<body>
  <div class='ocr_page' id='page_1' title='image "./qhoratiusflaccu05baitgoog_0772.png"; bbox 0 0 3234 4975; ppageno 0'>
   <div class='ocr_carea' id='block_1_1' title="bbox 610 380 731 445">
    <p class='ocr_par' dir='ltr' id='par_1_1' title="bbox 610 380 731 445">
     <span class='ocr_line' id='line_1_1' title="bbox 610 380 731 445; baseline 0 -1"><span class='ocrx_word' id='word_1_1' title='bbox 610 380 731 445; x_wconf 80' lang='lat'><strong>740</strong></span> 
     </span>
    </p>
   </div>
   <div class='ocr_carea' id='block_1_2' title="bbox 1404 375 1953 427">
    <p class='ocr_par' dir='ltr' id='par_1_2' title="bbox 1404 375 1953 427">
     <span class='ocr_line' id='line_1_2' title="bbox 1404 375 1953 427; baseline -0.005 0"><span class='ocrx_word' id='word_1_2' title='bbox 1404 377 1662 427; x_wconf 77' lang='lat' dir='ltr'><strong>uonA‘rn</strong></span> <span class='ocrx_word' id='word_1_3' title='bbox 1697 375 1953 426; x_wconf 85' lang='lat' dir='ltr'><strong>EPODON</strong></span> 
     </span>
    </p>
   </div>
   <div class='ocr_carea' id='block_1_3' title="bbox 860 531 1953 604">
    <p class='ocr_par' dir='ltr' id='par_1_3' title="bbox 860 531 1953 604">
     <span class='ocr_line' id='line_1_3' title="bbox 860 531 1953 604; baseline -0.005 -4"><span class='ocrx_word' id='word_1_4' title='bbox 860 535 1190 602; x_wconf 86' lang='lat' dir='ltr'><strong>Iniuriosis</strong></span> <span class='ocrx_word' id='word_1_5' title='bbox 1230 533 1454 600; x_wconf 85' lang='lat' dir='ltr'><strong>aridus</strong></span> <span class='ocrx_word' id='word_1_6' title='bbox 1497 531 1707 598; x_wconf 89' lang='lat' dir='ltr'><strong>ventis</strong></span> <span class='ocrx_word' id='word_1_7' title='bbox 1751 531 1953 604; x_wconf 78' lang='lat' dir='ltr'><strong>ferar,</strong></span> 
     </span>
    </p>
   </div>
   <div class='ocr_carea' id='block_1_4' title="bbox 862 650 2048 723">
    <p class='ocr_par' dir='ltr' id='par_1_4' title="bbox 862 650 2048 723">
     <span class='ocr_line' id='line_1_4' title="bbox 862 650 2048 723; baseline -0.008 0"><span class='ocrx_word' id='word_1_8' title='bbox 862 655 1049 723; x_wconf 85' lang='lat' dir='ltr'><strong>Cales</strong></span> <span class='ocrx_word' id='word_1_9' title='bbox 1101 654 1371 721; x_wconf 83' lang='lat' dir='ltr'><strong>venenis</strong></span> <span class='ocrx_word' id='word_1_10' title='bbox 1413 653 1669 719; x_wconf 86' lang='lat' dir='ltr'><strong>officina</strong></span> <span class='ocrx_word' id='word_1_11' title='bbox 1713 650 2048 718; x_wconf 85' lang='lat' dir='ltr'><strong>Colchicis.</strong></span> 
     </span>
    </p>
   </div>
   <div class='ocr_carea' id='block_1_5' title="bbox 863 770 2508 1101">
    <p class='ocr_par' dir='ltr' id='par_1_5' title="bbox 863 770 2508 1101">
     <span class='ocr_line' id='line_1_5' title="bbox 863 770 2508 861; baseline -0.005 -20"><span class='ocrx_word' id='word_1_12' title='bbox 863 778 1045 856; x_wconf 88' lang='lat' dir='ltr'><strong>Quae</strong></span> <span class='ocrx_word' id='word_1_13' title='bbox 1091 774 1237 840; x_wconf 88' lang='lat' dir='ltr'><strong>finis</strong></span> <span class='ocrx_word' id='word_1_14' title='bbox 1278 783 1389 840; x_wconf 90' lang='lat' dir='ltr'><strong>aut</strong></span> <span class='ocrx_word' id='word_1_15' title='bbox 1432 771 1609 861; x_wconf 91' lang='lat' dir='ltr'><strong>quod</strong></span> <span class='ocrx_word' id='word_1_16' title='bbox 1655 792 1760 837; x_wconf 91' lang='lat' dir='ltr'><strong>me</strong></span> <span class='ocrx_word' id='word_1_17' title='bbox 1806 778 2022 836; x_wconf 88' lang='lat' dir='ltr'><strong>manet</strong></span> <span class='ocrx_word' id='word_1_18' title='bbox 2068 770 2508 856; x_wconf 79' lang='lat' dir='ltr'><strong>stipendium?</strong></span> 
     </span>
     <span class='ocr_line' id='line_1_6' title="bbox 863 887 2275 978; baseline -0.005 -18"><span class='ocrx_word' id='word_1_19' title='bbox 863 894 1111 971; x_wconf 85' lang='lat' dir='ltr'><strong>Effare;</strong></span> <span class='ocrx_word' id='word_1_20' title='bbox 1156 894 1367 959; x_wconf 85' lang='lat' dir='ltr'><strong>iussas</strong></span> <span class='ocrx_word' id='word_1_21' title='bbox 1411 914 1560 960; x_wconf 90' lang='lat' dir='ltr'><strong>cum</strong></span> <span class='ocrx_word' id='word_1_22' title='bbox 1609 890 1740 957; x_wconf 87' lang='lat' dir='ltr'><strong>fide</strong></span> <span class='ocrx_word' id='word_1_23' title='bbox 1778 910 2024 978; x_wconf 89' lang='lat' dir='ltr'><strong>poenas</strong></span> <span class='ocrx_word' id='word_1_24' title='bbox 2072 887 2275 962; x_wconf 86' lang='lat' dir='ltr'><strong>luam,</strong></span> 
     </span>
     <span class='ocr_line' id='line_1_7' title="bbox 864 1010 2069 1101; baseline -0.005 -20"><span class='ocrx_word' id='word_1_25' title='bbox 864 1018 1132 1081; x_wconf 85' lang='lat' dir='ltr'>Paratus</span> <span class='ocrx_word' id='word_1_26' title='bbox 1179 1014 1470 1101; x_wconf 82' lang='lat' dir='ltr'><strong>expiare,</strong></span> <span class='ocrx_word' id='word_1_27' title='bbox 1520 1033 1640 1078; x_wconf 91' lang='lat' dir='ltr'><strong>seu</strong></span> <span class='ocrx_word' id='word_1_28' title='bbox 1686 1010 2069 1100; x_wconf 82' lang='lat' dir='ltr'>poposceris</span> 
     </span>
    </p>
   </div>
   <div class='ocr_carea' id='block_1_6' title="bbox 742 1254 2723 1319">
    <p class='ocr_par' dir='ltr' id='par_1_6' title="bbox 742 1254 2723 1319">
     <span class='ocr_line' id='line_1_8' title="bbox 742 1254 2723 1319; baseline -0.002 -9"><span class='ocrx_word' id='word_1_29' title='bbox 742 1260 821 1310; x_wconf 85' lang='lat'><strong>38.</strong></span> <span class='ocrx_word' id='word_1_30' title='bbox 858 1260 1105 1318; x_wconf 75' lang='lat' dir='ltr'><strong><em>Paratus,</em></strong></span> <span class='ocrx_word' id='word_1_31' title='bbox 1158 1257 1368 1319; x_wconf 62' lang='lat' dir='ltr'><strong>aptaro</strong></span> <span class='ocrx_word' id='word_1_32' title='bbox 1415 1257 1459 1306; x_wconf 76' lang='lat' dir='ltr'><strong>si</strong></span> <span class='ocrx_word' id='word_1_33' title='bbox 1496 1255 1784 1318; x_wconf 75' lang='lat' dir='ltr'><strong>poposceris</strong></span> <span class='ocrx_word' id='word_1_34' title='bbox 1816 1254 2023 1305; x_wconf 68' lang='lat' dir='ltr'><strong>Cantium</strong></span> <span class='ocrx_word' id='word_1_35' title='bbox 2053 1255 2300 1316; x_wconf 74' lang='lat' dir='ltr'><strong>iuvencis,</strong></span> <span class='ocrx_word' id='word_1_36' title='bbox 2357 1255 2460 1304; x_wconf 83' lang='lat' dir='ltr'><strong>sive</strong></span> <span class='ocrx_word' id='word_1_37' title='bbox 2494 1256 2723 1306; x_wconf 74' lang='lat' dir='ltr'><strong>mendaci</strong></span> 
     </span>
    </p>
   </div>
   <div class='ocr_carea' id='block_1_7' title="bbox 678 1327 2716 1468">
    <p class='ocr_par' dir='ltr' id='par_1_7' title="bbox 678 1327 2716 1468">
     <span class='ocr_line' id='line_1_9' title="bbox 678 1327 2716 1394; baseline -0.002 -12"><span class='ocrx_word' id='word_1_38' title='bbox 678 1334 795 1394; x_wconf 73' lang='lat' dir='ltr'><strong>lyra</strong></span> <span class='ocrx_word' id='word_1_39' title='bbox 847 1333 984 1383; x_wconf 78' lang='lat' dir='ltr'><strong>Voles</strong></span> <span class='ocrx_word' id='word_1_40' title='bbox 1031 1344 1238 1392; x_wconf 75' lang='lat' dir='ltr'><strong>sonare,</strong></span> <span class='ocrx_word' id='word_1_41' title='bbox 1293 1330 1365 1380; x_wconf 79' lang='lat' dir='ltr'><strong>Tu</strong></span> <span class='ocrx_word' id='word_1_42' title='bbox 1403 1330 1624 1392; x_wconf 68' lang='lat' dir='ltr'><strong>pudica,</strong></span> <span class='ocrx_word' id='word_1_43' title='bbox 1678 1334 1735 1379; x_wconf 76' lang='lat' dir='ltr'><strong>tu</strong></span> <span class='ocrx_word' id='word_1_44' title='bbox 1772 1330 1868 1392; x_wconf 72' lang='lat' dir='ltr'><strong>pta</strong></span> <span class='ocrx_word' id='word_1_45' title='bbox 1916 1327 2153 1379; x_wconf 86' lang='lat' dir='ltr'><strong>malebat</strong></span> <span class='ocrx_word' id='word_1_46' title='bbox 2181 1327 2449 1381; x_wconf 88' lang='lat' dir='ltr'><strong>Bentleius</strong></span> <span class='ocrx_word' id='word_1_47' title='bbox 2494 1331 2548 1381; x_wconf 90' lang='lat' dir='ltr'><strong>in</strong></span> <span class='ocrx_word' id='word_1_48' title='bbox 2582 1330 2716 1381; x_wconf 76' lang='lat' dir='ltr'><strong>Add.</strong></span> 
     </span>
     <span class='ocr_line' id='line_1_10' title="bbox 679 1401 2308 1468; baseline -0.001 -13"><span class='ocrx_word' id='word_1_49' title='bbox 679 1406 879 1468; x_wconf 81' lang='lat' dir='ltr'><strong>(sonare</strong></span> <span class='ocrx_word' id='word_1_50' title='bbox 911 1404 1113 1456; x_wconf 83' lang='lat' dir='ltr'><strong>scilicet</strong></span> <span class='ocrx_word' id='word_1_51' title='bbox 1144 1421 1208 1465; x_wconf 87' lang='grc' dir='ltr'><strong>κ,</strong></span> <span class='ocrx_word' id='word_1_52' title='bbox 1244 1417 1282 1463; x_wconf 84' lang='grc' dir='ltr'>χ</span> <span class='ocrx_word' id='word_1_53' title='bbox 1318 1403 1454 1464; x_wconf 91' lang='lat' dir='ltr'><strong>duo,</strong></span> <span class='ocrx_word' id='word_1_54' title='bbox 1490 1417 1574 1468; x_wconf 89' lang='lat' dir='ltr'><strong>pr.</strong></span> <span class='ocrx_word' id='word_1_55' title='bbox 1609 1401 1679 1465; x_wconf 82' lang='grc' dir='ltr'><strong>β,</strong></span> <span class='ocrx_word' id='word_1_56' title='bbox 1716 1405 1772 1454; x_wconf 88' lang='lat' dir='ltr'><strong>et</strong></span> <span class='ocrx_word' id='word_1_57' title='bbox 1804 1402 2003 1467; x_wconf 78' lang='lat' dir='ltr'><strong>aliquot</strong></span> <span class='ocrx_word' id='word_1_58' title='bbox 2036 1403 2308 1466; x_wconf 80' lang='lat' dir='ltr'><strong>Pottierii.)</strong></span> 
     </span>
    </p>
   </div>
   <div class='ocr_carea' id='block_1_8' title="bbox 615 1623 2785 1693">
    <p class='ocr_par' dir='ltr' id='par_1_8' title="bbox 615 1623 2785 1693">
     <span class='ocr_line' id='line_1_11' title="bbox 615 1623 2785 1693; baseline -0.001 -15"><span class='ocrx_word' id='word_1_59' title='bbox 615 1628 854 1693; x_wconf 83' lang='lat' dir='ltr'><strong>pretatur</strong></span> <span class='ocrx_word' id='word_1_60' title='bbox 888 1627 1260 1689; x_wconf 72' lang='lat' dir='ltr'><strong>«perpetuam,</strong></span> <span class='ocrx_word' id='word_1_61' title='bbox 1298 1636 1506 1685; x_wconf 85' lang='lat' dir='ltr'><strong>acrem,</strong></span> <span class='ocrx_word' id='word_1_62' title='bbox 1554 1637 1660 1674; x_wconf 89' lang='lat' dir='ltr'><strong>non</strong></span> <span class='ocrx_word' id='word_1_63' title='bbox 1737 1626 1876 1676; x_wconf 84' lang='lat' dir='ltr'><strong>haec</strong></span> <span class='ocrx_word' id='word_1_64' title='bbox 1908 1635 2122 1674; x_wconf 86' lang='lat' dir='ltr'><strong>summa</strong></span> <span class='ocrx_word' id='word_1_65' title='bbox 2152 1623 2338 1674; x_wconf 87' lang='lat' dir='ltr'><strong>iniuria</strong></span> <span class='ocrx_word' id='word_1_66' title='bbox 2376 1627 2432 1675; x_wconf 89' lang='lat' dir='ltr'><strong>et</strong></span> <span class='ocrx_word' id='word_1_67' title='bbox 2464 1624 2785 1676; x_wconf 85' lang='lat' dir='ltr'><strong>contumelia</strong></span> 
     </span>
    </p>
   </div>
   <div class='ocr_carea' id='block_1_9' title="bbox 615 1698 1670 2279">
    <p class='ocr_par' dir='ltr' id='par_1_9' title="bbox 615 1698 1670 2279">
     <span class='ocr_line' id='line_1_12' title="bbox 615 1698 1666 1763; baseline -0.003 -12"><span class='ocrx_word' id='word_1_68' title='bbox 615 1700 1103 1763; x_wconf 77' lang='lat' dir='ltr'><strong>languescentem.»</strong></span> <span class='ocrx_word' id='word_1_69' title='bbox 1140 1699 1337 1749; x_wconf 88' lang='lat' dir='ltr'><strong>Contra</strong></span> <span class='ocrx_word' id='word_1_70' title='bbox 1357 1698 1485 1749; x_wconf 88' lang='lat' dir='ltr'><strong>dicit</strong></span> <span class='ocrx_word' id='word_1_71' title='bbox 1507 1699 1666 1749; x_wconf 82' lang='lat' dir='ltr'><strong>Bent-</strong></span> 
     </span>
     <span class='ocr_line' id='line_1_13' title="bbox 616 1770 1666 1837; baseline -0.004 -12"><span class='ocrx_word' id='word_1_72' title='bbox 616 1774 781 1834; x_wconf 87' lang='lat' dir='ltr'><strong>leius,</strong></span> <span class='ocrx_word' id='word_1_73' title='bbox 815 1774 989 1837; x_wconf 66' lang='lat' dir='ltr'><strong>furens</strong></span> <span class='ocrx_word' id='word_1_74' title='bbox 1019 1770 1359 1835; x_wconf 77' lang='lat' dir='ltr'><strong>praeferens:</strong></span> <span class='ocrx_word' id='word_1_75' title='bbox 1399 1774 1545 1823; x_wconf 71' lang='lat' dir='ltr'><strong>«Non</strong></span> <span class='ocrx_word' id='word_1_76' title='bbox 1565 1785 1666 1821; x_wconf 84' lang='lat' dir='ltr'><strong>au-</strong></span> 
     </span>
     <span class='ocr_line' id='line_1_14' title="bbox 618 1845 1666 1908; baseline -0.003 -10"><span class='ocrx_word' id='word_1_77' title='bbox 618 1852 754 1908; x_wconf 90' lang='lat' dir='ltr'><strong>tem,</strong></span> <span class='ocrx_word' id='word_1_78' title='bbox 791 1848 838 1897; x_wconf 89' lang='lat' dir='ltr'><strong>si</strong></span> <span class='ocrx_word' id='word_1_79' title='bbox 861 1848 1032 1907; x_wconf 86' lang='lat' dir='ltr'><strong>aetas,</strong></span> <span class='ocrx_word' id='word_1_80' title='bbox 1067 1845 1405 1896; x_wconf 86' lang='lat' dir='ltr'><strong>translatione</strong></span> <span class='ocrx_word' id='word_1_81' title='bbox 1430 1859 1461 1895; x_wconf 86' lang='lat' dir='ltr'><strong>a</strong></span> <span class='ocrx_word' id='word_1_82' title='bbox 1482 1845 1666 1896; x_wconf 84' lang='lat' dir='ltr'><strong>vernis</strong></span> 
     </span>
     <span class='ocr_line' id='line_1_15' title="bbox 617 1918 1667 1983; baseline -0.002 -12"><span class='ocrx_word' id='word_1_83' title='bbox 617 1920 842 1972; x_wconf 79' lang='lat' dir='ltr'><strong>floribus</strong></span> <span class='ocrx_word' id='word_1_84' title='bbox 874 1921 1114 1983; x_wconf 88' lang='lat' dir='ltr'><strong>sumpta,</strong></span> <span class='ocrx_word' id='word_1_85' title='bbox 1160 1921 1326 1970; x_wconf 76' lang='lat' dir='ltr'><strong>virere</strong></span> <span class='ocrx_word' id='word_1_86' title='bbox 1356 1918 1496 1970; x_wconf 87' lang='lat' dir='ltr'><strong>belle</strong></span> <span class='ocrx_word' id='word_1_87' title='bbox 1532 1919 1667 1969; x_wconf 85' lang='lat' dir='ltr'><strong>dici-</strong></span> 
     </span>
     <span class='ocr_line' id='line_1_16' title="bbox 619 1994 1666 2057; baseline -0.001 -13"><span class='ocrx_word' id='word_1_88' title='bbox 619 1998 729 2054; x_wconf 87' lang='lat' dir='ltr'><strong>tur,</strong></span> <span class='ocrx_word' id='word_1_89' title='bbox 783 1995 980 2045; x_wconf 88' lang='lat' dir='ltr'><strong>idcirco</strong></span> <span class='ocrx_word' id='word_1_90' title='bbox 1026 1994 1188 2044; x_wconf 87' lang='lat' dir='ltr'><strong>etiam</strong></span> <span class='ocrx_word' id='word_1_91' title='bbox 1235 1996 1472 2057; x_wconf 71' lang='lat' dir='ltr'><strong>simma,</strong></span> <span class='ocrx_word' id='word_1_92' title='bbox 1526 2005 1666 2057; x_wconf 87' lang='lat' dir='ltr'><strong>quae</strong></span> 
     </span>
     <span class='ocr_line' id='line_1_17' title="bbox 620 2067 1668 2131; baseline 0.001 -14"><span class='ocrx_word' id='word_1_93' title='bbox 620 2070 732 2118; x_wconf 91' lang='lat' dir='ltr'><strong>toto</strong></span> <span class='ocrx_word' id='word_1_94' title='bbox 777 2081 974 2130; x_wconf 83' lang='lat' dir='ltr'><strong>genere</strong></span> <span class='ocrx_word' id='word_1_95' title='bbox 1021 2067 1205 2131; x_wconf 82' lang='lat' dir='ltr'>dispar</span> <span class='ocrx_word' id='word_1_96' title='bbox 1249 2070 1382 2117; x_wconf 77' lang='lat' dir='ltr'><strong>est.»</strong></span> <span class='ocrx_word' id='word_1_97' title='bbox 1440 2067 1668 2119; x_wconf 72' lang='lat' dir='ltr'><strong>Horman</strong></span> 
     </span>
     <span class='ocr_line' id='line_1_18' title="bbox 620 2139 1670 2205; baseline -0.001 -14"><span class='ocrx_word' id='word_1_98' title='bbox 620 2139 935 2204; x_wconf 83' lang='lat' dir='ltr'><strong>Peerlkamp</strong></span> <span class='ocrx_word' id='word_1_99' title='bbox 956 2140 1146 2200; x_wconf 76' lang='lat' dir='ltr'><strong>virens,</strong></span> <span class='ocrx_word' id='word_1_100' title='bbox 1185 2141 1331 2204; x_wconf 87' lang='lat' dir='ltr'><strong>quod</strong></span> <span class='ocrx_word' id='word_1_101' title='bbox 1353 2154 1543 2191; x_wconf 86' lang='lat' dir='ltr'><strong>verum</strong></span> <span class='ocrx_word' id='word_1_102' title='bbox 1572 2153 1670 2205; x_wconf 90' lang='lat' dir='ltr'><strong>pu·</strong></span> 
     </span>
     <span class='ocr_line' id='line_1_19' title="bbox 621 2210 1669 2279; baseline 0 -15"><span class='ocrx_word' id='word_1_103' title='bbox 621 2217 721 2274; x_wconf 87' lang='lat' dir='ltr'><strong>tat,</strong></span> <span class='ocrx_word' id='word_1_104' title='bbox 764 2210 991 2278; x_wconf 83' lang='lat' dir='ltr'><strong>explicat</strong></span> <span class='ocrx_word' id='word_1_105' title='bbox 1025 2213 1312 2277; x_wconf 74' lang='lat' dir='ltr'><strong>«fulgens»,</strong></span> <span class='ocrx_word' id='word_1_106' title='bbox 1351 2227 1669 2279; x_wconf 86' lang='lat' dir='ltr'><strong>comparans</strong></span> 
     </span>
    </p>
   </div>
   <div class='ocr_carea' id='block_1_10' title="bbox 621 2286 1671 2350">
    <p class='ocr_par' dir='ltr' id='par_1_10' title="bbox 621 2286 1671 2350">
     <span class='ocr_line' id='line_1_20' title="bbox 621 2286 1671 2350; baseline 0 -12"><span class='ocrx_word' id='word_1_107' title='bbox 621 2286 789 2338; x_wconf 85' lang='lat' dir='ltr'><strong>Plaut.</strong></span> <span class='ocrx_word' id='word_1_108' title='bbox 816 2288 1146 2339; x_wconf 77' lang='lat' dir='ltr'><strong>Menaechm.</strong></span> <span class='ocrx_word' id='word_1_109' title='bbox 1181 2290 1238 2350; x_wconf 78' lang='lat'><strong>5,</strong></span> <span class='ocrx_word' id='word_1_110' title='bbox 1274 2290 1333 2350; x_wconf 69' lang='lat'><strong>2,</strong></span> <span class='ocrx_word' id='word_1_111' title='bbox 1371 2289 1459 2339; x_wconf 79' lang='lat'><strong>76:</strong></span> <span class='ocrx_word' id='word_1_112' title='bbox 1520 2290 1671 2338; x_wconf 70' lang='lat' dir='ltr'><strong>Viden</strong></span> 
     </span>
    </p>
   </div>
   <div class='ocr_carea' id='block_1_11' title="bbox 507 2359 1672 2412">
    <p class='ocr_par' dir='ltr' id='par_1_11' title="bbox 507 2359 1672 2412">
     <span class='ocr_line' id='line_1_21' title="bbox 507 2359 1672 2412; baseline 0 -1"><span class='ocrx_word' id='word_1_113' title='bbox 507 2387 516 2394; x_wconf 48' lang='grc'><strong><em>’</em></strong></span> <span class='ocrx_word' id='word_1_114' title='bbox 623 2359 1216 2412; x_wconf 63' lang='lat' dir='ltr'><strong>muuocuwsvtrm?</strong></span> <span class='ocrx_word' id='word_1_115' title='bbox 1253 2362 1672 2412; x_wconf 72' lang='lat' dir='ltr'><strong>Utvirids&#39;sevo-</strong></span> 
     </span>
    </p>
   </div>
   <div class='ocr_carea' id='block_1_12' title="bbox 620 2435 1684 4193">
    <p class='ocr_par' dir='ltr' id='par_1_12' title="bbox 620 2435 1682 3753">
     <span class='ocr_line' id='line_1_22' title="bbox 620 2435 1673 2498; baseline 0.002 -12"><span class='ocrx_word' id='word_1_116' title='bbox 620 2436 758 2486; x_wconf 67' lang='lat' dir='ltr'><strong>titur</strong></span> <span class='ocrx_word' id='word_1_117' title='bbox 819 2435 952 2487; x_wconf 74' lang='lat' dir='ltr'><strong>cotos</strong></span> <span class='ocrx_word' id='word_1_118' title='bbox 1015 2436 1101 2486; x_wconf 72' lang='lat' dir='ltr'><strong>Ex</strong></span> <span class='ocrx_word' id='word_1_119' title='bbox 1160 2436 1462 2498; x_wconf 70' lang='lat' dir='ltr'><strong>temporibus</strong></span> <span class='ocrx_word' id='word_1_120' title='bbox 1520 2441 1673 2497; x_wconf 72' lang='lat' dir='ltr'><strong>atquo</strong></span> 
     </span>
     <span class='ocr_line' id='line_1_23' title="bbox 620 2510 1672 2576; baseline 0.002 -18"><span class='ocrx_word' id='word_1_121' title='bbox 620 2510 812 2573; x_wconf 57' lang='lat' dir='ltr'><strong>fronte!</strong></span> <span class='ocrx_word' id='word_1_122' title='bbox 851 2510 1053 2560; x_wconf 87' lang='lat' dir='ltr'><strong>Verum</strong></span> <span class='ocrx_word' id='word_1_123' title='bbox 1083 2510 1280 2561; x_wconf 84' lang='lat' dir='ltr'><strong>rectior</strong></span> <span class='ocrx_word' id='word_1_124' title='bbox 1307 2511 1672 2576; x_wconf 74' lang='lat' dir='ltr'><strong>interpretatio</strong></span> 
     </span>
     <span class='ocr_line' id='line_1_24' title="bbox 623 2580 1673 2648; baseline -0.001 -14"><span class='ocrx_word' id='word_1_125' title='bbox 623 2584 707 2634; x_wconf 86' lang='lat' dir='ltr'><strong>est</strong></span> <span class='ocrx_word' id='word_1_126' title='bbox 739 2583 808 2633; x_wconf 88' lang='lat' dir='ltr'><strong>de</strong></span> <span class='ocrx_word' id='word_1_127' title='bbox 842 2580 1093 2634; x_wconf 82' lang='lat' dir='ltr'><strong>flammae</strong></span> <span class='ocrx_word' id='word_1_128' title='bbox 1127 2583 1420 2645; x_wconf 79' lang='lat' dir='ltr'><strong>sulfureae,</strong></span> <span class='ocrx_word' id='word_1_129' title='bbox 1456 2581 1673 2648; x_wconf 87' lang='lat' dir='ltr'><strong>qualem</strong></span> 
     </span>
     <span class='ocr_line' id='line_1_25' title="bbox 624 2655 1672 2722; baseline 0.002 -16"><span class='ocrx_word' id='word_1_130' title='bbox 624 2655 836 2707; x_wconf 81' lang='lat' dir='ltr'><strong>exhalat</strong></span> <span class='ocrx_word' id='word_1_131' title='bbox 866 2659 1059 2719; x_wconf 81' lang='lat' dir='ltr'><strong>Aetna,</strong></span> <span class='ocrx_word' id='word_1_132' title='bbox 1097 2656 1275 2708; x_wconf 88' lang='lat' dir='ltr'><strong>colore</strong></span> <span class='ocrx_word' id='word_1_133' title='bbox 1309 2658 1448 2708; x_wconf 84' lang='lat' dir='ltr'><strong>inter</strong></span> <span class='ocrx_word' id='word_1_134' title='bbox 1475 2657 1672 2722; x_wconf 78' lang='lat' dir='ltr'><strong>gssvum</strong></span> 
     </span>
     <span class='ocr_line' id='line_1_26' title="bbox 623 2731 1676 2783; baseline 0.001 -3"><span class='ocrx_word' id='word_1_135' title='bbox 623 2731 851 2781; x_wconf 80' lang='lat' dir='ltr'><strong>viridem</strong></span> <span class='ocrx_word' id='word_1_136' title='bbox 876 2733 931 2781; x_wconf 87' lang='lat' dir='ltr'><strong>et</strong></span> <span class='ocrx_word' id='word_1_137' title='bbox 963 2731 1273 2782; x_wconf 84' lang='lat' dir='ltr'><strong>caeruleum</strong></span> <span class='ocrx_word' id='word_1_138' title='bbox 1313 2732 1508 2783; x_wconf 85' lang='lat' dir='ltr'><strong>medio.</strong></span> <span class='ocrx_word' id='word_1_139' title='bbox 1576 2733 1676 2782; x_wconf 85' lang='lat' dir='ltr'><strong>Re-</strong></span> 
     </span>
     <span class='ocr_line' id='line_1_27' title="bbox 624 2802 1673 2869; baseline 0.001 -16"><span class='ocrx_word' id='word_1_140' title='bbox 624 2803 800 2868; x_wconf 87' lang='lat' dir='ltr'><strong>liquae</strong></span> <span class='ocrx_word' id='word_1_141' title='bbox 836 2805 975 2855; x_wconf 89' lang='lat' dir='ltr'><strong>duae</strong></span> <span class='ocrx_word' id='word_1_142' title='bbox 1008 2802 1263 2856; x_wconf 79' lang='lat' dir='ltr'><strong>lectiones</strong></span> <span class='ocrx_word' id='word_1_143' title='bbox 1295 2807 1490 2869; x_wconf 79' lang='lat' dir='ltr'><strong>partlm</strong></span> <span class='ocrx_word' id='word_1_144' title='bbox 1521 2817 1673 2855; x_wconf 83' lang='lat' dir='ltr'><strong>mero</strong></span> 
     </span>
     <span class='ocr_line' id='line_1_28' title="bbox 626 2877 1675 2943; baseline 0 -15"><span class='ocrx_word' id='word_1_145' title='bbox 626 2879 795 2928; x_wconf 87' lang='lat' dir='ltr'><strong>errori</strong></span> <span class='ocrx_word' id='word_1_146' title='bbox 831 2877 1098 2929; x_wconf 87' lang='lat' dir='ltr'><strong>debentur</strong></span> <span class='ocrx_word' id='word_1_147' title='bbox 1130 2878 1340 2943; x_wconf 56' lang='lat' dir='ltr'><strong>(muns),</strong></span> <span class='ocrx_word' id='word_1_148' title='bbox 1375 2880 1568 2943; x_wconf 83' lang='lat' dir='ltr'><strong>partim</strong></span> <span class='ocrx_word' id='word_1_149' title='bbox 1589 2879 1675 2928; x_wconf 87' lang='lat' dir='ltr'><strong>in-</strong></span> 
     </span>
     <span class='ocr_line' id='line_1_29' title="bbox 626 2951 1676 3017; baseline 0 -15"><span class='ocrx_word' id='word_1_150' title='bbox 626 2951 959 3016; x_wconf 85' lang='lat' dir='ltr'><strong>terpolationi</strong></span> <span class='ocrx_word' id='word_1_151' title='bbox 994 2952 1232 3017; x_wconf 68' lang='grc' dir='ltr'><strong>(ῇινοηε),</strong></span> <span class='ocrx_word' id='word_1_152' title='bbox 1269 2964 1367 3017; x_wconf 85' lang='lat' dir='ltr'><strong>pro</strong></span> <span class='ocrx_word' id='word_1_153' title='bbox 1400 2966 1509 3017; x_wconf 86' lang='lat' dir='ltr'><strong>qua</strong></span> <span class='ocrx_word' id='word_1_154' title='bbox 1540 2953 1676 3004; x_wconf 78' lang='lat' dir='ltr'><strong>affe-</strong></span> 
     </span>
     <span class='ocr_line' id='line_1_30' title="bbox 629 3025 1676 3087; baseline 0.004 -13"><span class='ocrx_word' id='word_1_155' title='bbox 629 3027 755 3075; x_wconf 87' lang='lat' dir='ltr'><strong>runt</strong></span> <span class='ocrx_word' id='word_1_156' title='bbox 785 3027 995 3075; x_wconf 88' lang='lat' dir='ltr'><strong>Lucret.</strong></span> <span class='ocrx_word' id='word_1_157' title='bbox 1033 3027 1093 3087; x_wconf 76' lang='lat'><strong>2,</strong></span> <span class='ocrx_word' id='word_1_158' title='bbox 1131 3025 1256 3076; x_wconf 74' lang='lat'><strong>594:</strong></span> <span class='ocrx_word' id='word_1_159' title='bbox 1309 3027 1527 3076; x_wconf 71' lang='lat' dir='ltr'><strong>Eoeiuu&#39;is</strong></span> <span class='ocrx_word' id='word_1_160' title='bbox 1554 3040 1676 3078; x_wconf 78' lang='lat' dir='ltr'><strong>vero</strong></span> 
     </span>
     <span class='ocr_line' id='line_1_31' title="bbox 627 3100 1677 3163; baseline 0.001 -14"><span class='ocrx_word' id='word_1_161' title='bbox 627 3101 756 3162; x_wconf 60' lang='lat' dir='ltr'><strong>tiu-ss</strong></span> <span class='ocrx_word' id='word_1_162' title='bbox 786 3100 983 3163; x_wconf 56' lang='lat' dir='ltr'><strong>ionibus</strong></span> <span class='ocrx_word' id='word_1_163' title='bbox 1013 3100 1227 3161; x_wconf 65' lang='lat' dir='ltr'><strong>meaos</strong></span> <span class='ocrx_word' id='word_1_164' title='bbox 1257 3101 1443 3151; x_wconf 72' lang='lat' dir='ltr'><strong>Aetnae</strong></span> <span class='ocrx_word' id='word_1_165' title='bbox 1475 3103 1530 3150; x_wconf 90' lang='lat' dir='ltr'><strong>et</strong></span> <span class='ocrx_word' id='word_1_166' title='bbox 1554 3102 1677 3151; x_wconf 84' lang='lat' dir='ltr'><strong>Vir-</strong></span> 
     </span>
     <span class='ocr_line' id='line_1_32' title="bbox 630 3172 1679 3239; baseline 0.003 -16"><span class='ocrx_word' id='word_1_167' title='bbox 630 3173 715 3237; x_wconf 77' lang='lat' dir='ltr'><strong>gil.</strong></span> <span class='ocrx_word' id='word_1_168' title='bbox 751 3175 883 3224; x_wconf 78' lang='lat' dir='ltr'><strong>Aen.</strong></span> <span class='ocrx_word' id='word_1_169' title='bbox 921 3172 981 3235; x_wconf 71' lang='lat'><strong>4,</strong></span> <span class='ocrx_word' id='word_1_170' title='bbox 1035 3172 1157 3224; x_wconf 80' lang='lat'><strong>670:</strong></span> <span class='ocrx_word' id='word_1_171' title='bbox 1214 3176 1548 3239; x_wconf 71' lang='lat' dir='ltr'><strong>flammaeque</strong></span> <span class='ocrx_word' id='word_1_172' title='bbox 1590 3176 1679 3238; x_wconf 67' lang='lat' dir='ltr'><strong>tia-</strong></span> 
     </span>
     <span class='ocr_line' id='line_1_33' title="bbox 627 3248 1678 3312; baseline 0.003 -15"><span class='ocrx_word' id='word_1_173' title='bbox 627 3252 808 3299; x_wconf 71' lang='lat' dir='ltr'><strong>rantes.</strong></span> <span class='ocrx_word' id='word_1_174' title='bbox 850 3248 928 3297; x_wconf 79' lang='lat' dir='ltr'><strong>Ac</strong></span> <span class='ocrx_word' id='word_1_175' title='bbox 961 3258 1123 3297; x_wconf 88' lang='lat' dir='ltr'><strong>nemo</strong></span> <span class='ocrx_word' id='word_1_176' title='bbox 1156 3249 1316 3311; x_wconf 82' lang='lat' dir='ltr'><strong>negat</strong></span> <span class='ocrx_word' id='word_1_177' title='bbox 1345 3260 1446 3312; x_wconf 89' lang='lat' dir='ltr'><strong>per</strong></span> <span class='ocrx_word' id='word_1_178' title='bbox 1477 3261 1538 3300; x_wconf 87' lang='lat' dir='ltr'><strong>se</strong></span> <span class='ocrx_word' id='word_1_179' title='bbox 1571 3250 1678 3300; x_wconf 86' lang='lat' dir='ltr'><strong>hoe</strong></span> 
     </span>
     <span class='ocr_line' id='line_1_34' title="bbox 631 3319 1681 3380; baseline 0.002 -9"><span class='ocrx_word' id='word_1_180' title='bbox 631 3322 780 3372; x_wconf 87' lang='lat' dir='ltr'><strong>recte</strong></span> <span class='ocrx_word' id='word_1_181' title='bbox 813 3319 948 3380; x_wconf 87' lang='lat' dir='ltr'><strong>dici;</strong></span> <span class='ocrx_word' id='word_1_182' title='bbox 996 3331 1188 3370; x_wconf 78' lang='lat' dir='ltr'><strong>verum</strong></span> <span class='ocrx_word' id='word_1_183' title='bbox 1228 3319 1406 3371; x_wconf 82' lang='lat' dir='ltr'><strong>obstat</strong></span> <span class='ocrx_word' id='word_1_184' title='bbox 1446 3323 1681 3373; x_wconf 86' lang='lat' dir='ltr'><strong>aucteri-</strong></span> 
     </span>
     <span class='ocr_line' id='line_1_35' title="bbox 629 3393 1678 3460; baseline 0.001 -14"><span class='ocrx_word' id='word_1_185' title='bbox 629 3397 713 3446; x_wconf 87' lang='lat' dir='ltr'><strong>tas</strong></span> <span class='ocrx_word' id='word_1_186' title='bbox 731 3393 900 3446; x_wconf 86' lang='lat' dir='ltr'><strong>Codd.</strong></span> <span class='ocrx_word' id='word_1_187' title='bbox 927 3394 1203 3456; x_wconf 74' lang='lat' dir='ltr'><strong>antiquiss,</strong></span> <span class='ocrx_word' id='word_1_188' title='bbox 1224 3433 1236 3456; x_wconf 86' lang='lat'><strong>,</strong></span> <span class='ocrx_word' id='word_1_189' title='bbox 1273 3394 1470 3460; x_wconf 88' lang='lat' dir='ltr'><strong>quibus</strong></span> <span class='ocrx_word' id='word_1_190' title='bbox 1493 3398 1678 3459; x_wconf 91' lang='lat' dir='ltr'><strong>utique</strong></span> 
     </span>
     <span class='ocr_line' id='line_1_36' title="bbox 633 3467 1676 3532; baseline 0.001 -13"><span class='ocrx_word' id='word_1_191' title='bbox 633 3468 1012 3532; x_wconf 83' lang='lat' dir='ltr'><strong>obtemperare</strong></span> <span class='ocrx_word' id='word_1_192' title='bbox 1045 3469 1212 3519; x_wconf 84' lang='lat' dir='ltr'><strong>satius</strong></span> <span class='ocrx_word' id='word_1_193' title='bbox 1232 3467 1377 3519; x_wconf 86' lang='lat' dir='ltr'><strong>duxi.</strong></span> <span class='ocrx_word' id='word_1_194' title='bbox 1426 3469 1676 3521; x_wconf 83' lang='lat' dir='ltr'><strong>Ceterum</strong></span> 
     </span>
     <span class='ocr_line' id='line_1_37' title="bbox 632 3542 1682 3607; baseline 0.001 -15"><span class='ocrx_word' id='word_1_195' title='bbox 632 3544 910 3593; x_wconf 78' lang='lat' dir='ltr'><strong>construe:</strong></span> <span class='ocrx_word' id='word_1_196' title='bbox 946 3542 1137 3591; x_wconf 69' lang='lat' dir='ltr'><strong>Sicana</strong></span> <span class='ocrx_word' id='word_1_197' title='bbox 1166 3544 1378 3607; x_wconf 72' lang='lat' dir='ltr'><strong>flamma</strong></span> <span class='ocrx_word' id='word_1_198' title='bbox 1405 3544 1574 3593; x_wconf 74' lang='lat' dir='ltr'><strong>virens</strong></span> <span class='ocrx_word' id='word_1_199' title='bbox 1593 3557 1682 3593; x_wconf 78' lang='lat' dir='ltr'><strong>ar-</strong></span> 
     </span>
     <span class='ocr_line' id='line_1_38' title="bbox 632 3616 1675 3680; baseline 0 -13"><span class='ocrx_word' id='word_1_200' title='bbox 632 3618 713 3667; x_wconf 77' lang='lat' dir='ltr'><strong>det</strong></span> <span class='ocrx_word' id='word_1_201' title='bbox 760 3618 815 3665; x_wconf 72' lang='lat' dir='ltr'><strong>ivs</strong></span> <span class='ocrx_word' id='word_1_202' title='bbox 862 3617 1023 3668; x_wconf 78' lang='lat' dir='ltr'><strong>Aetna</strong></span> <span class='ocrx_word' id='word_1_203' title='bbox 1066 3618 1292 3680; x_wconf 71' lang='lat' dir='ltr'><strong>semida,</strong></span> <span class='ocrx_word' id='word_1_204' title='bbox 1354 3618 1453 3669; x_wconf 87' lang='lat' dir='ltr'><strong>etsi</strong></span> <span class='ocrx_word' id='word_1_205' title='bbox 1503 3616 1675 3668; x_wconf 82' lang='lat' dir='ltr'><strong>Schol.</strong></span> 
     </span>
     <span class='ocr_line' id='line_1_39' title="bbox 637 3690 1407 3753; baseline -0.003 -12"><span class='ocrx_word' id='word_1_206' title='bbox 637 3691 890 3753; x_wconf 80' lang='lat' dir='ltr'><strong>iungunt:</strong></span> <span class='ocrx_word' id='word_1_207' title='bbox 927 3691 983 3739; x_wconf 75' lang='lat' dir='ltr'><strong>in</strong></span> <span class='ocrx_word' id='word_1_208' title='bbox 1013 3690 1203 3740; x_wconf 72' lang='lat' dir='ltr'><strong>Sicana</strong></span> <span class='ocrx_word' id='word_1_209' title='bbox 1232 3691 1407 3742; x_wconf 77' lang='lat' dir='ltr'><strong>Aetna.</strong></span> 
     </span>
    </p>

    <p class='ocr_par' dir='ltr' id='par_1_13' title="bbox 635 3763 1684 4193">
     <span class='ocr_line' id='line_1_40' title="bbox 699 3763 1681 3826; baseline 0.002 -13"><span class='ocrx_word' id='word_1_210' title='bbox 699 3763 878 3814; x_wconf 88' lang='grc'><strong>33-36.</strong></span> <span class='ocrx_word' id='word_1_211' title='bbox 915 3764 1216 3814; x_wconf 69' lang='lat' dir='ltr'><strong>donoccmis</strong></span> <span class='ocrx_word' id='word_1_212' title='bbox 1236 3765 1362 3826; x_wconf 88' lang='lat' dir='ltr'><strong>eet.]</strong></span> <span class='ocrx_word' id='word_1_213' title='bbox 1390 3765 1681 3815; x_wconf 77' lang='lat' dir='ltr'><strong>«Continuo</strong></span> 
     </span>
     <span class='ocr_line' id='line_1_41' title="bbox 635 3839 1683 3901; baseline 0.003 -14"><span class='ocrx_word' id='word_1_214' title='bbox 635 3850 898 3888; x_wconf 82' lang='lat' dir='ltr'><strong>exercens</strong></span> <span class='ocrx_word' id='word_1_215' title='bbox 931 3840 1074 3888; x_wconf 85' lang='lat' dir='ltr'><strong>artes</strong></span> <span class='ocrx_word' id='word_1_216' title='bbox 1109 3842 1229 3889; x_wconf 87' lang='lat' dir='ltr'><strong>tuas</strong></span> <span class='ocrx_word' id='word_1_217' title='bbox 1250 3839 1511 3901; x_wconf 76' lang='lat' dir='ltr'><strong>magicae,</strong></span> <span class='ocrx_word' id='word_1_218' title='bbox 1549 3842 1683 3890; x_wconf 88' lang='lat' dir='ltr'><strong>tam-</strong></span> 
     </span>
     <span class='ocr_line' id='line_1_42' title="bbox 636 3912 1683 3977; baseline 0.002 -16"><span class='ocrx_word' id='word_1_219' title='bbox 636 3923 802 3974; x_wconf 86' lang='lat' dir='ltr'><strong>quam</strong></span> <span class='ocrx_word' id='word_1_220' title='bbox 851 3912 897 3962; x_wconf 89' lang='lat' dir='ltr'><strong>si</strong></span> <span class='ocrx_word' id='word_1_221' title='bbox 943 3914 1055 3977; x_wconf 86' lang='lat' dir='ltr'><strong>ipsa</strong></span> <span class='ocrx_word' id='word_1_222' title='bbox 1090 3924 1240 3964; x_wconf 88' lang='lat' dir='ltr'><strong>esses</strong></span> <span class='ocrx_word' id='word_1_223' title='bbox 1273 3913 1480 3965; x_wconf 81' lang='lat' dir='ltr'><strong>officina</strong></span> <span class='ocrx_word' id='word_1_224' title='bbox 1514 3926 1683 3964; x_wconf 81' lang='lat' dir='ltr'><strong>vene-</strong></span> 
     </span>
     <span class='ocr_line' id='line_1_43' title="bbox 638 3985 1681 4052; baseline 0.003 -18"><span class='ocrx_word' id='word_1_225' title='bbox 638 3997 832 4035; x_wconf 85' lang='lat' dir='ltr'><strong>norum</strong></span> <span class='ocrx_word' id='word_1_226' title='bbox 865 3997 1083 4050; x_wconf 80' lang='lat' dir='ltr'><strong>semper</strong></span> <span class='ocrx_word' id='word_1_227' title='bbox 1104 3985 1283 4037; x_wconf 88' lang='lat' dir='ltr'><strong>calens</strong></span> <span class='ocrx_word' id='word_1_228' title='bbox 1317 3988 1448 4051; x_wconf 82' lang='lat' dir='ltr'><strong>igni,</strong></span> <span class='ocrx_word' id='word_1_229' title='bbox 1486 4000 1596 4052; x_wconf 90' lang='lat' dir='ltr'><strong>quo</strong></span> <span class='ocrx_word' id='word_1_230' title='bbox 1617 4000 1681 4037; x_wconf 92' lang='lat' dir='ltr'><strong>ea</strong></span> 
     </span>
     <span class='ocr_line' id='line_1_44' title="bbox 640 4060 1681 4123; baseline 0.005 -17"><span class='ocrx_word' id='word_1_231' title='bbox 640 4060 1052 4123; x_wconf 86' lang='lat' dir='ltr'><strong>praeparentur,</strong></span> <span class='ocrx_word' id='word_1_232' title='bbox 1121 4072 1209 4111; x_wconf 89' lang='lat' dir='ltr'><strong>me</strong></span> <span class='ocrx_word' id='word_1_233' title='bbox 1260 4061 1525 4113; x_wconf 82' lang='lat' dir='ltr'><strong>conficere</strong></span> <span class='ocrx_word' id='word_1_234' title='bbox 1577 4075 1681 4112; x_wconf 90' lang='lat' dir='ltr'><strong>non</strong></span> 
     </span>
     <span class='ocr_line' id='line_1_45' title="bbox 639 4131 1684 4193; baseline 0.003 -11"><span class='ocrx_word' id='word_1_235' title='bbox 639 4132 883 4193; x_wconf 86' lang='lat' dir='ltr'><strong>desines,</strong></span> <span class='ocrx_word' id='word_1_236' title='bbox 920 4131 1092 4183; x_wconf 87' lang='lat' dir='ltr'><strong>donec</strong></span> <span class='ocrx_word' id='word_1_237' title='bbox 1122 4135 1254 4185; x_wconf 86' lang='lat' dir='ltr'><strong>cinis</strong></span> <span class='ocrx_word' id='word_1_238' title='bbox 1288 4148 1443 4187; x_wconf 89' lang='lat' dir='ltr'><strong>meus</strong></span> <span class='ocrx_word' id='word_1_239' title='bbox 1473 4137 1526 4186; x_wconf 92' lang='lat' dir='ltr'><strong>in</strong></span> <span class='ocrx_word' id='word_1_240' title='bbox 1547 4148 1684 4186; x_wconf 80' lang='lat' dir='ltr'><strong>ven-</strong></span> 
     </span>
    </p>
   </div>
   <div class='ocr_carea' id='block_1_13' title="bbox 639 4206 1684 4274">
    <p class='ocr_par' dir='ltr' id='par_1_14' title="bbox 639 4206 1684 4274">
     <span class='ocr_line' id='line_1_46' title="bbox 639 4206 1684 4274; baseline 0 -15"><span class='ocrx_word' id='word_1_241' title='bbox 639 4209 724 4259; x_wconf 81' lang='lat' dir='ltr'><strong>tos</strong></span> <span class='ocrx_word' id='word_1_242' title='bbox 747 4206 1131 4272; x_wconf 76' lang='lat' dir='ltr'><strong>dispergatur.»</strong></span> <span class='ocrx_word' id='word_1_243' title='bbox 1163 4237 1216 4246; x_wconf 88' lang='lat'><em>-</em></span> <span class='ocrx_word' id='word_1_244' title='bbox 1250 4208 1525 4274; x_wconf 64' lang='lat' dir='ltr'><strong>[nim-dosis]</strong></span> <span class='ocrx_word' id='word_1_245' title='bbox 1562 4210 1684 4274; x_wconf 82' lang='lat' dir='ltr'><strong>quia</strong></span> 
     </span>
    </p>
   </div>
   <div class='ocr_carea' id='block_1_14' title="bbox 1739 1697 2783 1762">
    <p class='ocr_par' dir='ltr' id='par_1_15' title="bbox 1739 1697 2783 1762">
     <span class='ocr_line' id='line_1_47' title="bbox 1739 1697 2783 1762; baseline 0.001 -14"><span class='ocrx_word' id='word_1_246' title='bbox 1739 1698 1852 1758; x_wconf 89' lang='lat' dir='ltr'><strong>est,</strong></span> <span class='ocrx_word' id='word_1_247' title='bbox 1906 1697 2115 1748; x_wconf 87' lang='lat' dir='ltr'><strong>cineres</strong></span> <span class='ocrx_word' id='word_1_248' title='bbox 2162 1697 2216 1747; x_wconf 88' lang='lat' dir='ltr'><strong>iu</strong></span> <span class='ocrx_word' id='word_1_249' title='bbox 2254 1699 2446 1749; x_wconf 80' lang='lat' dir='ltr'><strong>ventos</strong></span> <span class='ocrx_word' id='word_1_250' title='bbox 2496 1700 2687 1762; x_wconf 78' lang='lat' dir='ltr'><strong>spargi.</strong></span> <span class='ocrx_word' id='word_1_251' title='bbox 2730 1726 2783 1735; x_wconf 93' lang='lat'>—</span> 
     </span>
    </p>
   </div>
   <div class='ocr_carea' id='block_1_15' title="bbox 1736 1770 2805 4275">
    <p class='ocr_par' dir='ltr' id='par_1_16' title="bbox 1736 1770 2805 4275">
     <span class='ocr_line' id='line_1_48' title="bbox 1741 1770 2787 1838; baseline 0.003 -18"><span class='ocrx_word' id='word_1_252' title='bbox 1741 1772 1882 1834; x_wconf 72' lang='lat' dir='ltr'><strong>Quas</strong></span> <span class='ocrx_word' id='word_1_253' title='bbox 1913 1770 2044 1836; x_wconf 73' lang='lat' dir='ltr'><strong>finis]</strong></span> <span class='ocrx_word' id='word_1_254' title='bbox 2081 1771 2193 1821; x_wconf 86' lang='lat' dir='ltr'><strong>Hoc</strong></span> <span class='ocrx_word' id='word_1_255' title='bbox 2232 1784 2398 1822; x_wconf 87' lang='lat' dir='ltr'><strong>sensu</strong></span> <span class='ocrx_word' id='word_1_256' title='bbox 2431 1786 2595 1838; x_wconf 88' lang='lat' dir='ltr'><strong>saepe</strong></span> <span class='ocrx_word' id='word_1_257' title='bbox 2625 1785 2787 1824; x_wconf 87' lang='lat' dir='ltr'><strong>usur-</strong></span> 
     </span>
     <span class='ocr_line' id='line_1_49' title="bbox 1739 1844 2789 1909; baseline 0.001 -15"><span class='ocrx_word' id='word_1_258' title='bbox 1739 1847 1869 1909; x_wconf 85' lang='lat' dir='ltr'><strong>pant</strong></span> <span class='ocrx_word' id='word_1_259' title='bbox 1900 1858 2022 1909; x_wconf 78' lang='lat' dir='ltr'><strong>gen.</strong></span> <span class='ocrx_word' id='word_1_260' title='bbox 2059 1844 2239 1896; x_wconf 78' lang='lat' dir='ltr'><strong>semin.</strong></span> <span class='ocrx_word' id='word_1_261' title='bbox 2293 1846 2402 1896; x_wconf 88' lang='lat' dir='ltr'><strong>Cic.</strong></span> <span class='ocrx_word' id='word_1_262' title='bbox 2441 1844 2510 1895; x_wconf 92' lang='lat' dir='ltr'><strong>de</strong></span> <span class='ocrx_word' id='word_1_263' title='bbox 2545 1847 2701 1909; x_wconf 81' lang='lat' dir='ltr'><strong>Legg.</strong></span> <span class='ocrx_word' id='word_1_264' title='bbox 2727 1847 2789 1904; x_wconf 78' lang='lat'><strong>2,</strong></span> 
     </span>
     <span class='ocr_line' id='line_1_50' title="bbox 1738 1920 2783 1983; baseline -0.001 -13"><span class='ocrx_word' id='word_1_265' title='bbox 1738 1920 1831 1981; x_wconf 75' lang='lat'><strong>22,</strong></span> <span class='ocrx_word' id='word_1_266' title='bbox 1857 1920 1956 1970; x_wconf 78' lang='lat'><strong>55:</strong></span> <span class='ocrx_word' id='word_1_267' title='bbox 1993 1933 2124 1982; x_wconf 78' lang='lat' dir='ltr'><strong>quae</strong></span> <span class='ocrx_word' id='word_1_268' title='bbox 2151 1920 2268 1983; x_wconf 71' lang='lat' dir='ltr'><strong>finis</strong></span> <span class='ocrx_word' id='word_1_269' title='bbox 2297 1920 2783 1983; x_wconf 61' lang='lat' dir='ltr'><strong>mucelanum.</strong></span> 
     </span>
     <span class='ocr_line' id='line_1_51' title="bbox 1740 1993 2784 2058; baseline -0.001 -14"><span class='ocrx_word' id='word_1_270' title='bbox 1740 1994 1943 2045; x_wconf 76' lang='lat' dir='ltr'><strong>Atticus</strong></span> <span class='ocrx_word' id='word_1_271' title='bbox 1975 1993 2117 2058; x_wconf 90' lang='lat' dir='ltr'><strong>apud</strong></span> <span class='ocrx_word' id='word_1_272' title='bbox 2149 1994 2257 2044; x_wconf 87' lang='lat' dir='ltr'><strong>Cic.</strong></span> <span class='ocrx_word' id='word_1_273' title='bbox 2294 1993 2365 2043; x_wconf 86' lang='lat' dir='ltr'><strong>ad</strong></span> <span class='ocrx_word' id='word_1_274' title='bbox 2393 1996 2498 2044; x_wconf 76' lang='lat' dir='ltr'><strong>Att.</strong></span> <span class='ocrx_word' id='word_1_275' title='bbox 2526 1994 2582 2054; x_wconf 87' lang='grc'><strong>9,</strong></span> <span class='ocrx_word' id='word_1_276' title='bbox 2609 1994 2699 2055; x_wconf 92' lang='grc'><strong>40,</strong></span> <span class='ocrx_word' id='word_1_277' title='bbox 2725 1993 2784 2044; x_wconf 70' lang='lat' dir='ltr'><strong>t:</strong></span> 
     </span>
     <span class='ocr_line' id='line_1_52' title="bbox 1742 2066 2783 2132; baseline -0.001 -15"><span class='ocrx_word' id='word_1_278' title='bbox 1742 2080 1872 2129; x_wconf 76' lang='lat' dir='ltr'><strong>quae</strong></span> <span class='ocrx_word' id='word_1_279' title='bbox 1903 2067 2035 2117; x_wconf 74' lang='lat' dir='ltr'><strong>enim</strong></span> <span class='ocrx_word' id='word_1_280' title='bbox 2070 2067 2187 2131; x_wconf 64' lang='lat' dir='ltr'><strong>finis</strong></span> <span class='ocrx_word' id='word_1_281' title='bbox 2218 2066 2688 2132; x_wconf 57' lang='lat' dir='ltr'><strong>percontationis?</strong></span> <span class='ocrx_word' id='word_1_282' title='bbox 2731 2093 2783 2104; x_wconf 95' lang='lat'>—</span> 
     </span>
     <span class='ocr_line' id='line_1_53' title="bbox 1743 2139 2789 2204; baseline -0.001 -13"><span class='ocrx_word' id='word_1_283' title='bbox 1743 2140 1996 2204; x_wconf 70' lang='lat' dir='ltr'><strong>Colchicis]</strong></span> <span class='ocrx_word' id='word_1_284' title='bbox 2050 2139 2302 2192; x_wconf 77' lang='lat' dir='ltr'><strong>«Medeae</strong></span> <span class='ocrx_word' id='word_1_285' title='bbox 2343 2154 2679 2192; x_wconf 80' lang='lat' dir='ltr'><strong>venenorum</strong></span> <span class='ocrx_word' id='word_1_286' title='bbox 2712 2141 2789 2190; x_wconf 88' lang='lat' dir='ltr'><strong>si·—</strong></span> 
     </span>
     <span class='ocr_line' id='line_1_54' title="bbox 1743 2213 2796 2278; baseline -0.001 -13"><span class='ocrx_word' id='word_1_287' title='bbox 1743 2213 2027 2265; x_wconf 81' lang='lat' dir='ltr'><strong>minimis.»</strong></span> <span class='ocrx_word' id='word_1_288' title='bbox 2063 2214 2159 2264; x_wconf 90' lang='lat' dir='ltr'><strong>Od.</strong></span> <span class='ocrx_word' id='word_1_289' title='bbox 2195 2215 2256 2276; x_wconf 74' lang='lat'><strong>2,</strong></span> <span class='ocrx_word' id='word_1_290' title='bbox 2296 2214 2384 2276; x_wconf 85' lang='grc'><strong>43,</strong></span> <span class='ocrx_word' id='word_1_291' title='bbox 2427 2216 2478 2266; x_wconf 86' lang='grc'><strong>8.</strong></span> <span class='ocrx_word' id='word_1_292' title='bbox 2509 2242 2565 2252; x_wconf 93' lang='grc'>-</span> <span class='ocrx_word' id='word_1_293' title='bbox 2612 2216 2796 2278; x_wconf 63' lang='lat' dir='ltr'><strong>stipen—</strong></span> 
     </span>
     <span class='ocr_line' id='line_1_55' title="bbox 1743 2286 2797 2350; baseline 0.001 -12"><span class='ocrx_word' id='word_1_294' title='bbox 1743 2289 1899 2350; x_wconf 70' lang='lat' dir='ltr'><strong>dimn]</strong></span> <span class='ocrx_word' id='word_1_295' title='bbox 1943 2286 2265 2339; x_wconf 81' lang='lat' dir='ltr'><strong>vocabulum</strong></span> <span class='ocrx_word' id='word_1_296' title='bbox 2300 2291 2384 2339; x_wconf 90' lang='lat' dir='ltr'><strong>est</strong></span> <span class='ocrx_word' id='word_1_297' title='bbox 2417 2288 2684 2348; x_wconf 88' lang='lat' dir='ltr'><strong>medium,</strong></span> <span class='ocrx_word' id='word_1_298' title='bbox 2737 2291 2797 2339; x_wconf 89' lang='lat' dir='ltr'><strong>ut</strong></span> 
     </span>
     <span class='ocr_line' id='line_1_56' title="bbox 1736 2360 2798 2434; baseline -0.001 -21"><span class='ocrx_word' id='word_1_299' title='bbox 1736 2363 2041 2434; x_wconf 55' lang='lat' dir='ltr'><strong>praemium</strong></span> <span class='ocrx_word' id='word_1_300' title='bbox 2063 2374 2284 2422; x_wconf 59' lang='lat' dir='ltr'><strong>meres-n</strong></span> <span class='ocrx_word' id='word_1_301' title='bbox 2310 2360 2365 2412; x_wconf 84' lang='lat' dir='ltr'><strong>h.</strong></span> <span class='ocrx_word' id='word_1_302' title='bbox 2391 2360 2426 2412; x_wconf 89' lang='lat' dir='ltr'><strong>l.</strong></span> <span class='ocrx_word' id='word_1_303' title='bbox 2452 2363 2610 2425; x_wconf 80' lang='lat' dir='ltr'><strong>igitur</strong></span> <span class='ocrx_word' id='word_1_304' title='bbox 2633 2361 2798 2412; x_wconf 77' lang='lat' dir='ltr'><strong>«mul-</strong></span> 
     </span>
     <span class='ocr_line' id='line_1_57' title="bbox 1745 2434 2793 2501; baseline -0.003 -12"><span class='ocrx_word' id='word_1_305' title='bbox 1745 2440 1827 2498; x_wconf 87' lang='lat' dir='ltr'><strong>ta,</strong></span> <span class='ocrx_word' id='word_1_306' title='bbox 1880 2449 2114 2501; x_wconf 82' lang='lat' dir='ltr'><strong>poena»,</strong></span> <span class='ocrx_word' id='word_1_307' title='bbox 2151 2449 2283 2497; x_wconf 88' lang='lat' dir='ltr'><strong>non,</strong></span> <span class='ocrx_word' id='word_1_308' title='bbox 2337 2438 2398 2487; x_wconf 90' lang='lat' dir='ltr'><strong>ut</strong></span> <span class='ocrx_word' id='word_1_309' title='bbox 2446 2435 2531 2488; x_wconf 80' lang='lat' dir='ltr'><strong>alli</strong></span> <span class='ocrx_word' id='word_1_310' title='bbox 2581 2434 2793 2497; x_wconf 84' lang='lat' dir='ltr'><strong>volunt,</strong></span> 
     </span>
     <span class='ocr_line' id='line_1_58' title="bbox 1749 2510 2688 2576; baseline -0.003 -16"><span class='ocrx_word' id='word_1_311' title='bbox 1749 2524 1915 2576; x_wconf 77' lang='lat' dir='ltr'><strong>«opus</strong></span> <span class='ocrx_word' id='word_1_312' title='bbox 1947 2524 2153 2576; x_wconf 88' lang='lat' dir='ltr'><strong>poenae</strong></span> <span class='ocrx_word' id='word_1_313' title='bbox 2188 2510 2308 2563; x_wconf 87' lang='lat' dir='ltr'><strong>loeo</strong></span> <span class='ocrx_word' id='word_1_314' title='bbox 2342 2512 2688 2562; x_wconf 71' lang='lat' dir='ltr'><strong>iniunctum.»</strong></span> 
     </span>
     <span class='ocr_line' id='line_1_59' title="bbox 1812 2584 2794 2650; baseline -0.003 -13"><span class='ocrx_word' id='word_1_315' title='bbox 1812 2584 2054 2637; x_wconf 72' lang='lat'><strong>38-40.</strong></span> <span class='ocrx_word' id='word_1_316' title='bbox 2112 2584 2352 2649; x_wconf 69' lang='lat' dir='ltr'><strong>avpiaoe]</strong></span> <span class='ocrx_word' id='word_1_317' title='bbox 2411 2599 2620 2650; x_wconf 82' lang='lat' dir='ltr'><strong>«poena</strong></span> <span class='ocrx_word' id='word_1_318' title='bbox 2666 2598 2695 2635; x_wconf 95' lang='lat' dir='ltr'><strong>a</strong></span> <span class='ocrx_word' id='word_1_319' title='bbox 2742 2588 2794 2633; x_wconf 88' lang='lat' dir='ltr'><strong>te</strong></span> 
     </span>
     <span class='ocr_line' id='line_1_60' title="bbox 1748 2657 2797 2723; baseline -0.004 -12"><span class='ocrx_word' id='word_1_320' title='bbox 1748 2661 2031 2711; x_wconf 86' lang='lat' dir='ltr'><strong>constituta</strong></span> <span class='ocrx_word' id='word_1_321' title='bbox 2064 2660 2329 2723; x_wconf 87' lang='lat' dir='ltr'><strong>patienter</strong></span> <span class='ocrx_word' id='word_1_322' title='bbox 2362 2657 2644 2712; x_wconf 86' lang='lat' dir='ltr'><strong>subeunda</strong></span> <span class='ocrx_word' id='word_1_323' title='bbox 2678 2657 2797 2708; x_wconf 89' lang='lat' dir='ltr'><strong>lue-—</strong></span> 
     </span>
     <span class='ocr_line' id='line_1_61' title="bbox 1748 2733 2793 2798; baseline 0.001 -15"><span class='ocrx_word' id='word_1_324' title='bbox 1748 2747 1806 2783; x_wconf 90' lang='lat' dir='ltr'><strong>re</strong></span> <span class='ocrx_word' id='word_1_325' title='bbox 1840 2735 2060 2798; x_wconf 84' lang='lat' dir='ltr'><strong>peccata</strong></span> <span class='ocrx_word' id='word_1_326' title='bbox 2102 2745 2223 2784; x_wconf 89' lang='lat' dir='ltr'><strong>mea</strong></span> <span class='ocrx_word' id='word_1_327' title='bbox 2242 2770 2254 2794; x_wconf 92' lang='lat'>‚</span> <span class='ocrx_word' id='word_1_328' title='bbox 2312 2733 2426 2784; x_wconf 81' lang='lat' dir='ltr'><strong>sive</strong></span> <span class='ocrx_word' id='word_1_329' title='bbox 2462 2733 2793 2797; x_wconf 83' lang='lat' dir='ltr'><strong>poposceris,</strong></span> 
     </span>
     <span class='ocr_line' id='line_1_62' title="bbox 1750 2803 2796 2871; baseline 0 -15"><span class='ocrx_word' id='word_1_330' title='bbox 1750 2808 1808 2856; x_wconf 89' lang='lat' dir='ltr'><strong>ut</strong></span> <span class='ocrx_word' id='word_1_331' title='bbox 1838 2803 2175 2871; x_wconf 73' lang='grc' dir='ltr'><strong><em>ἑκατόμβην</em></strong></span> <span class='ocrx_word' id='word_1_332' title='bbox 2207 2819 2308 2870; x_wconf 86' lang='lat' dir='ltr'><strong>pro</strong></span> <span class='ocrx_word' id='word_1_333' title='bbox 2339 2804 2551 2870; x_wconf 85' lang='lat' dir='ltr'><strong>piaculo</strong></span> <span class='ocrx_word' id='word_1_334' title='bbox 2573 2806 2796 2856; x_wconf 77' lang='lat' dir='ltr'><strong>offeram</strong></span> 
     </span>
     <span class='ocr_line' id='line_1_63' title="bbox 1749 2880 2795 2943; baseline -0.002 -13"><span class='ocrx_word' id='word_1_335' title='bbox 1749 2882 1888 2930; x_wconf 77' lang='lat' dir='ltr'><strong>cet.»</strong></span> <span class='ocrx_word' id='word_1_336' title='bbox 1862 2880 2152 2943; x_wconf 67' lang='lat' dir='ltr'><strong>»Emptas-0</strong></span> <span class='ocrx_word' id='word_1_337' title='bbox 2199 2884 2400 2930; x_wconf 70' lang='lat' dir='ltr'><strong>centum</strong></span> <span class='ocrx_word' id='word_1_338' title='bbox 2436 2880 2657 2930; x_wconf 65' lang='grc' dir='ltr'><strong>ὒιιυοηοίε</strong></span> <span class='ocrx_word' id='word_1_339' title='bbox 2697 2881 2795 2929; x_wconf 87' lang='lat' dir='ltr'><strong>etsi</strong></span> 
     </span>
     <span class='ocr_line' id='line_1_64' title="bbox 1747 2954 2797 3019; baseline -0.001 -15"><span class='ocrx_word' id='word_1_340' title='bbox 1747 2967 1849 3019; x_wconf 85' lang='lat' dir='ltr'><strong>per</strong></span> <span class='ocrx_word' id='word_1_341' title='bbox 1880 2967 1939 3005; x_wconf 88' lang='lat' dir='ltr'><strong>se</strong></span> <span class='ocrx_word' id='word_1_342' title='bbox 1975 2956 2184 3005; x_wconf 85' lang='lat' dir='ltr'><strong>rectum</strong></span> <span class='ocrx_word' id='word_1_343' title='bbox 2218 2956 2327 3015; x_wconf 88' lang='lat' dir='ltr'><strong>est,</strong></span> <span class='ocrx_word' id='word_1_344' title='bbox 2364 2954 2545 3003; x_wconf 83' lang='lat' dir='ltr'><strong>tamen</strong></span> <span class='ocrx_word' id='word_1_345' title='bbox 2578 2956 2797 3017; x_wconf 86' lang='lat' dir='ltr'><strong>propter</strong></span> 
     </span>
     <span class='ocr_line' id='line_1_65' title="bbox 1750 3026 2797 3113; baseline -0.002 -34"><span class='ocrx_word' id='word_1_346' title='bbox 1750 3039 2076 3079; x_wconf 86' lang='lat' dir='ltr'><strong>consensum</strong></span> <span class='ocrx_word' id='word_1_347' title='bbox 2128 3026 2297 3077; x_wconf 90' lang='lat' dir='ltr'><strong>Codd.</strong></span> <span class='ocrx_word' id='word_1_348' title='bbox 2346 3028 2621 3113; x_wconf 86' lang='lat' dir='ltr'><strong>antiquiss.</strong></span> <span class='ocrx_word' id='word_1_349' title='bbox 2670 3028 2797 3077; x_wconf 86' lang='lat' dir='ltr'><strong>reii—</strong></span> 
     </span>
     <span class='ocr_line' id='line_1_66' title="bbox 1749 3086 2799 3152; baseline -0.003 0"><span class='ocrx_word' id='word_1_350' title='bbox 1749 3100 1998 3152; x_wconf 88' lang='lat' dir='ltr'><strong>ciendum</strong></span> <span class='ocrx_word' id='word_1_351' title='bbox 2025 3111 2147 3150; x_wconf 84' lang='lat' dir='ltr'><strong>esse</strong></span> <span class='ocrx_word' id='word_1_352' title='bbox 2171 3086 2547 3150; x_wconf 84' lang='lat' dir='ltr'><strong>videbatur.—</strong></span> <span class='ocrx_word' id='word_1_353' title='bbox 2570 3101 2799 3150; x_wconf 54' lang='lat' dir='ltr'><strong>mendam</strong></span> 
     </span>
     <span class='ocr_line' id='line_1_67' title="bbox 1747 3173 2797 3243; baseline -0.002 -19"><span class='ocrx_word' id='word_1_354' title='bbox 1747 3174 1882 3238; x_wconf 70' lang='lat' dir='ltr'><strong>lyra]</strong></span> <span class='ocrx_word' id='word_1_355' title='bbox 1916 3173 2106 3225; x_wconf 83' lang='lat' dir='ltr'><strong>Dedita</strong></span> <span class='ocrx_word' id='word_1_356' title='bbox 2141 3186 2303 3238; x_wconf 86' lang='lat' dir='ltr'><strong>opera</strong></span> <span class='ocrx_word' id='word_1_357' title='bbox 2337 3174 2424 3224; x_wconf 85' lang='lat' dir='ltr'><strong>bic</strong></span> <span class='ocrx_word' id='word_1_358' title='bbox 2447 3173 2514 3223; x_wconf 88' lang='lat' dir='ltr'><strong>ab</strong></span> <span class='ocrx_word' id='word_1_359' title='bbox 2537 3174 2797 3243; x_wconf 69' lang='grc' dir='ltr'><strong>εἰρωνείᾳ</strong></span> 
     </span>
     <span class='ocr_line' id='line_1_68' title="bbox 1751 3246 2791 3312; baseline -0.003 -13"><span class='ocrx_word' id='word_1_360' title='bbox 1751 3247 1940 3300; x_wconf 87' lang='lat' dir='ltr'><strong>leviter</strong></span> <span class='ocrx_word' id='word_1_361' title='bbox 1975 3261 2040 3298; x_wconf 88' lang='lat' dir='ltr'><strong>ac</strong></span> <span class='ocrx_word' id='word_1_362' title='bbox 2081 3260 2251 3312; x_wconf 87' lang='lat' dir='ltr'><strong>prope</strong></span> <span class='ocrx_word' id='word_1_363' title='bbox 2288 3246 2492 3298; x_wconf 72' lang='lat' dir='ltr'><strong>occulte</strong></span> <span class='ocrx_word' id='word_1_364' title='bbox 2528 3247 2791 3309; x_wconf 86' lang='lat' dir='ltr'><strong>discessit,</strong></span> 
     </span>
     <span class='ocr_line' id='line_1_69' title="bbox 1751 3320 2800 3373; baseline -0.002 0"><span class='ocrx_word' id='word_1_365' title='bbox 1751 3324 1812 3373; x_wconf 91' lang='lat' dir='ltr'><strong>ut</strong></span> <span class='ocrx_word' id='word_1_366' title='bbox 1842 3324 1897 3372; x_wconf 90' lang='lat' dir='ltr'><strong>in</strong></span> <span class='ocrx_word' id='word_1_367' title='bbox 1930 3320 2030 3372; x_wconf 89' lang='lat' dir='ltr'><strong>illis</strong></span> <span class='ocrx_word' id='word_1_368' title='bbox 2062 3334 2114 3371; x_wconf 81' lang='lat' dir='ltr'><strong>v.</strong></span> <span class='ocrx_word' id='word_1_369' title='bbox 2151 3322 2247 3371; x_wconf 76' lang='lat'><strong>20:</strong></span> <span class='ocrx_word' id='word_1_370' title='bbox 2284 3322 2466 3372; x_wconf 77' lang='lat' dir='ltr'><strong>Amata</strong></span> <span class='ocrx_word' id='word_1_371' title='bbox 2498 3324 2602 3372; x_wconf 90' lang='lat' dir='ltr'><strong>cet.</strong></span> <span class='ocrx_word' id='word_1_372' title='bbox 2638 3322 2800 3372; x_wconf 88' lang='lat' dir='ltr'><strong>Nimi-</strong></span> 
     </span>
     <span class='ocr_line' id='line_1_70' title="bbox 1752 3395 2800 3460; baseline -0.002 -14"><span class='ocrx_word' id='word_1_373' title='bbox 1752 3408 1874 3446; x_wconf 84' lang='lat' dir='ltr'><strong>rum</strong></span> <span class='ocrx_word' id='word_1_374' title='bbox 1905 3396 2136 3446; x_wconf 74' lang='lat' dir='ltr'><strong>mendaci</strong></span> <span class='ocrx_word' id='word_1_375' title='bbox 2169 3395 2290 3457; x_wconf 70' lang='lat' dir='ltr'><strong>tyra</strong></span> <span class='ocrx_word' id='word_1_376' title='bbox 2321 3395 2570 3460; x_wconf 79' lang='lat' dir='ltr'><strong>ambigue</strong></span> <span class='ocrx_word' id='word_1_377' title='bbox 2604 3395 2800 3459; x_wconf 79' lang='lat' dir='ltr'><strong>signiti-</strong></span> 
     </span>
     <span class='ocr_line' id='line_1_71' title="bbox 1753 3469 2800 3534; baseline -0.003 -13"><span class='ocrx_word' id='word_1_378' title='bbox 1753 3470 1841 3521; x_wconf 86' lang='lat' dir='ltr'><strong>cat</strong></span> <span class='ocrx_word' id='word_1_379' title='bbox 1874 3470 1928 3520; x_wconf 90' lang='lat' dir='ltr'><strong>et</strong></span> <span class='ocrx_word' id='word_1_380' title='bbox 1959 3481 2099 3532; x_wconf 86' lang='lat' dir='ltr'><strong>quae</strong></span> <span class='ocrx_word' id='word_1_381' title='bbox 2133 3471 2257 3519; x_wconf 88' lang='lat' dir='ltr'><strong>ante</strong></span> <span class='ocrx_word' id='word_1_382' title='bbox 2299 3469 2488 3534; x_wconf 87' lang='lat' dir='ltr'><strong>(Epod.</strong></span> <span class='ocrx_word' id='word_1_383' title='bbox 2523 3469 2592 3531; x_wconf 79' lang='grc'><strong>5.)</strong></span> <span class='ocrx_word' id='word_1_384' title='bbox 2642 3482 2800 3519; x_wconf 89' lang='lat' dir='ltr'><strong>men-</strong></span> 
     </span>
     <span class='ocr_line' id='line_1_72' title="bbox 1753 3542 2801 3594; baseline -0.001 -1"><span class='ocrx_word' id='word_1_385' title='bbox 1753 3544 1847 3594; x_wconf 88' lang='lat' dir='ltr'><strong>tita</strong></span> <span class='ocrx_word' id='word_1_386' title='bbox 1890 3545 2009 3593; x_wconf 76' lang='lat' dir='ltr'><strong>erat</strong></span> <span class='ocrx_word' id='word_1_387' title='bbox 2046 3543 2101 3592; x_wconf 88' lang='lat' dir='ltr'><strong>in</strong></span> <span class='ocrx_word' id='word_1_388' title='bbox 2144 3542 2449 3594; x_wconf 82' lang='lat' dir='ltr'><strong>infamanda</strong></span> <span class='ocrx_word' id='word_1_389' title='bbox 2484 3542 2699 3593; x_wconf 82' lang='lat' dir='ltr'><strong>Canidia</strong></span> <span class='ocrx_word' id='word_1_390' title='bbox 2744 3545 2801 3592; x_wconf 89' lang='lat' dir='ltr'><strong>et</strong></span> 
     </span>
     <span class='ocr_line' id='line_1_73' title="bbox 1752 3615 2792 3682; baseline -0.002 -15"><span class='ocrx_word' id='word_1_391' title='bbox 1752 3629 1893 3682; x_wconf 86' lang='lat' dir='ltr'><strong>quae</strong></span> <span class='ocrx_word' id='word_1_392' title='bbox 1928 3617 2217 3668; x_wconf 87' lang='lat' dir='ltr'><strong>mentietur</strong></span> <span class='ocrx_word' id='word_1_393' title='bbox 2249 3629 2373 3667; x_wconf 87' lang='lat' dir='ltr'><strong>eam</strong></span> <span class='ocrx_word' id='word_1_394' title='bbox 2414 3615 2698 3667; x_wconf 86' lang='lat' dir='ltr'><strong>laudando.</strong></span> <span class='ocrx_word' id='word_1_395' title='bbox 2740 3642 2792 3655; x_wconf 93' lang='lat'><em>-</em></span> 
     </span>
     <span class='ocr_line' id='line_1_74' title="bbox 1751 3687 2796 3758; baseline -0.006 -14"><span class='ocrx_word' id='word_1_396' title='bbox 1751 3691 1945 3757; x_wconf 69' lang='lat' dir='ltr'><strong>sonari]</strong></span> <span class='ocrx_word' id='word_1_397' title='bbox 1981 3693 2044 3745; x_wconf 79' lang='lat' dir='ltr'><strong>nt</strong></span> <span class='ocrx_word' id='word_1_398' title='bbox 2064 3687 2227 3758; x_wconf 76' lang='grc' dir='ltr'><strong><em>ἠχεῖν</em></strong></span> <span class='ocrx_word' id='word_1_399' title='bbox 2262 3690 2439 3756; x_wconf 84' lang='lat' dir='ltr'><strong>(Soph.</strong></span> <span class='ocrx_word' id='word_1_400' title='bbox 2465 3691 2651 3741; x_wconf 85' lang='lat' dir='ltr'><strong>Trach.</strong></span> <span class='ocrx_word' id='word_1_401' title='bbox 2678 3690 2796 3742; x_wconf 75' lang='lat'><strong>865.</strong></span> 
     </span>
     <span class='ocr_line' id='line_1_75' title="bbox 1753 3758 2805 3826; baseline -0.006 -8"><span class='ocrx_word' id='word_1_402' title='bbox 1753 3768 1975 3818; x_wconf 82' lang='lat' dir='ltr'><strong>Theocr.</strong></span> <span class='ocrx_word' id='word_1_403' title='bbox 2025 3767 2084 3825; x_wconf 75' lang='lat'><strong>2,</strong></span> <span class='ocrx_word' id='word_1_404' title='bbox 2122 3765 2219 3816; x_wconf 80' lang='lat'><strong>36:</strong></span> <span class='ocrx_word' id='word_1_405' title='bbox 2300 3760 2371 3814; x_wconf 77' lang='grc' dir='ltr'><strong>τὸ</strong></span> <span class='ocrx_word' id='word_1_406' title='bbox 2429 3763 2672 3824; x_wconf 75' lang='grc' dir='ltr'><strong><em>χαλκίον</em></strong></span> <span class='ocrx_word' id='word_1_407' title='bbox 2720 3758 2805 3826; x_wconf 79' lang='grc' dir='ltr'><strong>ὥς</strong></span> 
     </span>
     <span class='ocr_line' id='line_1_76' title="bbox 1754 3832 2796 3903; baseline -0.003 -12"><span class='ocrx_word' id='word_1_408' title='bbox 1754 3836 1936 3903; x_wconf 74' lang='grc' dir='ltr'><strong><em>τάχος</em></strong></span> <span class='ocrx_word' id='word_1_409' title='bbox 1983 3832 2134 3900; x_wconf 74' lang='grc' dir='ltr'><strong><em>ἄχει.</em></strong></span> <span class='ocrx_word' id='word_1_410' title='bbox 2206 3838 2560 3890; x_wconf 84' lang='lat' dir='ltr'><strong>Pseudanacr.</strong></span> <span class='ocrx_word' id='word_1_411' title='bbox 2600 3840 2655 3898; x_wconf 93' lang='grc'><strong>4,</strong></span> <span class='ocrx_word' id='word_1_412' title='bbox 2698 3837 2796 3900; x_wconf 75' lang='grc'><strong>4.),</strong></span> 
     </span>
     <span class='ocr_line' id='line_1_77' title="bbox 1756 3911 2797 3978; baseline -0.005 -13"><span class='ocrx_word' id='word_1_413' title='bbox 1756 3914 1897 3978; x_wconf 88' lang='lat' dir='ltr'><strong>apud</strong></span> <span class='ocrx_word' id='word_1_414' title='bbox 1919 3917 2106 3978; x_wconf 75' lang='lat' dir='ltr'><strong>poetas</strong></span> <span class='ocrx_word' id='word_1_415' title='bbox 2130 3913 2401 3964; x_wconf 78' lang='lat' dir='ltr'><strong>transitive</strong></span> <span class='ocrx_word' id='word_1_416' title='bbox 2426 3912 2553 3975; x_wconf 85' lang='lat' dir='ltr'><strong>(Tib.</strong></span> <span class='ocrx_word' id='word_1_417' title='bbox 2575 3913 2622 3974; x_wconf 88' lang='grc'><strong>4,</strong></span> <span class='ocrx_word' id='word_1_418' title='bbox 2644 3911 2694 3971; x_wconf 87' lang='grc'><strong>3,</strong></span> <span class='ocrx_word' id='word_1_419' title='bbox 2715 3911 2797 3961; x_wconf 89' lang='grc'><strong>60.</strong></span> 
     </span>
     <span class='ocr_line' id='line_1_78' title="bbox 1757 3986 2804 4047; baseline -0.004 -9"><span class='ocrx_word' id='word_1_420' title='bbox 1757 3988 1905 4038; x_wconf 87' lang='lat' dir='ltr'><strong>ovid.</strong></span> <span class='ocrx_word' id='word_1_421' title='bbox 1960 3990 2082 4040; x_wconf 72' lang='lat' dir='ltr'><strong>Met.</strong></span> <span class='ocrx_word' id='word_1_422' title='bbox 2143 3988 2231 4047; x_wconf 90' lang='grc'><strong>40,</strong></span> <span class='ocrx_word' id='word_1_423' title='bbox 2285 3986 2418 4037; x_wconf 79' lang='lat'><strong>205:</strong></span> <span class='ocrx_word' id='word_1_424' title='bbox 2477 3991 2524 4037; x_wconf 79' lang='lat' dir='ltr'><strong>te</strong></span> <span class='ocrx_word' id='word_1_425' title='bbox 2570 3986 2804 4035; x_wconf 66' lang='lat' dir='ltr'><strong>camina</strong></span> 
     </span>
     <span class='ocr_line' id='line_1_79' title="bbox 1756 4058 2796 4125; baseline -0.003 -14"><span class='ocrx_word' id='word_1_426' title='bbox 1756 4067 1932 4111; x_wconf 76' lang='lat' dir='ltr'><strong>nostra</strong></span> <span class='ocrx_word' id='word_1_427' title='bbox 1951 4060 2245 4125; x_wconf 75' lang='lat' dir='ltr'><strong>sonabunt),</strong></span> <span class='ocrx_word' id='word_1_428' title='bbox 2282 4062 2338 4111; x_wconf 87' lang='lat' dir='ltr'><strong>et</strong></span> <span class='ocrx_word' id='word_1_429' title='bbox 2358 4061 2587 4125; x_wconf 80' lang='lat' dir='ltr'><strong>passive,</strong></span> <span class='ocrx_word' id='word_1_430' title='bbox 2614 4061 2674 4109; x_wconf 88' lang='lat' dir='ltr'><strong>ut</strong></span> <span class='ocrx_word' id='word_1_431' title='bbox 2694 4058 2796 4108; x_wconf 83' lang='lat' dir='ltr'><strong>hic.</strong></span> 
     </span>
     <span class='ocr_line' id='line_1_80' title="bbox 1766 4132 2801 4200; baseline -0.004 -15"><span class='ocrx_word' id='word_1_432' title='bbox 1766 4162 1818 4171; x_wconf 92' lang='lat'><em>-</em></span> <span class='ocrx_word' id='word_1_433' title='bbox 1844 4136 1914 4185; x_wconf 75' lang='lat' dir='ltr'><strong>Tu</strong></span> <span class='ocrx_word' id='word_1_434' title='bbox 1929 4135 2183 4200; x_wconf 70' lang='lat' dir='ltr'><strong>pudieaJ«</strong></span> <span class='ocrx_word' id='word_1_435' title='bbox 2160 4136 2354 4186; x_wconf 81' lang='lat' dir='ltr'><strong>«hasce</strong></span> <span class='ocrx_word' id='word_1_436' title='bbox 2378 4134 2565 4185; x_wconf 87' lang='lat' dir='ltr'><strong>laudes</strong></span> <span class='ocrx_word' id='word_1_437' title='bbox 2588 4132 2681 4184; x_wconf 81' lang='lat' dir='ltr'><strong>tibi</strong></span> <span class='ocrx_word' id='word_1_438' title='bbox 2707 4133 2801 4182; x_wconf 83' lang='lat' dir='ltr'><strong>tri·</strong></span> 
     </span>
     <span class='ocr_line' id='line_1_81' title="bbox 1757 4207 2799 4275; baseline -0.004 -16"><span class='ocrx_word' id='word_1_439' title='bbox 1757 4207 1923 4260; x_wconf 91' lang='lat' dir='ltr'><strong>buam</strong></span> <span class='ocrx_word' id='word_1_440' title='bbox 1944 4211 2103 4275; x_wconf 89' lang='lat' dir='ltr'><strong>atque</strong></span> <span class='ocrx_word' id='word_1_441' title='bbox 2128 4208 2196 4260; x_wconf 89' lang='lat' dir='ltr'><strong>ad</strong></span> <span class='ocrx_word' id='word_1_442' title='bbox 2226 4209 2437 4261; x_wconf 88' lang='lat' dir='ltr'><strong>caelum</strong></span> <span class='ocrx_word' id='word_1_443' title='bbox 2459 4211 2511 4259; x_wconf 89' lang='lat' dir='ltr'><strong>te</strong></span> <span class='ocrx_word' id='word_1_444' title='bbox 2528 4207 2799 4258; x_wconf 78' lang='lat' dir='ltr'><strong>efferam.»</strong></span> 
     </span>
    </p>
   </div>
  </div>
 </body>
</html>
