3234 4975
630 368 756 432 358
1402 374 1662 424 flonAru
1699 376 2039 429 mmmmm

967 525 1318 614 Rebusque
1362 527 1638 596 fidentes
1681 533 1889 597 avitae

1047 650 1236 715 Tecta
1278 648 1472 716 velint
1515 671 1821 738 reparare
1867 655 2110 721 Troiae.
2717 664 2800 727 60

875 805 1102 872 Troiae
1147 827 1499 874 renascens
1544 808 1696 876 alite
1739 810 1995 897 lugubri

877 908 1159 992 Fortuna
1201 928 1363 994 tristi
1408 928 1592 997 clade
1638 930 2001 1010 iterabitur,

953 1048 1242 1115 Ducente
1286 1049 1585 1119 victrices
1631 1063 1923 1120 catervas

1044 1169 1331 1258 Coniuge
1374 1193 1479 1240 me
1525 1174 1697 1241 Iovis
1740 1185 1806 1240 et
1849 1196 2094 1243 sorore.

868 1327 990 1391 Ter
1035 1327 1089 1391 si
1134 1338 1431 1416 resurgat
1470 1351 1697 1397 murus
1741 1339 1987 1399 a'eneus
2126 1423 2131 1437 1

865 1446 1142 1514 Auctore
1187 1448 1481 1528 Phoebo,
1538 1461 1636 1517 ter
1678 1464 1905 1539 pereat
1946 1457 2108 1522 meis

952 1568 1221 1634 Excisus
1263 1570 1544 1657 ArgiviS,
1592 1581 1691 1638 ter
1732 1594 1897 1639 uxor

1040 1689 1241 1776 Capta
1289 1690 1498 1756 virum
1540 1714 1918 1782 puerosque
1962 1697 2188 1784 ploret.

2711 1344 2793 1407 65

868 1848 922 1913 N
931 1868 1009 1912 an
1053 1846 1178 1914 hoc
1222 1849 1483 1916 iocosae
1527 1854 1869 1920 conveniet
1910 1853 2131 1943 lyrae:

743 2044 826 2093 66.
865 2044 1083 2094 Ductore
1115 2057 1254 2095 unus
1277 2045 1490 2098 Achillis
1513 2048 1685 2109 Statii,
1722 2048 1857 2100 alter
1879 2052 2125 2115 Cruquii,
2161 2055 2251 2118 qui
2273 2060 2503 2122 recepit,
2541 2063 2725 2115 tertius

679 2115 984 2176 Pulmanni;
1042 2119 1210 2169 reiicit
1264 2120 1556 2182 Bentleius,
1617 2123 1925 2176 dubitanter
1980 2140 2287 2192 proponens
2335 2133 2608 2187 structore.
2667 2165 2722 2174 —

679 2191 761 2240 67.
801 2191 1066 2242 Exscissus
1106 2194 1161 2243 L.
1204 2219 1260 2229 -
1297 2194 1378 2244 69.
1413 2196 1586 2246 haec-
1616 2224 1647 2235 -
1668 2201 1955 2250 convenient
1987 2202 2055 2264 L,
2090 2203 2211 2253 haec
2233 2231 2313 2242 --
2336 2210 2634 2260 conveniunt
2665 2213 2718 2261 F.

681 2263 842 2327 (hoc-
863 2292 893 2302 -
914 2266 1177 2317 conveniat
1205 2274 1370 2333 χψω,
1407 2272 1539 2321 Pott.
1568 2271 1695 2322 duo.
1734 2275 1797 2325 Ut
1826 2287 1947 2335 nos,
1985 2278 2192 2340 nostri.)
2232 2309 2288 2317 —-
2323 2282 2469 2343 lyrae
2505 2296 2611 2333 om.
2639 2285 2696 2334 T.

616 2445 780 2496 quam
801 2435 1053 2498 pietatem
1070 2433 1430 2499 pulcherrime
1447 2451 1666 2503 expres·
1741 2443 1762 2492 4
1788 2480 1801 2504 ,
1839 2442 1936 2495 46:
1985 2445 2072 2497 Ast
2103 2461 2221 2513 eqo,
2259 2465 2389 2514 quae
2422 2453 2587 2503 divom
2617 2456 2789 2506 incedo

614 2508 686 2558 sit
717 2509 916 2560 Ennius
950 2509 1136 2560 Annal.
1176 2510 1267 2572 44,
1305 2512 1354 2561 9.
1415 2513 1510 2563 Ed.
1549 2516 1664 2565 Me-

613 2581 794 2644 rulae,
848 2583 939 2633 ubi
983 2585 1204 2635 Romani
1251 2586 1389 2636 duce
1441 2590 1498 2638 1..
1538 2590 1667 2639 Cor-

614 2656 752 2708 nelio
806 2657 1052 2722 Scipione
1113 2660 1396 2724 (Asiatico)
1451 2663 1663 2714 Troiam

613 2733 846 2797 primum
875 2734 1265 2797 conspicientes
1291 2736 1343 2785 in
1366 2737 1466 2786 has
1498 2750 1663 2787 voces

614 2810 995 2871 prorumpunt:
1062 2809 1103 2857 0
1144 2811 1359 2872 poma,
1413 2826 1443 2859 o
1498 2813 1664 2862 divom

612 2883 787 2930 domm
828 2882 977 2931 Ilium
1014 2888 1063 2931 et
1092 2884 1284 2933 incincta
1316 2885 1438 2935 bello
1469 2888 1663 2951 Perga-

611 2956 811 3003 ma!-—
834 2956 997 3004 Rotas
1028 2958 1211 3008 autem
1245 2958 1575 3010 coloniarum
1610 2962 1662 3011 in

611 3024 995 3098 μητροπόλεις
1060 3030 1265 3082 dirutas
1331 3033 1658 3096 requirebat,

612 3105 699 3163 ut,
737 3103 782 3152 si
815 3102 930 3152 fieri
964 3107 1175 3167 posset,
1212 3119 1304 3157 eas
1327 3111 1657 3172 repararent.
1704 3156 1707 3159 Α

612 3175 721 3227 Cir.
776 3178 963 3239 Heyne
1013 3179 1206 3243 opusc.
1259 3181 1298 3231 1.
1351 3194 1405 3244 p.
1444 3182 1557 3232 3⁴2.
1601 3210 1656 3220 —

606 3251 827 3316 fidmees]
866 3253 1130 3315 «potentia
1165 3266 1261 3322 sua
1295 3257 1453 3307 nimis
1487 3258 1658 3307 freti.»

678 3373 760 3422 64.
835 3373 1010 3423 Troiae
1055 3375 1188 3439 cet.]
1237 3377 1460 3428 «Troiae
1505 3376 1659 3429 malis

611 3447 859 3511 auspiciis
881 3450 1210 3501 renascentis
1243 3450 1451 3502 fortuna
1475 3465 1661 3503 rursus

611 3521 805 3572 eadem
840 3522 965 3582 erit,
1004 3536 1142 3587 quae
1177 3527 1375 3577 veteris
1413 3527 1536 3587 fuit,
1583 3526 1661 3576 fu-

611 3599 934 3660 nestumque
970 3598 1237 3649 excidium
1286 3613 1481 3650 novam
1520 3614 1660 3664 quo-

608 3682 715 3733 que
735 3669 927 3721 urbem
947 3672 1236 3722 manebit.»
1263 3700 1317 3709 -
1338 3674 1417 3723 Ad
1437 3688 1521 3723 vv.
1541 3674 1661 3723 alite

608 3745 810 3807 lugubri
845 3745 958 3808 (Od.
999 3746 1057 3806 4,
1104 3748 1197 3809 45,
1241 3748 1306 3797 5:
1358 3747 1658 3812 mala-avi.)

608 3819 882 3867 memento
941 3822 1215 3885 auspicato
1266 3821 1424 3871 condi
1479 3820 1659 3872 solitas

609 3904 729 3941 esse
765 3890 948 3943 urbes,

673 4003 754 4052 63.
793 4002 874 4054 64.
910 4005 1164 4069 victrices]
1203 4027 1226 4052 α
1247 4020 1476 4071 quarum
1499 4009 1662 4058 victo-

607 4080 684 4127 ria
721 4079 915 4128 iterum
950 4083 1096 4130 certa
1132 4083 1266 4131 est.»
1308 4109 1362 4119 -·
1413 4083 1657 4148 Conium]

608 4150 751 4202 Iliad.
793 4165 858 4212 n,
896 4151 1018 4202 432:
1068 4147 1246 4225 ’Ἥρην
1266 4152 1328 4206 δὲ
1350 4159 1659 4228 προσέειπε

607 4222 963 4294 κασιγνήτην
984 4219 1203 4289 ἄλοχόν
1228 4243 1303 4280 τε.
1350 4232 1491 4297 Virg.
1520 4236 1652 4286 Aen.

1736 2520 1920 2583 reqina
1936 2522 2163 2585 Iovisque
2182 2527 2249 2575 Et
2267 2540 2415 2576 soror
2434 2533 2481 2578 et
2500 2531 2704 2579 conitar.

1803 2612 1884 2663 65.
1925 2614 2032 2680 Ter]
2050 2629 2308 2669 numerus
2328 2621 2591 2683 poeticus.
2620 2623 2791 2682 «Quo-

1737 2686 1838 2737 ties
1888 2694 2134 2754 resurget
2180 2705 2366 2743 murus
2416 2693 2500 2744 vel
2544 2696 2788 2748 firmissi—

1737 2772 1885 2822 muS,
1970 2766 2220 2828 auspiciis
2278 2780 2343 2816 ac
2382 2767 2564 2834 „ductu
2620 2770 2788 2834 ipsius

1736 2834 1966 2897 Phoebi,
2011 2840 2204 2901 prioris
2240 2841 2400 2891 etiam
2435 2844 2620 2894 Troiae
2656 2858 2788 2895 con—

1737 2907 1973 2960 ditoris.»
2029 2913 2177 2964 Pind.
2205 2914 2413 2980 olymp.
2435 2918 2493 2979 8,
2519 2918 2600 2968 34.
2641 2919 2783 2983 virg.

1738 2983 1829 3032 Ge.
1855 2985 1915 3046 3,
1953 2986 2040 3035 36:
2099 2989 2276 3039 Troiae
2314 2990 2552 3052 Oyntliius
2589 2999 2782 3044 auctor.

1802 3077 1884 3126 67.
1920 3077 2145 3145 Argivis]
2185 3083 2338 3144 Argis
2372 3081 2787 3137 celeberrimum

1736 3148 1862 3200 illud
1896 3153 2108 3204 lunonis
2144 3155 2403 3220 templum
2438 3161 2569 3208 erat.

1802 3244 1884 3294 69.
1936 3246 2052 3295 Non
2095 3245 2209 3312 hoc]
2268 3249 2430 3300 Simili
2476 3251 2669 3315 modo,
2730 3257 2787 3303 ut

1736 3316 1832 3368 Od.
1869 3319 1930 3377 2,
1969 3320 2025 3380 4,
2063 3320 2182 3383 37.,
2236 3337 2267 3372 a
2304 3327 2463 3374 cantu
2496 3326 2655 3377 nimis
2688 3340 2786 3376 au-

1736 3393 1883 3453 daci,
1939 3394 1996 3442 et
2027 3396 2119 3458 qui
2151 3409 2280 3448 suae
2315 3400 2465 3463 poesi
2500 3401 2785 3462 inemori-

1736 3466 1839 3518 bus
1870 3468 2118 3532 vitaeque
2161 3470 2299 3523 laeto
2332 3487 2433 3525 usu
2466 3472 2784 3538 plerumque

1738 3543 1968 3592 versanti
2007 3545 2183 3597 minus
2217 3549 2373 3612 aptus
2404 3550 2501 3610 sit,
2538 3561 2661 3599 sese
2696 3563 2785 3599 re-

1736 3619 1907 3666 vocat.
1996 3617 2240 3673 Meliores
2292 3625 2474 3674 autem
2524 3623 2671 3685 libri,
2728 3626 2788 3675 ut

1736 3703 1925 3742 omnes
1976 3694 2207 3745 Pottierii
2256 3699 2473 3760 praeter
2518 3697 2550 3749 8
2601 3700 2656 3747 et
2702 3697 2780 3747 43.

1737 3765 1846 3828 (qui
1877 3768 2114 3829 pessime
2158 3770 2249 3818 hoc
2270 3796 2300 3807 -
2319 3772 2601 3837 conveniat)
2644 3773 2734 3821 hoc
2756 3799 2785 3808 -

1734 3842 1986 3893 conveniet
2004 3882 2021 3904 ,
2058 3842 2162 3893 tale
2198 3857 2407 3896 ausum.

1801 3935 1882 3984 70.
1937 3937 2123 4000 tendis]
2177 3938 2265 3987 «In
2309 3950 2375 3986 eo
2410 3951 2505 4000 es,
2559 3941 2619 3987 ut
2650 3938 2783 3987 fines

1736 4007 1829 4058 tibi
1864 4011 2226 4075 praescriptos
2262 4012 2512 4075 migres.»
2558 4040 2613 4049 —-
2660 4025 2785 4073 per-

1730 4085 1912 4148 view]
1981 4085 2220 4136 similiter
2270 4088 2330 4136 ut
2375 4084 2409 4136 l.
2467 4085 2499 4136 1.
2547 4100 2781 4148 proca-v,

1737 4160 1944 4209 «minus
1966 4161 2273 4212 verecunda
2296 4163 2459 4225 atque
2497 4161 2657 4211 nimio
2692 4161 2784 4210 tuo

1732 4234 1908 4285 studio
1932 4235 2000 4284 ad
2024 4236 2381 4288 temeritatem
2400 4247 2569 4300 prope
2594 4232 2782 4285 elata.»
