3234 4975
642 377 763 442 ⁴34

1407 380 1665 430 HORATII
1701 377 2038 431 CARMINUM

1284 832 2125 895 cmm

1053 1005 1223 1070 Vitas
1264 1000 1566 1069 hinnuleo
1610 1024 1715 1070 me
1758 1001 2010 1081 similis,
2058 1001 2288 1079 Chloe,

1059 1125 1406 1205 Quaerenti
1450 1123 1750 1214 pavidam
1793 1122 2116 1191 montibus
2160 1123 2321 1189 aviis

1138 1249 1403 1314 Matrem
1444 1268 1574 1313 non
1615 1246 1755 1313 sine
1798 1266 1964 1312 vano

1223 1370 1540 1434 Aurarum
1583 1376 1649 1434 et
1690 1365 1894 1433 siliiae
1937 1375 2131 1433 metu.

763 1606 938 1656 xxm.
1007 1607 1173 1657 Inscr.
1209 1603 1346 1668 volg.
1416 1604 1492 1654 Ad
1524 1603 1723 1653 Chloen.
1765 1628 1819 1638 -
1854 1601 1932 1650 Ad
1964 1600 2148 1650 Chloen
2180 1613 2334 1662 quam
2366 1602 2436 1650 ad
2464 1603 2733 1652 matrimo-

697 1681 840 1730 m'um
870 1681 1103 1729 hortatur
1134 1678 1225 1728 ST.
1280 1704 1335 1714 --
1381 1679 1429 1728 4.
1472 1678 1604 1727 Vitat
1637 1677 1751 1727 BTc
1786 1677 1842 1726 et
1873 1689 2012 1726 corr.
2049 1674 2103 1725 d.
2153 1702 2209 1711 —
2254 1675 2420 1726 inuleo
2452 1677 2726 1739 BSTc,LC,

698 1755 895 1803 hinuleo
927 1752 1019 1803 bd.

699 1931 873 1981 XXIII.
942 1931 1175 1995 Tempus
1226 1930 1380 1980 huius
1431 1929 1680 1979 carminis

636 2005 842 2056 definiri
879 2020 983 2057 non
1018 2007 1212 2070 potest.
1266 2005 1519 2055 Referunt
1549 2017 1682 2053 non-

634 2078 760 2130 nulli
796 2079 864 2129 ad
899 2093 946 2129 a.
983 2093 1036 2129 u.
1073 2094 1121 2131 c.
1166 2079 1279 2129 733.
1349 2080 1479 2129 Miro
1515 2092 1676 2139 casu,

635 2157 695 2205 ut
736 2153 979 2218 LalageS,
1018 2154 1095 2205 sic
1131 2155 1291 2204 etiam
1324 2154 1482 2204 huius
1510 2155 1682 2204 nomi-

635 2232 717 2281 nis
751 2234 861 2280 tres
894 2231 1141 2294 repertae
1176 2230 1300 2279 sunt
1332 2230 1469 2279 inter
1503 2229 1677 2279 Liviae

640 2305 859 2354 libertas
910 2302 1076 2367 (Livia
1121 2303 1286 2369 (Balce)
1330 2304 1382 2354 in
1426 2304 1540 2353 eius
1582 2316 1679 2353 co-

635 2376 898 2429 lumbario
933 2391 980 2427 a.
1007 2379 1152 2429 ⁴727.
1190 2379 1387 2428 Romae
1424 2377 1655 2428 detecte.

725 2472 773 2522 4.
846 2471 1094 2536 hinnuleo]
1161 2471 1305 2522 haud
1371 2471 1678 2535 infrequens

639 2548 985 2611 comparati0.
1055 2548 1209 2596 Prov.
1255 2549 1304 2608 ὅ,
1349 2547 1439 2597 48ε
1490 2547 1681 2597 laetare

635 2633 748 2670 cum
763 2622 970 2671 muliere
983 2622 1339 2672 adolescentiae
1354 2626 1498 2681 tuam
1530 2635 1681 2671 cerva

635 2697 900 2745 carissima
954 2701 1000 2745 et
1050 2697 1365 2759 qratissimus
1427 2695 1675 2744 hinnulae.

634 2771 915 2820 Anacreon
949 2771 1031 2819 Fr.
1069 2769 1150 2821 49.
1188 2771 1404 2832 Bergk:
1435 2762 1680 2835 Ἄγανῶς

636 2838 733 2893 οἷά
766 2860 827 2894 τε
861 2840 1066 2914 νεβρὸν
1099 2843 1379 2911 νεοθηλέα
1411 2843 1679 2909 Γαλαθη-

635 2916 755 2980 νόν,
793 2912 916 2968 ὅστ’
941 2920 1003 2970 ἐν
1034 2911 1173 2990 ὕλῃς
1193 2919 1509 2991 κεροέσσης
1524 2912 1683 2969 Ἀπο-

636 2992 894 3054 λειφθεὶς
947 2987 1062 3043 ὑπὸ
1115 2990 1336 3064 μητρὸς
1394 2990 1675 3060 ἐπτοήθη.

636 3069 868 3117 Rhianus
938 3069 1093 3118 Anth.
1157 3068 1263 3120 Pal.
1299 3068 1382 3119 Ἤ.
1440 3084 1494 3133 p.
1553 3068 1675 3121 496:

628 3134 931 3212 Ἀγρεύσας
983 3138 1087 3191 τὸν
1133 3139 1338 3214 νεβρὸν
1387 3137 1678 3204 ἀπώλεσα,

634 3229 866 3280 puerum
884 3218 1137 3266 amatum.
1172 3218 1405 3266 Hinnulei
1421 3220 1543 3268 sunt
1560 3232 1682 3268 cer-

636 3304 847 3351 varum,
873 3289 1169 3352 damarum,
1195 3305 1511 3356 caprearum
1532 3291 1677 3356 pulli.

703 3385 752 3434 2.
803 3384 1064 3448 pavidam]
1105 3384 1185 3434 Ad
1219 3398 1410 3435 cervae
1446 3384 1679 3434 indolem

637 3459 944 3508 universam
976 3459 1229 3522 pertinet3
1277 3472 1385 3509 non
1430 3458 1577 3522 quod
1615 3471 1681 3508 ea

638 3533 871 3583 hinnulei
906 3534 986 3583 sui
1018 3532 1257 3597 pericula
1290 3535 1491 3584 timeat.

704 3627 752 3675 3.
789 3624 837 3676 4.
872 3627 1020 3690 vano]
1061 3627 1204 3676 «slne
1239 3625 1342 3676 ulla
1378 3637 1540 3676 causa
1569 3639 1683 3676 me—

637 3701 737 3749 tuit
768 3699 1050 3750 hinnuleus
1086 3714 1338 3750 aurarum
1369 3713 1469 3764 per
1493 3698 1681 3752 silvam

611 3771 879 3824 ”sonorem
951 3775 1106 3837 (Virg.
1153 3776 1244 3824 Ge.
1283 3774 1343 3836 3,
1397 3773 1572 3838 499.)»
1623 3803 1679 3813 -

635 3849 810 3912 siluae]
847 3848 1030 3913 trisyll.
1069 3851 1127 3900 ut
1156 3849 1322 3914 Epod.
1363 3850 1453 3911 ⁴3,
1489 3851 1537 3901 2.
1596 3850 1682 3900 Sic

640 3922 824 3975 Catull.
865 3925 946 3986 66,
983 3924 1072 3974 38:
1109 3926 1338 3975 dissolvo.

703 4019 752 4066 5.
776 4018 824 4066 6.
850 4018 988 4067 Veris
1002 4017 1242 4068 edomitus
1258 4032 1323 4069 eo
1337 4018 1679 4081 significatur,

641 4092 785 4156 quod
820 4093 1050 4153 Favonii,
1084 4095 1216 4142 veris
1246 4094 1446 4144 comites
1481 4093 1590 4157 (Od.
1629 4093 1678 4153 4,

642 4168 721 4226 ⁴2,
763 4167 829 4229 4.)
865 4167 994 4216 flatu
1027 4166 1394 4228 inhorrescunt,
1432 4181 1492 4218 se
1527 4166 1684 4218 attol-

638 4241 754 4291 lunt
787 4243 842 4291 et
875 4243 1112 4292 tremunt
1143 4239 1262 4292 solia
1299 4241 1519 4293 novella.
1564 4240 1686 4291 Vol-

1752 1929 1891 1991 garis
1927 1931 2073 1979 esset
2108 1929 2463 1979 constructio:
2500 1927 2671 1979 *folia
2712 1931 2796 1979 in-

1750 2004 2096 2063 horrescunt,
2148 2005 2294 2053 varie
2346 2005 2609 2066 agitantur
2653 2003 2796 2053 auris

1751 2079 1983 2128 vernis.»
2050 2078 2202 2127 Foliis
2251 2079 2335 2128 est
2390 2091 2547 2128 casus
2592 2080 2792 2127 sextus.

1751 2151 1897 2203 Plato
1947 2153 2001 2201 in
2049 2152 2258 2203 Anthol.
2304 2151 2412 2203 Pal.
2458 2154 2518 2202 Il.
2564 2165 2617 2216 p.
2671 2152 2792 2201 628:

1745 2221 2065 2290 Ὑψικομον
2119 2221 2276 2296 παρὰ
2341 2222 2508 2276 τάνδε
2563 2226 2797 2289 καθίζεο

1751 2296 2105 2367 φωνήεσσαν
2128 2300 2497 2370 Φρίσσουσαν
2531 2305 2799 2362 πυκινοτς

1750 2373 1939 2426 κῶνον
1994 2369 2110 2426 ὑπὸ
2167 2372 2452 2445 ζεφύροις.
2536 2376 2597 2425 In
2655 2377 2793 2426 coni.

1751 2450 1835 2502 illa
1865 2451 2033 2514 vem-is
2063 2451 2314 2501 inhorruit
2333 2450 2409 2501 Aa
2426 2454 2627 2500 ventum
2650 2449 2794 2500 hand

1752 2525 2025 2589 eleganter
2069 2538 2189 2576 sese
2233 2527 2485 2575 continuo
2527 2525 2799 2588 excipiunt

1751 2614 1912 2650 aurae
1946 2603 1999 2649 et
2030 2605 2221 2661 verim-s,
2255 2601 2422 2661 vepris
2455 2600 2510 2647 et
2528 2598 2699 2658 ruba-e,
2737 2597 2793 2647 id

1753 2673 1898 2739 quod
1930 2675 1982 2724 in
2020 2674 2228 2724 sincera
2269 2671 2527 2722 librorum
2568 2671 2796 2723 lectione

1751 2747 2073 2814 reprehendi
2108 2756 2215 2797 non
2248 2749 2451 2811 potest,
2507 2749 2563 2797 et
2594 2748 2795 2811 optime

1751 2838 1850 2888 per
1872 2836 1994 2874 eam
2025 2824 2198 2886 ipsam
2233 2820 2523 2885 explicatur
2548 2834 2799 2870 aurarum

1749 2904 1931 2959 metue,
1979 2910 2043 2947 ac
2088 2910 2222 2946 nova
2256 2896 2430 2961 imago
2477 2909 2648 2958 eaque
2683 2909 2800 2959 gra-

1751 2974 1957 3024 tissima
1987 2973 2121 3021 veris
2153 2972 2393 3020 adventus
2425 2970 2649 3021 accedit.
2693 2969 2800 3020 Dir-

1753 3046 2015 3098 ficultates
2050 3048 2230 3094 autem
2264 3058 2295 3094 a
2330 3043 2592 3094 nonnullis
2615 3058 2681 3094 ex
2713 3045 2799 3093 hi—

1753 3122 1913 3173 storia
1948 3133 2233 3171 cervorum
2266 3119 2488 3169 naturali
2530 3121 2710 3169 motae
2743 3119 2797 3169 in

1752 3197 1911 3261 poeta
1951 3196 2148 3259 respici
2194 3209 2298 3245 non
2350 3193 2564 3244 debent.
2638 3195 2799 3258 (Doe-

1753 3272 1952 3333 ringius
1987 3269 2205 3332 quidem
2242 3270 2379 3319 coni.
2417 3270 2583 3330 vepris
2632 3294 2687 3304 —-
2722 3267 2799 3317 Ad

1750 3351 1952 3395 ventum
1999 3345 2229 3394 maxime
2274 3345 2558 3407 propterea
2597 3340 2798 3406 proha-

1751 3421 1851 3481 vit‚
1893 3419 2135 3482 «quod»,
2172 3420 2365 3481 inquit,
2406 3414 2669 3467 «hinnulei
2690 3429 2799 3466 non

1754 3495 1856 3547 suh
1898 3495 2041 3544 veris
2084 3494 2342 3555 adventu,
2397 3492 2496 3543 sed
2538 3490 2638 3541 sub
2682 3491 2798 3540 eius

1754 3571 1879 3630 fine,
1915 3582 2103 3620 mense
2145 3569 2293 3619 Iunio
2341 3567 2562 3618 demum
2596 3569 2797 3616 matres

1753 3658 1878 3697 suas
1912 3645 2064 3708 sequi
2097 3642 2271 3693 solent
2303 3644 2440 3694 cet.»
2509 3640 2615 3691 Sed
2649 3642 2797 3690 recte

1752 3732 1914 3772 avum
1948 3720 2139 3769 refutat
2161 3715 2319 3781 Regel
2339 3718 2474 3767 haec
2497 3726 2796 3780 opponens:

1757 3795 1932 3847 «cervi
1966 3791 2196 3845 anniculi
2233 3805 2339 3842 non
2372 3792 2546 3855 primo
2570 3791 2793 3848 tantum,

1755 3883 1862 3933 quo
1896 3869 2206 3929 nascuntur,
2243 3878 2431 3917 mense
2457 3869 2685 3915 matrem
2707 3875 2799 3912 se-

1756 3947 2015 4008 quuntur,
2064 3943 2163 3993 sed
2212 3943 2392 3992 amant
2432 3943 2487 3990 et
2535 3940 2800 4004 quaerunt

1756 4019 1870 4069 eius
1912 4019 2252 4075 societatem,
2306 4019 2366 4065 ut
2406 4017 2553 4066 recte
2595 4013 2800 4064 monuit

1756 4093 1961 4154 Iamne,
2014 4105 2114 4156 per
2164 4090 2300 4141 duos
2351 4091 2404 4140 et
2452 4091 2563 4140 tres
2609 4098 2793 4138 annos.

1758 4166 1862 4218 Cir.
1908 4166 2050 4217 Oken
2102 4165 2538 4228 Nalm-geschichte
2577 4165 2682 4213 vn.
2737 4162 2793 4210 T.

1759 4239 1956 4301 4289»)
