3234 4975
668 392 792 456 210

1426 396 1676 445 ttORATu
1716 395 2050 445 CARMINUM

1250 941 2245 1004 CAR-mmm

1004 1113 1296 1178 Persicos
1344 1111 1448 1177 odi
1473 1164 1485 1185 ‚
1536 1132 1729 1198 puer,

1778 1122 2125 1198 apparatus
2148 1163 2159 1179 .

1004 1231 1351 1320 Displicent
1396 1253 1598 1298 nexae
1646 1231 1898 1321 philyra
1944 1252 2259 1311 coronae3

792 1413 1053 1463 xxxvtn.
1094 1415 1254 1461 lnscr.
1294 1410 1427 1473 volg.
1470 1414 1523 1460 et
1555 1411 1701 1460 BST:
1741 1412 1814 1460 Ad
1843 1424 2058 1472 puerum
2090 1412 2388 1459 ministr-mn.

728 1572 991 1621 xxxvtn.
1052 1571 1331 1620 Auctumni
1369 1574 1609 1632 tempore
1646 1582 1706 1619 se

665 1646 765 1695 sub
818 1645 1018 1695 trichila
1072 1657 1176 1694 uno
1221 1657 1389 1707 puero
1435 1657 1464 1693 a
1511 1644 1707 1705 cyatho

665 1722 858 1770 comite
909 1732 1014 1768 non
1079 1719 1258 1768 floreis
1310 1716 1549 1778 corollis,
1608 1715 1708 1768 sed

664 1797 841 1856 myrto
875 1793 1148 1843 dumtaxat
1170 1793 1477 1843 redimitum
1501 1794 1709 1856 potatu-

664 1882 783 1918 rum
818 1867 1089 1929 significat.
1161 1865 1442 1927 Consult0,
1495 1880 1558 1916 ac
1600 1880 1706 1916 non

662 1944 775 1993 sine
811 1941 1016 1991 occulta
1052 1941 1282 2004 quadam
1316 1942 1572 2009 εἰρωνείᾳ
1596 1943 1706 1990 tam

662 2014 883 2079 simplici
903 2016 1085 2065 odario
1103 2017 1333 2079 primum
1352 2015 1543 2066 librum
1566 2015 1708 2065 clau-

661 2093 795 2143 sisse
830 2090 1066 2151 videtur,
1114 2090 1282 2153 probe
1317 2104 1539 2154 gnarus,
1584 2090 1705 2139 talia

662 2178 907 2228 quoque,
957 2167 1056 2215 etsi
1092 2167 1296 2225 tenuia,
1346 2168 1494 2228 grato
1527 2166 1705 2214 animo

664 2242 980 2303 accepturos
1002 2254 1123 2289 esse
1146 2240 1428 2301 Romanos,
1455 2239 1524 2289 ad
1548 2253 1702 2302 quoS,

660 2326 830 2377 pauca
864 2326 989 2363 cum
1023 2316 1282 2364 tentasset
1314 2311 1565 2375 Catullus,
1602 2314 1709 2377 pri-

663 2402 781 2438 mus
823 2402 948 2439 cum
994 2389 1222 2438 maxime
1260 2387 1505 2438 melicam
1540 2391 1706 2438 Grae-

662 2476 849 2515 corum
889 2463 1076 2527 poesin
1123 2462 1491 2514 transferebat.
1563 2464 1706 2514 Con-

662 2537 798 2589 sulto
833 2540 995 2588 etiam
1030 2538 1354 2602 praecedere
1397 2540 1548 2589 iussit
1585 2552 1706 2588 car-

663 2626 786 2664 men
822 2627 948 2663 vere
990 2613 1217 2664 sublime
1263 2613 1704 2677 populariumque

661 2689 866 2739 animos
911 2688 1260 2738 admiratione
1310 2688 1701 2752 perculsumm.

662 2763 922 2814 Carminis
974 2765 1155 2812 autem
1205 2764 1353 2812 aetas
1409 2776 1506 2826 pro
1557 2763 1705 2811 certo

661 2837 868 2888 definiri
904 2838 1113 2900 nequit3
1151 2837 1220 2886 ad
1254 2851 1301 2886 a.
1337 2836 1555 2900 quidem
1586 2838 1700 2885 725.

662 2912 825 2961 refert
859 2911 1143 2960 Grotefend
1177 2915 1231 2961 et
1269 2910 1498 2969 Walck.,
1547 2910 1615 2960 ad
1654 2923 1701 2958 a.

662 2987 774 3036 729.
814 2985 1151 3035 Kirchnerus.

731 3060 777 3108 ⁴.
812 3059 1417 3123 Persicos--apparatusJ
1443 3058 1708 3109 Admonet

663 3146 761 3184 nos
792 3132 1082 3183 Lambinus
1116 3146 1315 3183 coenae
1351 3132 1709 3197 sumptuosis-

663 3209 831 3258 simae
868 3208 1156 3258 Pausaniae
1190 3208 1340 3257 iussu
1381 3209 1501 3271 post
1536 3208 1709 3255 victo-

664 3283 798 3332 riam
834 3280 1197 3331 Plataeensem
1230 3296 1261 3331 a
1292 3283 1464 3331 Persis
1489 3281 1707 3344 captivis

664 3359 882 3421 paratae
918 3359 973 3405 et
1003 3355 1071 3405 ab
1108 3354 1193 3406 illo
1231 3355 1458 3406 derisae.
1518 3357 1707 3406 Postea

665 3434 845 3482 tamen
888 3431 1033 3481 idem
1075 3431 1374 3493 epulabatur
1412 3444 1551 3480 moro
1586 3431 1709 3479 Per-

663 3520 839 3558 sarum
877 3507 1216 3568 laturiam,
1265 3521 1418 3569 quam
1458 3504 1545 3567 qui
1586 3505 1709 3554 ade-

664 3587 786 3632 rant
832 3581 1027 3643 perpeti
1070 3586 1287 3644 possent.
1360 3582 1518 3631 Corn.
1574 3582 1706 3643 Nep.

668 3657 821 3708 Paus.
860 3657 907 3707 3.
935 3656 1174 3721 Xenoph.
1202 3658 1399 3719 Cyrop.
1427 3655 1482 3716 8,
1521 3655 1578 3718 8,
1619 3655 1705 3703 ⁴5:

665 3725 814 3781 ἀλλὰ
851 3727 972 3796 μὴν
1013 3732 1112 3781 καὶ
1153 3725 1602 3800 θρυπτικώτεροί
1646 3743 1710 3795 γε

666 3804 771 3856 νῦν
805 3801 952 3856 πολὺ
988 3799 1029 3871 ἧ
1061 3805 1154 3856 ἐπὶ
1188 3802 1380 3875 Κύρου
1415 3805 1544 3854 εἰσί.
1588 3806 1711 3853 Per-

665 3882 793 3929 sicos
824 3883 1003 3931 autem
1037 3885 1318 3942 apparatus
1349 3880 1462 3943 ipse
1488 3878 1710 3929 fortasse

668 3954 875 4004 viderat
918 3956 970 4004 in
1020 3956 1258 4005 Phraatis
1308 3953 1427 4015 filii,
1480 3955 1570 4016 qui
1621 3954 1710 4003 diu

670 4029 834 4079 obses
868 4029 1066 4080 Romae
1090 4029 1258 4092 degit,
1296 4032 1351 4079 et
1372 4029 1424 4079 in
1447 4028 1708 4089 Tiridatis,

671 4106 761 4169 qui
807 4105 1042 4166 Augusto
1084 4102 1309 4168 supplex
1359 4116 1424 4153 eo
1466 4106 1708 4164 venerat,

671 4178 796 4229 luxu
839 4190 902 4227 ac
945 4190 1143 4242 pompa
1187 4177 1442 4228 orientali.
1502 4204 1556 4214 —
1609 4177 1709 4242 odi]

675 4253 917 4304 “Minime
975 4251 1036 4303 iis
1093 4250 1389 4303 delector.»
1454 4278 1507 4287 --
1564 4250 1708 4314 puer]

1785 1570 2111 1632 Frequenter
2144 1571 2220 1619 sic
2249 1568 2584 1632 pocillatores
2607 1584 2733 1622 suos
2757 1572 2829 1622 al·

1781 1641 2138 1706 loquebantur
2170 1645 2360 1705 Lyrici.
2399 1648 2587 1695 Anacr.
2629 1647 2708 1696 Fr.
2743 1647 2822 1695 62,

1783 1719 1871 1766 B.:
1911 1712 2038 1782 Ἄγε
2082 1715 2182 1781 δή,
2227 1719 2353 1788 φέρ’
2398 1713 2565 1784 ἡμίν,
2613 1710 2660 1767 ὦ
2695 1726 2825 1779 καῖ,

1781 1791 2052 1857 Κελέβην.

1847 1868 1893 1916 2.
1925 1868 2146 1931 philyra]
2186 1869 2495 1918 tenuissima
2531 1866 2669 1918 tiliae
2705 1882 2827 1918 cor-

1781 1940 1896 1989 ticis
1932 1941 2244 1991 membrana
2281 1943 2524 2002 interior,
2568 1955 2672 2005 qua
2705 1944 2827 1992 ute-

1781 2014 1976 2064 bantur
2009 2017 2060 2065 iu
2086 2016 2360 2066 nectendis
2385 2018 2614 2077 coronis,
2651 2018 2827 2067 varios

1779 2089 1902 2138 inde
1934 2088 2219 2141 lemniscos
2254 2092 2365 2141 sive
2402 2093 2605 2142 taenias
2640 2095 2827 2141 texen—

1781 2166 1878 2213 tes.
1933 2165 2235 2216 Pburnutus
2286 2180 2331 2216 c.
2383 2168 2473 2216 25:
2527 2162 2671 2237 πρὸς
2725 2162 2827 2229 τὰς

1779 2235 2082 2299 στεφανῶν
2149 2236 2367 2302 πλοκὰς
2442 2237 2687 2292 εἰώθασι
2751 2239 2821 2312 τῇ

1779 2309 1993 2382 φιλύρᾳ
2037 2311 2362 2384 κεχρῆσθαι
2405 2313 2648 2379 μᾶλλον.
2719 2318 2842 2367 Xe-·

1780 2388 2011 2437 narchus
2045 2388 2188 2452 apud
2221 2389 2413 2439 Athen.
2455 2392 2543 2449 ⁴5,
2581 2392 2670 2440 25:
2724 2391 2824 2444 Φι-

1780 2459 1954 2532 λύρας
1997 2458 2117 2522 εἶχε
2156 2457 2266 2549 2⁷⁶²?
2293 2458 2352 2514 Ὁ
2388 2470 2523 2528 ,ταῖς
2557 2458 2825 2528 ἄφυλλον

1778 2539 2069 2600 στέφανον
2135 2542 2579 2604 αμφικεὶμενον.
2666 2542 2816 2592 Ovid.

1783 2615 1914 2664 Fast.
1941 2614 1998 2673 5,
2037 2612 2163 2662 335:
2204 2613 2442 2675 Tempora
2474 2613 2699 2664 sutilibus
2720 2616 2824 2665 cin—

1778 2693 1967 2751 guntur
2006 2691 2112 2735 tota
2155 2690 2351 2736 coronis
2397 2689 2460 2736 Ec
2493 2689 2611 2738 latet
2645 2690 2826 2739 iniecta

1778 2762 2035 2824 splendida
2066 2774 2238 2810 mensa
2271 2776 2413 2822 rosa,
2449 2763 2634 2812 Ebrius
2661 2765 2825 2813 incin—

1779 2838 1870 2886 ctis
1893 2836 2100 2898 philyra
2132 2838 2344 2886 conviva
2375 2838 2569 2900 capillis
2600 2840 2781 2889 Saltat.

1846 2911 1893 2961 3.
1915 2909 1963 2960 4.
1989 2911 2145 2975 Mitte]
2169 2913 2391 2961 «Omitte
2412 2912 2703 2975 inquirere,
2731 2913 2824 2964 ubi

1780 2985 1881 3036 sub
1919 2985 2117 3034 exitum
2152 2988 2423 3036 auctumni
2456 3000 2611 3037 rosae
2642 2989 2827 3038 etiam-

1783 3073 1922 3109 nunc
1945 3058 2088 3122 apud
2112 3073 2430 3110 coronarum
2454 3060 2701 3125 propolas
2725 3061 2827 3124 (co-

1780 3134 2018 3183 ronarias
2059 3135 2225 3184 Inscr.
2273 3148 2344 3184 m.
2391 3135 2501 3185 Lat.
2553 3137 2612 3185 N.
2651 3135 2820 3196 4⁴72„

1779 3207 2076 3256 corollaria-5
2120 3209 2179 3257 N.
2226 3208 2394 3270 4473.)
2438 3209 2823 3272 reperiantur.»

1786 3309 1840 3319 —-—
1876 3294 1990 3330 sera
2019 3295 2140 3330 rosa
2171 3295 2418 3343 vernam,
2456 3296 2595 3345 quae
2630 3284 2823 3333 llorere

1783 3356 1938 3405 nimis
1971 3355 2171 3416 tardet,
2209 3359 2269 3406 ut
2301 3371 2472 3421 nuper
2505 3357 2723 3420 quidam
2749 3359 2826 3407 in-

1782 3432 2102 3493 terpretatus
2146 3434 2250 3490 est,
2299 3432 2595 3494 significare
2641 3433 2827 3495 nequit

1785 3505 1955 3568 (nimis
1990 3505 2131 3554 enim
2157 3505 2405 3568 ambiguo
2428 3506 2670 3572 ἐπιθέτῳ
2695 3520 2824 3557 usus

1783 3582 1927 3630 esset
1959 3580 2153 3643 poeta),
2193 3580 2290 3630 sed
2323 3581 2716 3631 auctumnalem
2738 3579 2824 3630 vel

1783 3654 2081 3705 hibernam.
2126 3656 2209 3704 Sic
2245 3656 2505 3706 Lucianus
2539 3656 2731 3719 Nigriu.
2769 3655 2819 3718 g.

1783 3727 1872 3777 3⁴:
1925 3724 2060 3791 τοὺς
2099 3731 2285 3793 μέσου
2328 3726 2614 3794 χειμῦνος
2656 3729 2825 3793 ἐμπι-

1783 3800 2109 3866 πλαμένους
2142 3798 2328 3873 ῥόδων
2360 3806 2460 3853 καὶ
2480 3800 2550 3853 τὸ
2574 3801 2823 3854 σπάνιον

1784 3873 1974 3928 αὐτῶν
2006 3883 2106 3928 καὶ
2140 3875 2295 3949 παρὰ
2327 3876 2531 3950 καιρὸν
2564 3872 2827 3946 ἀγαπῶν-

1785 3968 1902 4016 τας.
1941 3953 2046 4004 Cir.
2083 3952 2300 4004 Martial.
2339 3955 2399 4014 6,
2436 3956 2517 4005 80.
2555 3956 2608 4005 in
2641 3955 2827 4006 Domi-

1785 4028 1908 4077 tiani
1942 4026 2060 4077 villa
2084 4028 2257 4078 media
2289 4028 2465 4078 hieme
2493 4030 2676 4079 Tantus
2693 4029 2828 4078 voris

1782 4102 1934 4151 honos
1966 4107 2012 4151 et
2044 4104 2229 4152 odorae
2259 4103 2433 4165 qratia
2464 4103 2661 4164 Florae,
2701 4103 2828 4152 Tan-

1782 4181 1933 4238 taque
1950 4177 2181 4226 Paestani
2211 4177 2379 4240 gloria
2409 4178 2547 4227 nwis
2566 4184 2692 4228 erat.
2731 4179 2827 4226 Pa-

1784 4255 1933 4300 catus
1963 4251 2016 4300 in
2040 4253 2232 4315 Paneg.
2259 4252 2456 4302 Theod.
2487 4251 2575 4302 ⁴4:
2612 4252 2825 4302 Delicati
