3234 4975
1177 397 1292 447 LIB.
1333 397 1368 446 1.
1442 397 1499 445 C.

1538 397 1641 446 xv.
2476 396 2558 457 935

819 555 1088 630 VentOS,
1137 562 1205 617 ut
1247 562 1508 618 caneret
1569 552 1704 618 fera

649 677 894 742 Nereus
936 675 1091 740 sata:
1139 673 1298 739 Mala
1342 673 1527 740 ducis
1571 675 1672 739 avi
1720 673 2000 747 domum,
2517 676 2556 735 :5

656 799 860 876 Quam
902 794 1102 861 multo
1147 804 1396 882 repetet
1439 795 1709 861 Graecia
1751 794 1981 869 milite,

654 918 995 983 Coniurata
1036 926 1180 983 tuas
1221 936 1526 1004 rumpere
1568 916 1823 1004 nuptias

823 1041 896 1104 Et
939 1060 1208 1126 regnum
1253 1038 1485 1105 Priami
1530 1049 1734 1105 vetus.

657 1198 795 1263 Heu
843 1196 967 1264 heu
1013 1206 1290 1285 quantus
1334 1197 1547 1284 equiS,
1594 1207 1872 1284 quantus
1916 1198 2102 1265 adest
2143 1199 2296 1264 viris

650 1318 888 1384 Sudor!
935 1329 1174 1405 quanta
1216 1340 1439 1385 moves
1485 1319 1710 1385 funera
1752 1318 2092 1385 Dardanae

2477 1320 2560 1385 lo

652 1439 864 1506 Genti!
911 1441 1044 1506 Iam
1087 1439 1336 1528 galeam
1381 1438 1587 1505 Pallas
1633 1450 1697 1505 et
1738 1439 1969 1526 aegida

528 1630 577 1679 9.
616 1630 754 1679 Eheu
784 1628 951 1691 b,LCt
983 1632 1037 1679 et
1070 1628 1237 1680 Bentl.
1259 1667 1271 1691 ,
1308 1629 1483 1679 Euheu
1516 1642 1562 1679 c.

398 1796 621 1847 dentem
662 1798 856 1860 gestat,
911 1796 1055 1848 solus
1097 1798 1311 1861 praeter
1342 1797 1449 1845 Ne-

395 1874 630 1936 ptunum
645 1872 780 1921 inter
792 1871 925 1922 deos
943 1872 1193 1921 marinos.
1220 1871 1445 1921 T.Cx11.

404 1947 599 1996 CXXII.
626 1983 638 2005 ,
689 1947 741 1996 in
781 1959 886 2009 qua
913 1948 1137 1996 vocatur
1168 1937 1331 2006 ἅλιος
1362 1945 1450 2010 γέ-

403 2019 853 2145 ῗιῗντ.θέιὲιὲιέ.
876 2034 939 2131 ἶ-
965 2019 1444 2157 Ῐιῗέιὶιῖξιυῗὲζιὲἶ

399 2169 555 2218 Nem.
592 2169 642 2227 9,
679 2167 771 2219 44:
809 2165 1007 2219 αἰσιᾶν
1058 2162 1128 2219 οὗ
1179 2169 1302 2217 κατ’
1349 2161 1449 2238 ὀρ-

401 2244 597 2301 νίχων,
635 2244 870 2294 infaustis
894 2244 1158 2307 auspiciis
1196 2243 1292 2293 Od.
1320 2242 1370 2303 3,
1396 2242 1446 2303 3,

403 2316 462 2365 6:
499 2316 620 2367 alito
649 2318 865 2382 luyubm'.
918 2317 1273 2381 Epod.40,l:
1309 2316 1450 2367 mala

402 2390 537 2440 alito.
609 2394 805 2442 Contra
840 2391 1025 2443 Catuli.
1066 2393 1145 2451 64,
1178 2394 1270 2442 2οε
1320 2392 1450 2441 bona

400 2465 534 2516 alite.
607 2467 843 2531 Propert.
878 2466 926 2529 3,
968 2468 1048 2528 40,
1086 2469 1177 2517 44;
1229 2467 1450 2532 felicibus

404 2543 538 2592 edila
573 2542 727 2604 (nata)
757 2543 935 2604 pennas
964 2543 1206 2605 Cynthia.

468 2618 517 2666 7.
566 2617 859 2681 Coniurata]
891 2617 1119 2681 Copiose
1153 2618 1291 2667 hanc
1325 2631 1453 2667 con-

405 2692 720 2741 iurationem
778 2692 995 2754 exponit
1046 2692 1223 2756 Eurip.
1282 2693 1446 2756 Iphig.

405 2768 456 2816 in
487 2765 599 2816 Aul.
639 2767 719 2815 50.
758 2779 909 2854 seqq.
960 2764 1134 2815 Schol.
1164 2767 1349 2816 Venet.
1381 2766 1451 2815 ad

405 2840 531 2890 Iliad
586 2837 643 2900 β,
700 2839 854 2890 339:
900 2835 1016 2889 τῶν
1070 2836 1133 2903 ἐξ
1176 2835 1453 2902 Ἑλλάδος

405 2910 657 2985 ἀρίστων
691 2913 784 2964 ἐπὶ
816 2916 1133 2980 μνηστείαν
1155 2913 1260 2980 τῆς
1288 2910 1453 2967 Ἐλέ-

408 3005 513 3056 νης
559 2986 857 3059 παρόντων
900 2985 996 3039 διὰ
1039 2984 1109 3038 τὸ
1153 2991 1319 3055 γένος
1352 2991 1452 3041 καὶ

403 3060 472 3114 τὸ
517 3061 758 3125 κάλλος,
808 3060 1137 3134 Τυνδάρεως
1183 3059 1217 3113 ὁ
1264 3062 1453 3136 πατὴρ

402 3133 587 3226 αὐτῆς
634 3135 1118 3203 φυλασσόμενος,
1169 3137 1258 3204 μή
1315 3154 1453 3190 ποτε

403 3204 505 3263 ἕνα
526 3208 719 3263 αὐτῶν
741 3214 1051 3300 προκρίνας
1081 3209 1219 3277 τοὺς
1240 3208 1453 3277 ἄλλους

402 3284 653 3374 ἐχθροὺς
696 3284 1050 3353 ποιήσηται,
1098 3284 1296 3338 κοινὸν
1345 3282 1453 3339 αὗ-

400 3360 516 3412 τῶν
551 3357 755 3424 ἴλαβεν
789 3356 984 3433 ὅρκον,
1021 3379 1058 3427 η
1093 3359 1212 3428 μὴν
1234 3360 1313 3429 τῷ
1346 3361 1454 3429 λη-

403 3440 655 3503 ψομένῳ
703 3432 812 3502 τήν
867 3434 1044 3487 παῖδα
1092 3430 1453 3505 αδικουμένῳ

409 3514 534 3583 περὶ
569 3506 755 3578 αὐτὴν
789 3508 1020 3582 σφόδρα
1061 3508 1280 3575 πάντας
1312 3512 1453 3563 ἐπα-

401 3593 626 3652 μυνεῖν.
701 3584 913 3656 Διόπερ
961 3583 1228 3652 Μενελάῳ
1269 3583 1453 3654 αὐτὴν

407 3659 687 3712 ἐκδίδωσι·
724 3661 824 3710 καὶ
843 3663 965 3726 μετ’
992 3654 1061 3713 οὐ
1086 3657 1231 3712 πολὺ
1266 3656 1454 3733 ἁρπα-

404 3736 644 3802 σθείσης
696 3729 879 3800 αὐτῆς
929 3729 1044 3786 ὑπὸ
1089 3729 1416 3808 Ἀλεξάνδρο

406 3809 800 3898 ἐκοινώνησαν
873 3807 945 3881 τῇ
1025 3812 1295 3878 στρατείᾳ
1346 3752 1453 3862 διὰ

405 3880 543 3948 τοὺς
575 3887 924 3952 γενομένους
957 3877 1187 3955 ὅρκους.
1219 3879 1460 3956 ἱστορεῖ

405 3958 782 4031 Στησίχορος.
825 3988 880 3997 —-
923 3959 1159 4011 Alteram
1204 3961 1454 4009 coniura-

406 4035 604 4084 tionem
654 4036 914 4098 significat
959 4033 1094 4084 Dido
1134 4034 1276 4098 apud
1309 4035 1449 4098 Virg.

404 4112 535 4159 Aen.
568 4108 617 4169 4,
658 4108 785 4160 425:
834 4109 949 4159 Non
981 4122 1071 4172 ⁶9⁰
1108 4121 1222 4158 cum
1257 4110 1457 4159 Danais

410 4183 679 4233 Troianam
717 4184 1003 4233 &scindere
1043 4188 1236 4246 gentem
1279 4183 1456 4233 Aulida

407 4258 591 4306 intravi
665 4258 1020 4320 (constructio
1067 4257 1258 4307 eadem
1294 4259 1453 4307 etiam

1521 1795 1574 1844 in
1606 1807 1765 1859 prosa
1795 1808 1873 1845 or.
1911 1795 2011 1846 Sal.
2050 1797 2162 1847 Cat.
2194 1798 2276 1847 52.
2320 1798 2563 1846 coniura-

1517 1883 1635 1919 vere
1652 1871 1882 1931 patriam
1902 1871 2176 1921 mandore.
2217 1873 2322 1922 Liv.
2350 1874 2431 1931 22,
2458 1872 2561 1933 38.)

1583 1945 1633 1994 8.
1683 1945 1721 1994 Ε
1765 1944 1936 1996 verbo
1965 1960 2199 2008 rwnpere
2233 1946 2559 2009 (dissolvere,

1520 2018 1768 2068 dirimere
1818 2021 2027 2083 nuptias
2077 2019 2295 2084 illicitas)
2346 2020 2565 2071 elicien-

1520 2092 1650 2143 dum
1692 2096 2017 2143 «evertere»
2062 2109 2290 2160 regumn.
2361 2098 2560 2146 Seneca

1519 2168 1697 2217 tamen
1726 2168 1879 2218 Herc.
1916 2169 2014 2219 fur.
2042 2170 2132 2219 79:
2186 2172 2386 2221 Titanas
2419 2184 2567 2220 ausos

1517 2254 1800 2303 rumpere
1826 2244 2093 2306 imperium
2121 2246 2265 2294 Ῑουίε.

1585 2317 1633 2365 9.
1680 2317 1790 2366 Heu
1819 2318 1929 2382 heu]
1976 2319 2244 2370 Immerito
2279 2320 2341 2370 H.
2378 2320 2435 2368 P.
2471 2318 2567 2368 heu

1517 2390 1613 2439 heu
1640 2403 1737 2454 pro
1772 2404 1922 2442 mero
1939 2392 2273 2444 librariorum
2291 2405 2567 2443 commen-

1520 2465 1574 2514 to
1599 2463 1780 2526 habet,
1808 2479 1932 2517 cum
1962 2467 2204 2518 firmetur
2224 2481 2255 2518 a
2279 2466 2446 2518 Codd.
2474 2479 2567 2517 an-

1520 2540 1844 2602 tiquissimis.
1876 2544 2072 2592 -viris
2103 2542 2286 2606 Sudor]
2322 2542 2463 2592 Iliad.
2501 2539 2561 2601 β,

1521 2613 1646 2663 388:
1686 2610 1915 2684 ἱδρώσει
1945 2617 2054 2680 μέν
2088 2631 2183 2666 τευ
2206 2612 2467 2681 τελαμών
2486 2642 2565 2654 --

1522 2684 1750 2759 ἱδρώσει
1799 2687 1861 2741 δέ
1893 2704 1989 2740 τευ
2024 2689 2213 2753 ἵππος.
2286 2691 2565 2741 «Imitatus

1523 2767 1606 2813 est
1645 2765 1836 2815 Statius
1870 2764 2034 2814 Theb.
2080 2766 2127 2828 3,
2166 2767 2290 2817 24οε
2341 2768 2568 2827 Quantus

1521 2838 1661 2900 equis
1720 2844 2030 2902 quantusque
2088 2841 2214 2890 viris
2259 2841 2315 2890 in
2359 2840 2568 2903 pulvere

1521 2927 1692 2963 crasso
1725 2914 1963 2964 Sudor-l»
1998 2916 2183 2965 Bam-1..

1590 2989 1669 3037 40.
1715 2990 2006 3049 «Quantam
2036 2988 2243 3040 cladem
2278 3001 2567 3054 praeparas

1523 3063 1831 3114 Troianisb»
1899 3066 1984 3115 Sic
2029 3063 2123 3115 Od.
2169 3063 2217 3124 4,
2251 3066 2299 3125 4,
2332 3066 2393 3114 2;
2441 3064 2569 3113 bella

1521 3151 1704 3187 moves.
1774 3137 1938 3188 Plaut.
1986 3139 2245 3203 Amphitr.
2298 3141 2348 3199 4,
2385 3140 2433 3199 4,
2469 3137 2562 3189 40:

1521 3213 1684 3262 multa
1733 3213 1955 3263 Tiuebano
1983 3214 2133 3275 poplo
2176 3213 2360 3263 acerba
2397 3212 2570 3262 obiecit

1518 3287 1721 3349 honera.
1763 3314 1817 3323 —-
1853 3289 2105 3337 Dardana
2134 3301 2253 3352 qens
2294 3300 2393 3351 pro
2424 3288 2570 3336 Dar-

1524 3362 1715 3422 dania,
1750 3363 1809 3411 ut
1842 3362 2017 3412 Carm.
2050 3375 2158 3412 sec.
2195 3362 2286 3413 47:
2337 3362 2565 3412 Romula.

1592 3436 1671 3485 44.
1710 3435 1906 3499 aegida]
1931 3435 2084 3500 Apud
2104 3437 2395 3486 Homerum
2419 3435 2569 3500 αἰγὶς

1526 3515 1608 3561 est
1641 3512 1777 3561 Iovis
1813 3509 2042 3575 clipeus,
2075 3524 2184 3574 quo
2209 3511 2372 3560 utitur
2403 3512 2571 3559 inter-

1526 3586 1657 3635 dum
1686 3586 1846 3635 etiam
1881 3587 2142 3646 Minerva,
2191 3584 2333 3635 Iliad.
2369 3598 2414 3645 ε,
2451 3583 2565 3633 738.

1526 3673 1754 3723 eamque
1778 3661 2213 3723 significationem
2237 3659 2452 3708 retinuit
2473 3658 2572 3707 Se-

1526 3748 1661 3784 neca
1696 3736 1849 3784 Herc.
1887 3734 1985 3785 fur.
2020 3735 2143 3784 905:
2192 3733 2429 3798 belliqem
2449 3733 2570 3783 Pal-

1524 3811 1619 3871 las,
1655 3810 1797 3858 cuius
1826 3810 1881 3858 in
1910 3809 2058 3858 lawa
2088 3809 2181 3857 ciet
2212 3808 2359 3872 Aeyis
2385 3809 2575 3872 seroces

1525 3898 1613 3933 oro
1645 3885 1855 3947 savineo
1884 3883 2065 3932 minas,
2114 3884 2412 3933 Posterior-e
2439 3885 2574 3933 tem-

1526 3972 1659 4023 pore
1704 3960 1788 4008 est
1834 3957 2098 4007 Minervae
2143 3954 2324 4017 lorica,
2360 3959 2422 4007 ut
2462 3958 2568 4018 hie,

1527 4033 1595 4082 de
1645 4045 1751 4096 qua
1800 4030 1949 4082 locus
1981 4033 2152 4082 exstat
2198 4032 2480 4096 primarius
2518 4032 2571 4081 iu

1526 4109 1707 4171 Eurip.
1756 4109 1881 4157 Ione
1924 4120 1975 4156 v,
2011 4107 2147 4169 996„
2193 4107 2341 4157 Ovid.
2368 4107 2490 4156 Met.
2517 4106 2567 4167 6,

1525 4183 1619 4232 78:
1659 4181 1751 4231 ubi
1798 4181 1899 4231 dea
1947 4181 2049 4233 sibi
2081 4181 2173 4231 dat
2201 4181 2430 4243 clipeum,
2475 4180 2572 4228 ha-

1524 4262 1674 4318 stam,
1710 4256 1935 4321 quletum
1970 4256 2249 4320 defenditur
2278 4256 2452 4318 aegide
2474 4267 2573 4316 po-
