3234 4975
1159 409 1278 458 LlB.
1317 410 1355 458 1.
1428 410 1486 459 C.
1525 409 1698 459 xvnl.

2445 403 2565 470 447

412 563 545 631 Sub
587 562 808 630 divum
853 564 1118 652 rapiam.
1207 565 1416 631 Saeva
1461 572 1609 630 tene
1655 583 1802 628 cum
1844 563 2230 652 Berecyntio

415 686 629 753 Cornu
673 696 1005 774 tympana,
1053 690 1223 773 quae
1268 685 1688 773 subsequitur
1730 704 1965 751 caecus
2008 686 2202 750 Amor
2244 685 2362 761 sui,

411 809 487 874 Et
527 806 755 875 tollens
800 828 1076 875 vacuum
1118 806 1263 895 plus
1306 807 1503 873 nimio
1549 805 1763 874 Gloria
1806 805 2144 882 verticem,

2486 806 2566 872 ⁴5

542 1026 621 1076 43.
659 1026 796 1075 dium
829 1023 1135 1076 Glareanus.
1179 1051 1231 1061 -
1266 1023 1383 1074 bens
1414 1023 1610 1085 munnio
1633 1022 1688 1071 Τ.
1732 1048 1786 1059 -
1812 1023 1890 1073 45.
1918 1021 2172 1072 Excellens
2193 1023 2325 1072 Pott.
2353 1024 2504 1086 quat?

476 1103 629 1161 tuor,
669 1101 901 1150 Attollens
944 1101 1076 1150 Pott.
1113 1098 1169 1160 4,
1219 1099 1278 1159 9,
1325 1097 1615 1149 Glareanus
1660 1100 1715 1148 et
1764 1097 2193 1161 Cuninghamius.
2248 1097 2503 1161 (Ettollens

476 1188 583 1225 uno
619 1178 801 1225 tenore
835 1174 911 1237 Τ.)

409 1368 529 1433 lego
577 1372 770 1420 conatu
815 1382 1007 1420 arcana
1065 1372 1154 1420 tua
1209 1371 1261 1420 in
1311 1370 1454 1421 cistis

411 1444 651 1507 mysticis
686 1447 916 1509 reposita
949 1445 1204 1518 etym-iis
1243 1443 1454 1507 (nomb-

410 1517 556 1582 λοις)
630 1520 803 1571 omnis
875 1520 1085 1583 generis
1157 1518 1450 1579 frondibus,

413 1595 678 1658 pampinis
733 1596 962 1644 maxime
1018 1596 1178 1656 atque
1234 1592 1450 1653 hedera,

412 1668 644 1718 involuta
666 1708 677 1729 ‚
716 1682 780 1718 ex
813 1670 876 1719 iis
908 1680 1154 1734 promam
1188 1670 1243 1717 et
1272 1667 1360 1716 sub
1383 1668 1457 1716 di-

409 1756 561 1804 m,
613 1742 821 1794 caelum
866 1746 1139 1808 apertum,
1185 1744 1235 1793 in
1276 1743 1455 1807 profa-

411 1830 603 1868 norum
652 1819 812 1869 etiam
861 1820 1211 1881 conspectum
1253 1819 1459 1881 protra-

411 1891 605 1951 ham-3
641 1892 784 1955 quod
820 1895 870 1942 in
904 1893 1062 1956 orgiis
1091 1906 1155 1941 ac
1186 1891 1455 1954 mysteriis

412 1965 744 2018 celebrandis
776 1965 1089 2031 inexpiabile
1125 1970 1238 2016 erat
1260 1965 1453 2027 scelus,

411 2043 472 2091 nt
519 2041 738 2092 Penthei
787 2042 929 2106 apud
967 2043 1190 2092 Theocr.
1233 2042 1315 2099 26,
1365 2041 1452 2090 43;

413 2110 524 2165 σόν
555 2117 600 2164 τ’
650 2112 891 2186 ἐτάραξε
936 2113 1255 2182 μανιώδεος
1289 2109 1457 2186 ὄργια

410 2185 667 2249 Βάκχου.
717 2191 901 2241 catull.
939 2191 1161 2256 Epithal.
1199 2194 1253 2242 P.
1282 2196 1337 2241 et
1359 2192 1451 2242 Th.

411 2264 536 2315 259:
581 2266 708 2315 Pars
734 2265 946 2315 obseura
981 2267 1118 2315 cavis
1148 2267 1458 2318 celebrabant

412 2340 564 2404 omia
589 2341 741 2401 cistss,
771 2341 947 2404 Orgia,
983 2355 1112 2403 quae
1134 2343 1330 2405 fnestra
1366 2357 1458 2392 cu-

409 2416 561 2478 piunt
587 2416 764 2465 audire
785 2416 1007 2478 profani.
1078 2417 1256 2479 Imago
1293 2419 1455 2468 cistae

416 2491 704 2541 Bacchicae
751 2491 1009 2555 frondibus
1047 2492 1231 2542 obsitae
1269 2497 1350 2544 est
1400 2495 1456 2544 in

411 2566 580 2617 Musei
627 2564 908 2615 Borbouici
952 2565 1066 2615 Vol.
1113 2567 1217 2617 VII.
1259 2569 1317 2618 T.
1370 2568 1451 2619 36.

410 2642 586 2691 Plantas
628 2641 895 2703 remidius
935 2642 1085 2690 cistas
1126 2641 1258 2692 tales
1301 2647 1459 2693 vocat

411 2712 586 2763 Valet.
623 2713 791 2765 Flacc.
827 2716 878 2776 2,
912 2716 1026 2765 267.
1077 2717 1253 2766 Inerat
1288 2718 1339 2767 in
1373 2718 1455 2768 his

414 2790 701 2853 praecipue
734 2784 961 2857 δράκων
981 2827 996 2850 ,
1031 2783 1228 2860 ὄργιον
1259 2789 1458 2842 Διονύ-

414 2877 525 2913 σου
557 2857 1184 2936 Βασσάρου--ροιαὶ-
1208 2867 1304 2916 καὶ
1337 2864 1455 2932 μή·

413 2952 592 3000 κωνες
622 2936 742 2988 κτλ.
813 2938 1058 2991 Clemens
1091 2939 1235 2991 Alex.
1282 2944 1451 2992 Protr.

413 3025 469 3077 p.
508 3013 587 3061 49.
619 3013 752 3063 Item
784 3009 1008 3076 φάλλος
1038 3013 1260 3067 velatus.
1297 3016 1454 3069 Millin

414 3086 529 3137 Gal.
564 3088 720 3149 Myth.
763 3087 844 3149 64,
880 3088 995 3139 243.

482 3160 561 3210 43.
596 3161 698 3211 Sub
725 3162 909 3227 divina]
945 3161 1023 3213 Al.
1044 3162 1133 3213 sub
1154 3165 1307 3215 dium.
1350 3166 1454 3217 Sed

415 3234 575 3285 etiam
626 3236 678 3285 in
730 3236 837 3286 Cic.
894 3237 1047 3288 Verr.
1090 3241 1214 3289 Ace.
1265 3240 1312 3299 4,
1372 3241 1452 3291 49.

415 3309 688 3373 Zumptius
753 3324 877 3362 cum
936 3312 1104 3363 Codd.
1159 3314 1456 3378 antiquiore

416 3383 781 3446 scripturasub
802 3387 933 3447 divo,
971 3385 1036 3437 al.
1064 3386 1153 3437 sub
1174 3389 1272 3449 dio,
1311 3390 1457 3453 quod

413 3458 662 3524 praetulit
703 3462 947 3510 Garaton.
994 3488 1049 3498 —
1101 3462 1281 3526 Saeva]
1327 3477 1458 3528 pro-

414 3537 539 3598 pter
568 3533 855 3584 terribilem
889 3547 1100 3585 sonum.
1146 3536 1285 3600 Virg.
1322 3540 1452 3587 Aen.

415 3608 468 3669 9,
511 3607 631 3659 648:
690 3623 843 3658 saeva
888 3610 1148 3660 sonoribus
1193 3624 1357 3661 mma.
1398 3639 1453 3648 -

418 3682 541 3747 tone]
575 3684 765 3734 Nescio
798 3684 1071 3747 quomodo
1093 3685 1312 3736 Vossius
1341 3699 1460 3736 ver-

415 3758 532 3806 tere
549 3758 804 3820 potuerit:
839 3759 1457 3810 HenmttmirdenLorm!

415 3832 596 3881 nomm
610 3830 990 3894 berwyntisches
1003 3834 1144 3883 Hom
1164 3836 1268 3884 und
1293 3836 1461 3885 Trom-

416 3907 695 3970 malama!
725 3908 878 3971 quasi
909 3906 1120 3959 sodales
1143 3906 1454 3973 alloquatur.

417 3981 512 4031 Est
543 3982 743 4045 potius:
781 3982 991 4032 «Sedtu
1014 3995 1249 4046 quoque,
1280 3983 1456 4046 Liber,

418 4055 647 4116 contine,
680 4056 891 4118 cohibe,
929 4058 1167 4121 tempera
1200 4071 1460 4109 cornuum

417 4131 735 4195 strepitum»
778 4133 879 4181 cet.
899 4169 911 4190 ,
955 4131 1008 4181 id
1042 4133 1141 4192 est,
1196 4132 1338 4183 «noli
1379 4135 1461 4184 ni-

419 4206 518 4256 mis
550 4207 789 4257 mentem
823 4208 1058 4258 nostram
1083 4209 1366 4268 concitare,
1393 4221 1461 4258 ne

419 4280 468 4331 in
502 4279 739 4331 furorem
778 4282 880 4331 acti
920 4294 1016 4333 eos
1049 4282 1104 4332 in
1137 4295 1348 4333 errores
1381 4282 1464 4332 in—

1528 1367 1769 1418 cidamus
1790 1407 1802 1429 ,
1862 1381 1999 1432 quos
2043 1370 2222 1420 statim
2269 1371 2564 1427 enumerat,

1526 1440 1868 1504 φιλαυτίαν,
1935 1444 2185 1507 alodarii,
2250 1445 2565 1507 iactantiam,

1526 1511 1851 1568 ἀπιστίαν.»
1881 1544 1936 1553 -
1978 1519 2283 1582 Berecyntio]
2325 1521 2367 1570 Α
2406 1521 2571 1570 Bere-

1528 1596 1711 1657 cynto,
1748 1593 2007 1655 Phrygiae
2032 1597 2239 1654 monte,
2276 1594 2367 1643 ubi
2397 1594 2572 1658 Cybe-

1526 1667 1606 1719 les
1636 1680 1786 1719 sacra
1821 1667 2016 1720 eodem
2053 1680 2160 1731 quo
2193 1670 2383 1720 Bacchi
2426 1672 2571 1733 orgia

1527 1743 1707 1793 furore
1742 1743 1920 1807 peragi
1956 1741 2216 1794 solebant.
2282 1745 2487 1795 Cornua
2519 1747 2570 1796 in

1526 1816 1942 1868 Bacchanalibus
1990 1816 2153 1868 habet
2191 1819 2348 1869 etiam
2384 1819 2569 1871 Catull.

1528 1891 1563 1942 l.
1600 1891 1634 1941 l.
1671 1905 1725 1942 V.
1757 1891 1882 1942 263:
1917 1892 2089 1943 Multis
2116 1896 2406 1945 raucisonos
2433 1896 2575 1959 emo-

1528 1968 1649 2017 bant
1686 1980 1879 2016 cornua
1910 1966 2136 2027 bombos‚·
2185 1982 2292 2032 quo
2338 1983 2402 2019 ex
2450 1969 2571 2021 loco

1529 2042 1616 2091 hic
1646 2054 1862 2104 quoque
1895 2056 2055 2091 cornu
2088 2042 2266 2093 malim
2311 2044 2571 2108 explicare

1528 2116 1824 2173 Blasehorn,
1879 2130 2039 2179 quam
2067 2130 2190 2168 cum
2223 2116 2335 2167 aliis
2369 2118 2437 2169 de
2477 2134 2572 2169 κε-

1528 2186 1810 2261 ρασφόρῳ
1843 2183 2000 2257 αῠλῷ
2016 2228 2030 2251 ,
2069 2190 2191 2241 tibia
2222 2193 2445 2256 Phrygia
2477 2209 2572 2259 ag-

1530 2264 1783 2328 glutinato
1819 2279 1984 2315 cornu
2012 2266 2080 2316 ad
2113 2279 2305 2317 sonum
2346 2282 2571 2334 exaspe-

1529 2340 1777 2390 randum.
1848 2340 2059 2389 Lucian.
2114 2339 2245 2390 Dial.
2282 2343 2441 2393 Deor.
2481 2345 2568 2394 ⁴2:

1530 2406 1565 2463 ὁ
1595 2411 1659 2464 δὲ
1692 2407 1861 2464 αὐλεῖ
1886 2411 1964 2481 τῷ
1996 2414 2209 2486 κέρατι.
2256 2415 2403 2466 Ovid.
2432 2418 2567 2469 Fast.

1530 2488 1578 2550 4,
1602 2489 1690 2539 484
1714 2503 1725 2536 :
1745 2490 1977 2539 Protinus
1997 2491 2181 2554 inflexo
2202 2491 2491 2553 Berecyntia
2512 2494 2574 2542 tt-

1529 2564 1784 2613 biacornu
1799 2564 1973 2614 mabit.
2002 2566 2124 2616 Met.
2146 2565 2195 2624 3,
2216 2565 2340 2615 533:
2377 2569 2572 2618 adunco

1526 2639 1650 2688 tibia
1696 2652 1870 2687 cornu.
1941 2638 2043 2688 Sed
2091 2639 2336 2691 Horatius
2379 2642 2466 2690 vix
2506 2644 2572 2692 ti—

1529 2712 1673 2763 biam
1737 2711 2047 2778 simpliciter
2098 2726 2258 2762 cornu
2304 2719 2569 2778 vocasset,

1528 2791 1587 2837 ut
1622 2787 1745 2837 iecit
1776 2800 1904 2836 sane
1932 2786 2195 2838 Iuvenalis
2219 2789 2269 2848 2,
2298 2789 2388 2838 90:
2423 2792 2576 2853 qemit

1526 2863 1606 2912 hic
1637 2861 1842 2911 tibicina
1871 2875 2044 2911 cornu.

1595 2937 1675 2986 45.
1728 2936 1960 3000 vacuum]
2015 2938 2203 3001 «caput
2252 2939 2425 2998 inane,
2477 2953 2573 2990 va-

1529 3025 1710 3062 num.»
1770 3012 2023 3074 Loquitur
2055 3025 2182 3074 ergo
2212 3012 2279 3062 de
2313 3027 2447 3063 vana
2480 3016 2576 3064 ho-

1529 3088 1735 3136 minum
1753 3084 2048 3148 volgarium
2066 3087 2323 3148 iactantia,
2351 3090 2440 3152 qui
2464 3089 2575 3139 fru-

1530 3163 1640 3211 stra
1690 3161 1758 3212 de
1825 3161 1934 3211 suis
1994 3161 2196 3211 meritis
2258 3161 2569 3226 gloriantur;

1534 3236 1827 3296 «otiosum,
1904 3235 1997 3298 qui
2063 3234 2338 3287 nullodum
2390 3236 2573 3288 labore

1530 3309 1751 3373 gloriam
1800 3312 2030 3361 meruit»
2086 3309 2418 3373 (Doederlein
2467 3312 2574 3362 He-

1528 3389 1647 3448 ptas
1695 3385 1755 3433 N.
1795 3385 1873 3434 ⁴2.
1917 3397 1969 3448 p.
2011 3383 2101 3446 4.),
2148 3385 2442 3448 significare
2488 3387 2570 3436 vix

1528 3462 1731 3523 potest:
1784 3473 1908 3509 nam
1942 3459 2087 3522 quod
2137 3462 2459 3510 contrarium
2494 3461 2575 3509 vi-

1532 3534 1688 3584 detur
1734 3534 1875 3597 apud
1917 3533 2064 3583 Ovid.
2115 3536 2264 3584 Pont.
2307 3535 2357 3593 2,
2398 3535 2446 3594 7,
2484 3535 2573 3584 77:

1530 3609 1787 3659 Sustineas
1810 3614 1867 3659 ut
1893 3623 2018 3659 onus
2032 3647 2051 3671 ,
2102 3610 2359 3658 nitendum
2394 3609 2577 3659 vertice

1521 3685 1672 3747 pleno
1703 3689 1801 3744 est,
1827 3684 1891 3733 At
1917 3684 2049 3748 flecti
2077 3696 2255 3732 nervos
2284 3684 2325 3731 si
2351 3684 2574 3743 patiare,

1530 3760 1691 3820 cadet,
1736 3759 1790 3808 id
1825 3759 2021 3808 Horatii
2065 3771 2226 3806 vacuo
2267 3758 2441 3808 vertici
2474 3760 2576 3808 mi-

1531 3836 1674 3885 nime
1742 3834 2059 3898 opponitur,
2130 3844 2255 3882 cum
2321 3832 2580 3894 significet

1536 3908 1825 3958 «verticem
1892 3905 2141 3957 omnibus
2204 3906 2313 3956 suis
2376 3906 2578 3957 viribus

1534 3983 1968 4040 contendentem,
2006 3983 2065 4030 ut
2094 3992 2230 4030 onus
2269 3981 2578 4031 sustineat.»

1540 4087 1593 4095 —
1623 4058 1741 4120 plus
1772 4056 1941 4119 nimio]
1975 4048 2280 4126 ὑπεράγαν.
2352 4056 2443 4105 Est
2476 4057 2579 4106 iam

1534 4132 1678 4197 apud
1727 4129 1968 4182 Plautum
2015 4130 2115 4181 Mil.
2167 4129 2243 4180 Gl.
2282 4131 2332 4192 Ξ,
2376 4131 2425 4189 6,
2466 4131 2575 4178 406.

1536 4205 1728 4257 Bacch.
1769 4206 1826 4265 4,
1875 4206 1935 4266 2,
1983 4204 2064 4256 42.
2117 4206 2239 4255 Erat
2271 4206 2430 4254 etiam
2463 4216 2580 4254 ser—

1537 4282 1712 4333 monis
1745 4280 2007 4331 cotidiani.
2063 4281 2318 4330 Antonius
2361 4277 2428 4327 ad
2469 4279 2577 4329 Cic.
