3234 4975
1163 386 1281 435 LIB.
1323 387 1360 434 1.
1434 386 1492 435 C.
1531 386 1685 435 xvn.

2453 383 2563 450 w

1001 541 1185 607 Ruris
1229 540 1548 606 honorum
1591 540 1894 628 opulenta
1937 562 2157 607 cornu.

829 699 947 764 Hic
993 699 1055 763 in
1100 699 1367 766 reducta
1409 699 1574 766 valle
1626 698 1971 766 Caniculae

826 819 1065 886 vitabis
1110 830 1327 887 aestus
1371 833 1435 888 et
1479 820 1607 889 fide
1654 823 1808 889 Te‘i‘a

911 942 1104 1009 Dices
1146 941 1517 1010 laborantes
1564 944 1627 1009 in
1680 965 1811 1009 uno

997 1064 1362 1153 Penelopen
1404 1046 1805 1153 vitreamque
1850 1065 2109 1144 Circen;

2485 1068 2571 1132 20

826 1223 944 1289 Hic
987 1223 1341 1290 innocentis
1387 1224 1621 1312 pocula
1662 1224 1878 1292 Lesbii

536 1422 614 1471 49.
653 1423 822 1473 Diaces
851 1418 920 1486 δὲ·
952 1425 1008 1472 et
1037 1438 1074 1472 κ
1108 1434 1219 1473 sec.
1260 1435 1338 1472 m.

399 1573 589 1634 pterea
611 1573 843 1631 secreta,
880 1572 1118 1632 sinuosa,
1149 1571 1446 1622 flexuosa.»

400 1646 486 1693 Sic
520 1646 684 1695 etiam·
713 1644 879 1709 Epod.
906 1647 957 1707 2,
991 1647 1070 1696 44.
1106 1646 1247 1709 Virg.
1276 1647 1369 1695 Ge.
1395 1644 1444 1705 4,

403 1717 519 1769 420.
557 1723 687 1769 Aen.
726 1720 774 1780 9,
812 1720 927 1770 703.
965 1723 1094 1770 Aen.
1131 1721 1182 1781 8,
1218 1722 1340 1771 598:
1376 1721 1452 1769 lu-

398 1807 514 1842 cum
563 1795 782 1856 undique
832 1795 976 1844 colles
1017 1796 1262 1845 Ine-lusere
1315 1797 1445 1844 cavi.

400 1868 615 1918 «Verba
664 1882 787 1920 cum
835 1883 893 1919 re
941 1872 1234 1934 composita
1283 1882 1446 1934 saepe

397 1943 696 2006 significant
728 1944 783 1994 id
803 1984 815 2007 ,
853 1944 1000 2007 quod
1033 1958 1252 1994 cursum
1286 1958 1446 1994 suum

397 2022 584 2078 mutat,
622 2032 652 2068 a
684 2023 832 2069 recto
860 2020 1046 2069 itinere
1081 2019 1343 2077 deflectit;
1370 2020 1446 2068 sic

394 2094 625 2156 refusus,
659 2095 943 2143 reductus.»
995 2094 1231 2156 Wagner
1257 2092 1325 2143 ad
1348 2096 1440 2143 Ge.

395 2168 455 2227 2,
513 2167 626 2217 463.
723 2169 802 2218 De
852 2169 1011 2219 totius
1069 2167 1232 2219 silvae
1290 2169 1445 2218 huius

397 2244 568 2290 tmctu
617 2255 740 2292 cum
790 2243 962 2292 fructu
1001 2242 1247 2294 consules
1285 2243 1445 2294 Eich—

396 2315 628 2366 holzium
673 2317 814 2381 apud
852 2318 1200 2368 Feam—Bothe
1233 2331 1286 2381 p.
1326 2319 1438 2369 482.

399 2419 454 2427 -
487 2390 600 2454 fide]
639 2390 791 2454 «lyra
826 2392 973 2451 Teia,
1024 2406 1055 2441 a
1087 2393 1195 2442 Teo
1218 2431 1229 2447 .
1265 2395 1441 2442 Ioniae

392 2464 557 2523 urbe;
611 2469 694 2516 est
741 2467 922 2529 igitur:
979 2465 1339 2519 «carminibus
1390 2470 1444 2517 et

395 2540 595 2600 modiS,
651 2542 743 2603 qui
790 2544 1169 2592 Anacreonteis
1217 2544 1320 2592 sint
1368 2544 1443 2593 si-

395 2614 603 2666 miles.»
671 2618 906 2665 Fuerunt
940 2618 1128 2677 (Acron
1161 2617 1230 2667 ad
1263 2618 1360 2668 Od.
1388 2617 1437 2677 4,

395 2691 444 2751 9,
465 2690 553 2751 9.),
590 2691 681 2753 qui
716 2691 1008 2753 cogitarent
1030 2691 1097 2741 de
1120 2691 1297 2755 aliquo
1317 2697 1442 2743 tunc

394 2768 521 2815 noto
555 2766 788 2815 carmine
828 2768 1173 2816 Anacreontis
1205 2766 1289 2816 vel
1307 2769 1444 2818 Ana-

396 2841 699 2898 creontico,
753 2852 860 2903 quo
909 2839 1209 2892 celebratae
1261 2846 1450 2892 essent·

397 2913 660 2978 Penelope
679 2917 734 2964 et
751 2916 901 2965 Circe
936 2916 1219 2966 laborantes
1249 2930 1438 2979 more,

392 2981 561 3058 ἔρωτι
613 2987 932 3050 πονοῦσαι,
985 3004 1168 3042 amore
1220 2991 1442 3054 flagran-

397 3066 477 3114 tes
527 3065 581 3112 in
621 3078 723 3113 ano
763 3064 1063 3129 eodemque
1100 3065 1258 3117 Ulixe.
1327 3069 1438 3116 Nec

393 3152 524 3188 vero
559 3137 928 3202 explicandum
979 3140 1047 3189 de
1101 3141 1212 3204 ipsa
1234 3179 1246 3201 ,
1298 3154 1435 3205 quae

395 3226 665 3276 nunquam
704 3215 897 3264 vixisse
935 3213 1172 3275 videtur,
1225 3216 1438 3277 Tynda-

393 3288 506 3337 ride
523 3290 724 3352 poetria
739 3326 751 3348 ‚
787 3292 846 3338 ut
864 3287 1018 3339 nobis
1036 3293 1249 3338 narrant
1266 3292 1437 3339 Inter-

392 3367 571 3426 pretes
589 3378 600 3422 ;
628 3363 727 3414 sed
743 3376 894 3413 mera
911 3363 1124 3413 videtur
1138 3366 1436 3424 φαντασία

394 3438 617 3502 poetica.
654 3438 736 3488 Ad
769 3439 970 3488 variam
1003 3436 1285 3488 lectionem
1306 3453 1438 3489 non-

391 3511 653 3563 nullorum
693 3512 862 3563 Codd.
915 3513 1085 3561 Disce-³
1124 3512 1437 3563 Oudendor-

391 3586 508 3649 pius
572 3586 797 3650 putabat
858 3588 1128 3651 pertinere
1202 3586 1434 3649 glossam

392 3661 599 3712 Comm.
648 3664 838 3725 Cruq.:
896 3662 1267 3725 «Repromittit
1299 3664 1436 3712 ami-

392 3748 486 3784 cae
519 3737 572 3785 in
603 3736 771 3799 agello
820 3750 919 3789 suo
968 3750 1027 3787 se
1060 3735 1288 3799 lyricum
1323 3750 1438 3786 car-

392 3824 516 3860 men
549 3810 1008 3862 decantaturum.»

455 3886 535 3935 20.
585 3886 817 3950 vitreavit]
869 3888 1067 3951 quippe
1101 3899 1237 3950 quae
1273 3900 1434 3950 nym-

388 3962 493 4025 pha
525 3962 728 4011 marina
750 3999 762 4022 ‚
814 3965 958 4011 certe
1007 3961 1230 4012 insulam
1280 3961 1434 4011 habi-

389 4037 531 4094 tans,
600 4035 670 4085 ab
736 4049 907 4099 aquae
963 4036 1141 4087 colore
1197 4030 1428 4103 ὖαλινῳ,

389 4109 653 4160 caeruleo.
725 4111 820 4160 Od.
872 4109 921 4170 4,
966 4113 1016 4172 2,
1055 4111 1113 4161 3:
1156 4113 1315 4162 vitreo
1348 4137 1377 4147 -
1409 4136 1434 4148 -

383 4191 550 4247 ponto.
624 4186 707 4234 Sic
740 4188 884 4237 certe
919 4187 1124 4250 accepit
1162 4188 1267 4238 iam
1300 4187 1428 4236 Stat.

389 4260 508 4311 Silv.
566 4261 614 4320 4,
657 4260 706 4319 3,
750 4261 839 4311 85:
890 4262 1056 4310 vitrea
1098 4262 1222 4324 iaqa
1269 4261 1434 4311 Circes

1522 1574 1578 1620 et
1612 1573 1660 1631 4,
1697 1573 1746 1632 5,
1787 1574 1875 1623 ⁴5:
1911 1575 1997 1635 lte,
2030 1575 2152 1624 deae
2181 1576 2567 1639 virides,lic1ui-

1520 1646 1706 1706 dosquo
1758 1648 1999 1697 advertito
2039 1649 2202 1699 voltus
2248 1651 2315 1700 Et
2351 1651 2568 1701 vitreum

1519 1722 1701 1769 teneris
1759 1723 1947 1772 crinem
2006 1725 2235 1774 redimite
2303 1726 2565 1786 corymbis.

1522 1794 1708 1856 Neque
1744 1795 2103 1847 obliviscenda
2127 1799 2323 1860 Thetis,
2356 1799 2566 1851 Achillis

1518 1874 1684 1917 mater
1709 1872 1943 1922 caerulea
1972 1872 2138 1936 Epod.
2179 1872 2257 1933 43,
2297 1873 2375 1923 46.
2435 1876 2568 1924 Pro-

1519 1945 1656 2004 pert.
1712 1945 1761 2004 2,
1800 1945 1847 2005 9,
1886 1948 1965 1996 45.
2014 1945 2266 1997 Claudian
2303 1951 2360 1999 R.
2412 1951 2561 2000 Pros.

1519 2017 1568 2075 2,
1620 2017 1710 2066 53:
1769 2033 1915 2070 soror
1950 2022 2099 2070 viu-ei
2144 2022 2385 2073 libamina
2420 2030 2567 2085 potat

1522 2090 1691 2140 Uber-is
1732 2093 1800 2154 (h.
1854 2093 1888 2144 l.
1944 2095 2193 2158 Thetyis).
2265 2098 2363 2157 Qui
2397 2098 2566 2162 expli-

1518 2168 1667 2214 cant:
1714 2168 2018 2230 «nitentem,
2057 2171 2337 2222 candidam
2358 2186 2422 2222 ac
2444 2186 2566 2236 pro-

1515 2244 1701 2305 pterea
1736 2243 2079 2305 formosam‚»
2118 2251 2429 2311 comparant
2456 2249 2564 2297 Ru-

1516 2316 1608 2365 fini
1656 2316 1783 2367 illud
1831 2317 2042 2368 Anthol.
2096 2318 2254 2370 Palat.
2297 2322 2337 2370 Ι.
2378 2335 2431 2384 p.
2471 2322 2560 2371 97:

1517 2384 1757 2457 ὄμματα
1786 2391 1897 2457 μὲν
1929 2389 2172 2463 χρύσεια
2193 2395 2292 2444 καὶ
2315 2389 2563 2445 ὖαλόεσ-

1516 2481 1596 2517 σα
1630 2462 1855 2536 παρειή.
1926 2468 2139 2520 Minime
2183 2471 2365 2521 autem
2395 2471 2563 2521 inter-

1514 2543 1712 2604 pretari
1772 2555 2086 2605 possumus:
2159 2543 2435 2608 «fragilem
2492 2547 2561 2608 (in

1513 2616 1733 2676 amore),
1763 2616 2027 2666 infidam.»
2068 2619 2404 2682 Comparatio
2427 2621 2562 2671 haec

1514 2689 1783 2752 aliquanto
1817 2692 1983 2752 magis
2017 2693 2319 2742 nostrarum
2356 2692 2562 2756 lingua-

1512 2777 1634 2814 rum
1667 2764 1826 2814 indoli
1856 2768 2130 2828 repugnat,
2164 2778 2325 2828 quam
2359 2781 2448 2818 vv,
2477 2783 2564 2818 ro-

1511 2852 1653 2900 seus,
1694 2839 1969 2901 eburneus,
2006 2853 2337 2903 mmoreus,
2367 2844 2557 2906 niveus,

1511 2927 1542 2962 a
1569 2915 1741 2977 poetis
1776 2915 1976 2978 tropice
2016 2917 2286 2978 usurpata.
2356 2918 2560 2967 Recor-

1512 2988 1641 3038 dare
1663 2989 1851 3038 vitrum
1874 2992 1999 3038 tunc
2018 2990 2185 3040 rarius
2203 2993 2256 3039 et
2273 2992 2559 3055 pretiosius

1511 3063 1673 3113 fuisse
1707 3076 1867 3126 quam
1902 3076 2044 3114 nunc
2093 3067 2190 3114 est.
2262 3065 2559 3130 Penelopae

1509 3138 1798 3188 maerentis
1847 3139 2021 3202 imago
2061 3141 2145 3189 est
2176 3139 2230 3187 in
2258 3138 2558 3190 Raoul-Ro-

1510 3212 1688 3263 chette
1716 3213 1852 3263 Mon.
1889 3214 2022 3263 inea.
2058 3215 2098 3263 1.
2137 3213 2193 3263 T.
2231 3213 2314 3275 32,
2353 3215 2399 3263 4.

1572 3363 1657 3412 24.
1720 3361 2006 3426 innocentis]
2059 3360 2232 3411 «lenis
2283 3363 2339 3411 et
2399 3365 2557 3426 caput

1507 3438 1726 3487 minime
1772 3435 2091 3498 laedentiS,»
2130 3437 2275 3499 quod
2309 3435 2430 3486 ideo
2458 3449 2558 3500 per

1505 3515 1768 3562 aestatem
1799 3511 2073 3575 potabant.
2111 3512 2265 3574 Prop.
2295 3511 2341 3571 4,
2382 3509 2462 3570 ⁴4,
2502 3511 2550 3559 2.

1504 3585 1760 3646 Λέσβιον
1810 3583 2069 3657 οἰνάριον
2115 3585 2327 3634 vocavit
2380 3583 2555 3634 Alexis

1506 3662 1744 3711 comicus
1772 3661 1915 3724 apud
1948 3661 2137 3710 Athen.
2177 3659 2223 3720 4,
2257 3658 2339 3708 22.
2373 3660 2428 3706 et
2456 3658 2557 3708 Eu-

1505 3735 1664 3786 bulus
1691 3736 1890 3786 ibidem
1924 3732 2176 3793 Λέσβιον
2209 3732 2451 3802 γέροντα
2471 3746 2558 3782 νε-

1504 3807 1889 3881 κταροσταγῆ.
1940 3811 2032 3860 Est
2063 3801 2420 3873 ἀπόφθεγμα
2441 3807 2555 3858 Ari-

1505 3885 1707 3937 stotelis
1745 3884 1886 3949 apud
1915 3882 2041 3932 Gell.
2082 3882 2163 3943 43,
2196 3884 2252 3932 5:
2310 3883 2555 3933 Rhodium

1503 3965 1552 4009 σι
1573 3960 1801 4009 Lesbiam
1827 3959 2007 4019 oppido
2041 3957 2239 4019 bonum,
2269 3958 2355 4007 sod
2378 3951 2554 4022 ἡδίων

1505 4029 1540 4083 ὁ
1573 4031 1844 4094 Λέσβιος.
1929 4033 2136 4095 Longus
2180 4035 2319 4083 Past.
2358 4031 2419 4093 4,
2458 4032 2548 4081 4οε

1505 4100 1577 4173 ἢν
1611 4108 1674 4158 ἐν
1707 4113 1832 4168 τοῖς
1863 4103 2070 4177 δώροις
2101 4108 2202 4156 καὶ
2223 4101 2552 4170 ἀνθοσμίας

1504 4179 1665 4245 οἶνος
1713 4179 1965 4245 Λέσβιος
1983 4219 1998 4242 ,
2055 4179 2310 4247 ποθῆναι
2352 4177 2551 4231 κάλλι-

1503 4272 1644 4320 στος
1677 4253 1852 4319 οἶνος.
