3234 4975
637 398 762 463 550

1402 400 1658 449 HORATII
1695 399 2030 454 CARMmUM

1059 554 1230 621 Fana
1275 555 1437 620 deos
1480 552 1770 620 habuere
1815 565 2057 628 rectos,

885 714 1182 801 Dixitque
1227 712 1485 780 tandem
1530 712 1817 800 perfidus
1864 712 2206 781 Hannibal:

889 834 1108 909 Cervi,
1156 834 1453 922 luporum
1498 834 1739 920 praeda
1786 834 2147 921 rapacium,

2720 838 2802 898 ἓξ

971 957 1306 1022 Sectamur
1348 954 1545 1032 ultro,
1594 977 1763 1043 quos
1807 956 2064 1042 opimus

1056 1075 1304 1143 Fallere
1346 1086 1411 1143 et
1454 1074 1742 1164 effugere
1785 1089 1886 1144 est
1927 1076 2306 1164 triumphus,

892 1237 1096 1314 GenS‚
1158 1256 1328 1324 quae
1372 1247 1657 1303 cremato
1701 1236 1880 1302 sortis
1926 1235 2007 1301 ab
2053 1234 2167 1300 llio

888 1358 1125 1423 lactata
1168 1357 1391 1424 Tuscis
1438 1355 1834 1444 aequoribus
1879 1377 2067 1424 sacra

970 1479 1297 1566 Natosque
1341 1487 1762 1565 maturosque
1815 1488 2032 1564 patres

2722 1480 2762 1542 25!

2765 1480 2805 1540 QG

767 1647 849 1697 49.
889 1661 983 1710 que
1016 1661 1123 1698 om.
1162 1649 1219 1699 Τ.
1262 1677 1315 1684 -
1353 1648 1562 1698 annibal
1594 1662 1640 1697 c.
1685 1675 1740 1685 —
1776 1648 1857 1698 54.
1901 1648 2078 1712 Tuscis]
2114 1650 2212 1698 uois
2244 1649 2300 1697 T.

638 1802 803 1854 multa
837 1804 946 1855 Liv.
984 1806 1075 1866 22,
1129 1806 1187 1855 9:
1243 1805 1503 1857 Hannibal
1537 1807 1689 1856 Prae-

638 1879 891 1928 tutianum
959 1880 1376 1941 Hadrianumque
1463 1894 1684 1944 aarum,

639 1954 839 2003 Marsos
878 1954 992 2003 inde
1022 1956 1440 2017 Marrucinosque
1476 1961 1523 2005 et
1563 1955 1690 2004 Peli-

638 2040 764 2089 anos
828 2028 1056 2077 devastat
1119 2029 1354 2091 circaque
1411 2030 1572 2092 Arpos
1642 2036 1689 2079 et

644 2102 912 2151 Luceriam
948 2104 1242 2164 praa-imam
1283 2103 1495 2166 Apuliae
1525 2106 1691 2168 reqio-

641 2188 770 2225 nem.
809 2202 864 2213 -
902 2177 1135 2239 mnata]
1168 2177 1221 2227 h.
1260 2176 1293 2227 l.
1333 2178 1402 2229 de
1436 2177 1578 2230 bello
1611 2180 1690 2230 in-

641 2250 941 2310 terneciuo,
1017 2253 1077 2301 ut
1125 2251 1376 2302 dicebant
1422 2255 1690 2303 multum

638 2323 870 2374 Italicum
891 2361 903 2385 ‚
942 2326 1207 2377 Gallicum.
1257 2328 1366 2377 Cic.
1395 2327 1522 2378 Phil.
1548 2330 1607 2389 8,
1638 2329 1684 2378 4.

641 2399 852 2462 gravius
881 2401 1145 2450 mulam
1178 2415 1279 2451 esse
1318 2417 1473 2464 quam
1512 2402 1691 2451 bellum

645 2471 994 2526 demonstrat.
1038 2504 1092 2512 —
1142 2478 1320 2539 rectos]
1356 2475 1686 2538 «simulacra,

645 2559 783 2609 quae
818 2549 1092 2599 deiecerat
1125 2551 1411 2612 Hannibal,
1458 2554 1689 2616 reposita

644 2622 694 2671 in
753 2621 915 2674 bases
974 2637 1101 2676 suas
1149 2626 1201 2675 in
1261 2629 1690 2689 perpetuumque

645 2698 887 2747 restituta
922 2702 1096 2750 sunt.»

709 2770 791 2821 49.
827 2773 1070 2836 Dixitque
1090 2777 1308 2837 tandem]
1346 2778 1452 2825 Liv.
1479 2777 1562 2837 27,
1589 2775 1644 2825 54
1675 2790 1686 2823 z

650 2847 702 2895 C.
754 2847 993 2898 Claudius
1040 2851 1212 2899 consul
1248 2864 1362 2900 cum
1413 2852 1465 2899 in
1520 2855 1688 2898 castra

642 2921 877 2982 redisset,
948 2928 1102 2984 caput
1144 2924 1479 2973 Hasdrubalis
1497 2963 1508 2983 ,
1562 2926 1693 2985 quod

647 2999 902 3044 servatam
934 3009 1049 3044 cum
1097 3010 1225 3046 cura
1278 2999 1534 3059 attulerat,
1563 3012 1692 3059 pro-

648 3068 733 3116 iici
773 3074 892 3118 ante
932 3070 1144 3120 hostium
1187 3073 1423 3122 ¹stationes
1451 3074 1696 3134 captivos-

650 3154 744 3202 que
773 3141 952 3205 Arme,
986 3145 1141 3194 vincti
1168 3150 1227 3195 ut
1257 3152 1427 3207 erant,
1481 3148 1690 3207 ostendi,

651 3217 775 3265 duos
822 3216 977 3266 etiam
1024 3231 1091 3268 ex
1138 3220 1202 3269 iis
1265 3222 1448 3271 solutos
1494 3223 1570 3271 ire
1627 3224 1696 3271 ad

648 3290 981 3341 Hannibalem
1001 3297 1047 3342 et
1068 3306 1391 3356 expromere,
1429 3309 1561 3357 quae
1579 3302 1698 3345 acta

652 3369 837 3426 essent,
874 3365 1030 3415 iussit.
1082 3368 1338 3418 Hannibal
1373 3374 1513 3420 tanto
1550 3371 1700 3420 simul

644 3439 845 3501 publico
914 3441 1261 3505 familiarique
1338 3444 1464 3494 ictus
1533 3446 1694 3505 luctu,

654 3528 923 3579 aynoscere
970 3528 1021 3565 se
1065 3517 1323 3578 fortunam
1370 3520 1700 3583 Karthaffi'nis

654 3590 817 3652 fertur
856 3590 1055 3639 divisse.
1106 3619 1159 3627 —
1214 3592 1464 3655 perfidus]
1524 3593 1699 3642 Livius

653 3664 737 3723 Ἢ,
759 3663 807 3714 4.
841 3665 1108 3728 perfidiam
1137 3666 1251 3727 plus
1283 3680 1437 3728 quam
1458 3668 1700 3717 Punicam

658 3739 707 3787 ei
742 3737 941 3788 tribuit.
980 3740 1044 3789 Et
1076 3741 1291 3790 omnino
1306 3742 1552 3805 perfidias,
1587 3755 1704 3804 per-

654 3814 814 3873 iurus,
852 3812 1157 3864 Hannibalis
1180 3814 1416 3865 ἐπίθετα
1437 3818 1561 3866 sunt
1582 3828 1704 3879 pro-

1759 1802 1807 1853 δ’
1853 1798 1987 1855 ὥστ’
2041 1798 2252 1867 ἔλαφοι
2313 1803 2471 1870 τῆσδ’
2531 1805 2808 1872 ἐνέμοντο

1762 1878 1988 1942 πόλεος.
2033 1909 2087 1916 -
2124 1882 2389 1930 Sec-tamor
2408 1880 2562 1942 ultro]
2599 1881 2808 1930 «Caeco

1761 1955 1961 2018 impetu
1986 1954 2194 2018 abrepti
2218 1968 2312 2005 eos
2334 1954 2722 2017 aggredimur.»
2750 1982 2804 1991 —

1761 2029 1969 2093 opivnus]
2023 2030 2252 2088 Memor,
2304 2029 2642 2090 invidetur,
2697 2029 2808 2079 sor-

1763 2103 1939 2153 mulae
1965 2101 2126 2162 illius,
2163 2105 2332 2165 opima
2353 2104 2540 2164 spolia,
2566 2104 2806 2167 opimum

1762 2178 2088 2241 triumphum
2136 2189 2273 2226 nove
2309 2177 2437 2226 dixit
2468 2191 2567 2241 pro
2603 2178 2811 2239 magni-

1763 2252 1863 2302 fico
1898 2254 1952 2301 et
1985 2250 2332 2314 amplissimo.

1828 2326 2035 2376 53-56.
2075 2326 2224 2387 Gens]
2258 2327 2397 2389 Virg.
2441 2327 2572 2375 Aen.
2612 2327 2666 2385 4,
2707 2325 2804 2374 67:

1764 2402 1894 2451 Gens
1940 2400 2148 2449 inantea
2194 2400 2317 2448 mihi
2355 2399 2659 2460 Tyrrhenum
2707 2412 2808 2447 na—

1760 2477 1902 2540 viyat
1935 2488 2158 2536 aequor,
2195 2474 2342 2524 Ilium
2374 2475 2428 2523 in
2460 2473 2661 2526 Italiam
2687 2486 2814 2534 por-

1762 2556 1877 2599 tans
1928 2550 2180 2609 victosque
2233 2550 2453 2598 Penates.
2516 2576 2572 2584 —
2636 2547 2807 2610 fortis]

1764 2624 2210 2686 «haudquaquam
2275 2624 2556 2686 perterrita
2606 2623 2810 2685 patriae

1764 2697 2021 2747 excidio.»
2089 2698 2250 2759 Iunge
2307 2710 2430 2747 cum
2480 2710 2530 2745 v.
2573 2697 2805 2758 per-toute,

1764 2784 1861 2835 pro
1914 2783 2152 2821 «summa
2199 2770 2501 2820 tortitudine
2545 2771 2808 2821 advexit.»

1765 2848 1841 2896 De
1877 2848 2026 2908 Rooy
2059 2846 2127 2895 ad
2161 2843 2377 2895 Martial.
2416 2858 2469 2908 p.
2511 2845 2620 2896 444.
2677 2857 2810 2893 oon-

1766 2921 1947 2970 iieiens
1977 2920 2271 2981 fortiorllio
2294 2922 2348 2968 et
2371 2921 2593 2982 iungens
2615 2919 2811 2967 iactata

1763 3008 1918 3043 sacra
1951 3006 2292 3057 nequaquam
2327 2993 2696 3043 animadvertit
2739 2987 2811 3041 τὸ

1766 3066 1999 3137 κύριον,
2059 3067 2316 3132 populum
2368 3068 2696 3126 Romanum,
2757 3070 2812 3115 et

1768 3148 1952 3193 tonsae
1989 3142 2119 3192 ilicis
2143 3143 2426 3205 imaginem
2450 3154 2659 3191 summa
2684 3154 2809 3190 cum

1767 3221 1880 3267 arte
1916 3231 1945 3267 a
1988 3220 2145 3281 poeta
2192 3217 2329 3265 inter
2370 3229 2430 3266 se
2472 3215 2716 3265 connecti
2757 3218 2814 3263 et

1768 3293 1919 3356 quasi
1953 3293 2005 3341 in
2040 3302 2208 3341 unum
2242 3289 2508 3340 confundi.
2550 3316 2606 3326 —
2641 3289 2810 3349 sacra]

1767 3368 1983 3416 Vestam
2020 3367 2075 3414 et
2107 3366 2349 3414 Penates.
2415 3363 2554 3425 Virg.
2589 3363 2721 3412 Aen.
2761 3365 2809 3419 4,

1770 3442 1849 3490 68.
1891 3440 1995 3490 Cir.
2019 3438 2144 3489 ibid.
2170 3439 2203 3489 2
2220 3477 2231 3499 ,
2257 3438 2378 3488 293:
2418 3438 2586 3487 Sacra
2606 3450 2816 3498 suosque

1768 3516 1856 3565 tibi
1886 3515 2196 3565 commendat
2231 3514 2378 3563 Troia
2398 3514 2726 3563 Pmatesoet.
2754 3540 2808 3548 -—

1767 3588 2106 3653 maturosque]
2140 3591 2199 3638 Α.
2237 3589 2292 3636 Ρ.
2323 3587 2451 3636 4⁴5:
2489 3588 2819 3648 Matura-sque

1769 3678 1936 3714 senex.
1975 3664 2116 3725 virg.
2155 3664 2284 3712 Aen.
2323 3664 2381 3720 5,
2421 3661 2670 3710 73:11002·
2705 3674 2818 3710 ma·-

1771 3744 1914 3788 turus
1943 3737 2147 3787 Acestes.

1839 3813 1920 3862 57.
1974 3811 2054 3861 58.
2109 3810 2277 3874 tonsa]
2331 3808 2466 3859 «Ilex
2503 3810 2665 3859 ramis
2699 3820 2818 3858 am-

656 3900 725 3950 pe
759 3886 983 3938 stabilia.
1054 3890 1246 3939 Statius
1281 3887 1401 3937 Silv.
1439 3888 1499 3948 4,
1538 3888 1595 3947 3,
1633 3890 1698 3938 5;
1775 3886 1969 3949 putatis
2004 3883 2193 3934 laetius
2228 3881 2500 3949 pullulat.»
2553 3884 2694 3945 virg.
2722 3884 2813 3932 Ge.

658 3964 760 4012 Nec
781 3963 889 4012 dun
910 3965 1103 4013 advena
1129 3964 1387 4026 peierante
1417 3963 1537 4013 bello
1561 3963 1706 4013 Cmn-
1775 3962 1832 4019 2,
1860 3960 1989 4011 368:
2031 3958 2260 4022 (vitibus)
2296 3963 2400 4007 nnn
2421 3958 2610 4021 stt-inae
2628 3968 2816 4015 comas,

654 4050 818 4100 panos
850 4039 1011 4099 quatit
1041 4039 1289 4099 inquietus
1322 4051 1492 4102 a9ros.
1568 4037 1700 4087 Ibid.
1778 4041 1882 4084 tum
1912 4034 2121 4083 brachia
2152 4034 2311 4082 tonde.
2363 4061 2416 4068 —
2459 4031 2674 4096 Niqrae]
2710 4028 2815 4080 Cl'r.

662 4112 719 4172 6,
768 4111 860 4159 77:
930 4114 1235 4175 periuroque
1301 4126 1411 4163 ense
1469 4113 1710 4174 superbus
1780 4109 1875 4158 od.
1912 4111 1968 4167 4,
2005 4109 2095 4169 2⁴,
2131 4108 2179 4156 7.
2234 4106 2328 4156 od.
2364 4106 2426 4165 4,
2456 4107 2546 4165 42,
2576 4107 2653 4154 44.
2693 4104 2744 4153 Ιι.
2783 4102 2817 4152 Ι.

658 4185 930 4235 Hannibal.

726 4260 791 4310 50
809 4287 838 4296 -
854 4260 933 4311 52.
974 4260 1133 4323 Cervi]
1157 4261 1417 4323 Theognis
1441 4262 1530 4313 56:
1556 4256 1705 4324 Ἒξω

1782 4184 1849 4233 de
1893 4183 2035 4235 silvis
2083 4183 2265 4234 densis
2310 4184 2364 4231 et
2413 4180 2611 4245 opacis.
2669 4177 2817 4227 Pind.

1783 4260 1933 4323 Pyth.
1975 4260 2029 4319 4,
2066 4258 2164 4309 28:
2211 4250 2350 4307 Οῑον
2384 4252 2591 4317 Αἴτνας
2624 4252 2685 4303 ἐν
2717 4264 2824 4319 ,με-
