3234 4975
1220 434 1420 485 LIBER.
1495 436 1690 485 CARM.
1728 437 1815 486 Vl.

774 589 931 653 Nam
976 587 1186 675 qualis
1233 599 1341 655 aut
1384 588 1702 655 Molossus
1747 599 1857 656 aut
1901 589 2108 657 fulvus
2152 594 2399 668 Lacon,
2565 618 2604 655 ε)

2481 440 2604 501 685

2569 597 2598 614 υ

854 708 1075 776 Amica
1117 709 1215 775 vis
1259 710 1668 797 pastoribus,

772 830 970 915 Agam
999 817 1134 915 ⁸per
1177 827 1336 895 altas
1386 850 1544 897 aure
1589 829 1841 898 sublata
1885 832 2105 906 nives,

859 950 1303 1037 Quaecunque
1354 951 1706 1037 praecedet
1747 952 1911 1018 sera:

769 1070 896 1146 Tu,
945 1090 1093 1135 cum
1134 1070 1418 1137 timenda
1461 1092 1624 1139 voce
1669 1072 2001 1160 complesti
2050 1096 2315 1151 nemus,

858 1192 1220 1256 Proiectum
1264 1190 1559 1260 odoraris
1605 1194 1841 1274 cibum.

2521 1198 2600 1262 1¹0

776 1312 979 1386 Cave,
1027 1331 1218 1377 cave:
1271 1332 1552 1399 namque
1599 1314 1663 1378 in
1706 1314 1911 1381 malos
1956 1319 2354 1404 asperrimus

858 1432 1084 1497 Parata
1131 1430 1282 1497 tollo
1327 1453 1614 1508 cornua,

769 1552 992 1631 Qualis
1036 1552 1404 1641 Lycambae
1449 1565 1707 1642 spretus
1751 1555 1946 1622 infido
1991 1579 2192 1642 gener

857 1676 979 1739 Aut
1022 1693 1174 1740 acer
1217 1674 1417 1740 hostis
1460 1674 1726 1761 Bupalo.

558 1843 606 1891 ὅ.
643 1842 774 1891 Laco
807 1843 865 1891 B.
907 1870 961 1878 —
999 1843 1048 1892 8.
1077 1845 1351 1905 praecedat
1384 1842 1551 1893 Codd.
1599 1843 1746 1908 apud
1779 1845 1968 1906 Feam,
2020 1846 2254 1907 procedet
2296 1859 2326 1896 e
2363 1847 2529 1898 Codd.

494 1914 736 1964 eiusdem
769 1915 956 1965 Bothe.
996 1916 1075 1978 (Ut
1109 1930 1234 1976 nos,
1270 1915 1456 1978 BbSc.)

427 2065 548 2114 gam
594 2054 883 2103 coniecta.»
944 2054 1042 2114 Qui
1085 2056 1265 2104 autem
1313 2054 1468 2118 sugit,

419 2128 677 2186 praecedit
710 2128 1098 2189 insequentem.
1159 2129 1224 2177 Et
1254 2130 1474 2191 propter

427 2200 530 2274 [προ
587 2202 642 2247 et
693 2202 914 2264 propter
969 2200 1152 2260 Codd.,
1190 2200 1472 2250 meliorum

427 2273 794 2322 auctoritatem
830 2272 1180 2322 reiiciendum
1205 2275 1468 2334 procedet,

428 2344 673 2395 «obviam
708 2344 827 2404 ibit,
872 2358 1086 2395 mecum
1120 2347 1469 2409 pugnatura»,

425 2420 485 2467 ut
498 2417 697 2467 volunt.
719 2417 915 2468 Saltem
939 2415 1313 2481 explicandum
1337 2420 1468 2469 erat:

429 2492 691 2558 «prodibit
741 2506 772 2542 e
805 2491 970 2542 lustro
1009 2504 1157 2542 suot»
1226 2494 1305 2543 De
1340 2506 1473 2544 con-

425 2568 715 2617 structione
755 2566 919 2629 Aqam
946 2593 977 2603 -
998 2593 1029 2603 -
1064 2580 1386 2629 quaecunque
1409 2580 1466 2629 p.

421 2642 536 2704 fera
569 2639 705 2690 conf.
745 2638 910 2703 Epod.
948 2641 1007 2700 2,
1045 2638 1125 2689 37.

490 2715 537 2764 9.
593 2715 672 2764 ⁴0.
735 2713 834 2775 Tu]
888 2714 1007 2763 «Tu
1057 2716 1269 2776 contra,
1324 2716 1471 2765 canis

424 2788 637 2850 ignave,
693 2800 820 2837 cum
853 2787 945 2836 diu
979 2786 1313 2851 multumque
1356 2789 1471 2838 ina-

424 2862 562 2911 niter
593 2859 791 2911 latrasti
839 2858 1228 2911 formidabilem
1263 2862 1316 2911 in
1349 2875 1471 2912 mo-

424 2934 572 3006 dum,
611 2938 792 2984 tamen
827 2933 949 2983 cibo
983 2934 1076 2984 tibi
1111 2934 1323 2986 obiecto
1357 2938 1471 2986 sta-

422 3009 516 3058 tim
559 3008 779 3072 oupidas
825 3021 982 3058 nares
1017 3007 1273 3059 admoves
1308 3010 1467 3073 atque

422 3082 750 3133 obmutescis
771 3098 783 3143 ;
803 3100 828 3126 n
908 3081 1124 3145 dempta
1197 3083 1423 3146 imagine
1453 3097 1464 3131 :

423 3155 626 3219 «lingua
672 3169 936 3220 perquam
981 3158 1260 3220 promptus
1305 3170 1365 3208 es
1400 3157 1469 3207 ad

421 3228 550 3281 alios
586 3229 918 3281 contumeliis
964 3228 1279 3282 lacerandos
1302 3269 1314 3291 ,
1369 3230 1466 3281 sed

420 3316 644 3353 munere
679 3302 858 3353 oblato
894 3301 1029 3353 illico
1073 3305 1272 3354 taces.»
1346 3302 1468 3354 Bel-

420 3375 530 3425 lum
565 3378 650 3426 est
697 3376 824 3427 illud
859 3377 1071 3428 Catonis
1114 3378 1354 3428 Censorii
1398 3377 1466 3428 de

421 3451 487 3500 M.
515 3449 691 3499 Caelio
725 3450 867 3514 apud
902 3450 1030 3501 Gell.
1066 3453 1120 3513 ⁴,
1161 3453 1250 3502 45:
1289 3453 1467 3502 Fmsto

413 3523 566 3584 panis
598 3524 807 3572 conduci
830 3528 1017 3586 potest,
1052 3525 1130 3573 vel
1161 3526 1237 3573 uti
1270 3529 1464 3586 taceat,

417 3597 497 3646 vel
525 3597 602 3645 uti
648 3597 903 3657 loquatur.
945 3624 999 3633 —
1036 3597 1328 3660 Proiectum]
1380 3598 1467 3648 hic

419 3671 590 3736 prima
630 3670 1036 3734 significatione,
1086 3672 1194 3721 «ita
1237 3672 1433 3723 iactum
1452 3711 1464 3734 ‚

420 3748 480 3795 ut
521 3746 643 3795 ante
688 3745 856 3808 pedes
904 3744 997 3794 tibi
1031 3744 1236 3795 cadat.»
1306 3747 1468 3809 Magis

422 3817 633 3869 solitum
649 3821 796 3869 esset
812 3818 1070 3879 obiectum,
1096 3820 1157 3867 ut
1174 3819 1311 3882 Virg.
1333 3822 1463 3870 Aen.

422 3894 452 3942 6
466 3931 478 3954 ,
499 3892 620 3944 422:
662 3891 824 3942 offam
840 3892 1058 3953 Corripit
1074 3891 1330 3942 obiectam.
1353 3893 1462 3942 Liv,

420 3965 476 4028 4,
514 3967 599 4016 ⁴5:
637 3965 838 4027 ciboque
868 3965 1138 4016 obiiciendo
1170 3993 1199 4003 -
1229 3967 1469 4016 victorem

416 4068 440 4078 -
454 4067 478 4077 -
499 4041 553 4090 in
573 4041 858 4090 senyittatem
875 4040 1039 4101 pellici
1056 4042 1213 4100 posse.
1238 4039 1462 4089 Phaedr.

421 4113 576 4175 ⁴,23‚
603 4112 1100 4162 azcani--Obiecto
1132 4111 1469 4182 citatiot-

419 4189 600 4238 iectum
623 4185 858 4237 malebat
879 4187 939 4236 H.
968 4187 1023 4234 P.
1044 4223 1055 4245 ,
1092 4184 1191 4235 sed
1214 4184 1315 4234 hoc
1337 4198 1470 4235 nun-

421 4274 584 4323 quam
606 4261 657 4310 in
683 4261 853 4311 rarius
879 4258 1006 4310 illud
1029 4260 1290 4309 mutatum
1313 4257 1464 4309 foret.

1617 2055 1697 2105 ⁴2.
1739 2055 1818 2105 43.
1871 2056 1987 2105 tollo
2029 2057 2238 2121 cornua]
2273 2056 2384 2108 Alia
2423 2060 2599 2124 imago

1549 2129 1683 2177 tauri
1735 2128 1805 2179 ad
1862 2141 2101 2192 pugnam
2159 2143 2285 2180 cum
2341 2132 2486 2182 rivali
2537 2148 2596 2185 se

1547 2202 1800 2263 parantia.
1833 2228 1885 2237 —
1922 2204 2090 2266 gener]
2128 2202 2336 2264 «Qualis
2358 2206 2599 2257 Archilo-

1549 2273 1709 2333 chus,
1747 2274 1838 2335 qui
1862 2275 2167 2336 Lycamben
2196 2288 2447 2328 socerum
2479 2292 2600 2342 pro-

1545 2348 1757 2409 pterea,
1813 2347 1957 2409 quod
1998 2346 2079 2396 ille
2119 2347 2394 2399 Neobulen
2434 2351 2594 2403 filiam

1547 2421 1738 2482 poetae
1776 2419 1879 2468 iam
1915 2419 2239 2483 desponsam
2273 2424 2474 2473 mutata
2499 2439 2595 2474 vo—

1546 2492 1748 2544 luntate
1783 2507 1842 2544 se
1890 2494 2142 2544 daturum
2188 2498 2432 2556 negarat,
2488 2500 2596 2549 tam

1547 2566 1822 2616 maledicis
1836 2566 2080 2616 versibus
2103 2568 2393 2618 insectatus
2412 2572 2510 2631 est,
2539 2574 2598 2620 ut

1545 2639 1692 2690 illum
1736 2640 2047 2703 aegritudini
2092 2641 2253 2690 animi
2292 2643 2593 2694 remedium

1545 2714 1835 2777 suspendio
1869 2726 2131 2777 quaerere
2165 2714 2401 2777 coegerit
2433 2720 2593 2780 atque

1546 2785 1614 2835 ad
1677 2787 1820 2837 idem
1879 2787 2064 2837 mortis
2118 2801 2288 2850 genus
2343 2802 2596 2853 sponsam

1546 2872 1763 2924 quoque
1813 2872 1966 2911 suam
2001 2860 2317 2911 induxerit.»
2380 2863 2443 2912 V.
2482 2865 2586 2913 Ex-

1546 2946 1783 2983 cursum.

1612 3006 1788 3057 44-46.
1837 3007 2058 3071 Bupalo]
2117 3006 2245 3059 Plin.
2284 3010 2344 3059 H.
2388 3011 2449 3059 N,
2495 3009 2589 3072 36,

1543 3083 1605 3130 δε
1667 3080 1891 3143 Bupalus
1939 3086 1984 3130 et
2031 3082 2230 3132 Athenis
2294 3080 2442 3147 (olim
2487 3083 2594 3134 Δη-

1543 3155 1787 3219 themius)
1822 3155 2087 3204 clarissimi
2109 3156 2162 3205 in
2191 3169 2252 3206 ea
2276 3155 2590 3221 (sculpendi)

1541 3229 1749 3278 scientia
1799 3230 1970 3292 ficere,
2041 3230 2366 3293 Hipponactis
2412 3234 2594 3293 poetae

1543 3308 1736 3364 aetate,
1775 3317 1931 3365 quem
1956 3309 2148 3354 certum
2181 3309 2251 3354 est
2283 3305 2381 3353 LX.
2420 3305 2594 3366 Olym-

1534 3378 1689 3439 piade
1718 3378 1884 3441 fuisse.
1923 3403 1953 3413 -
1973 3404 2003 3414 -
2033 3378 2336 3440 Hipponacti
2361 3378 2595 3427 notabilis

1539 3451 1750 3514 foeditas
1823 3451 1986 3500 voltus
2054 3455 2192 3511 erat,
2269 3450 2591 3511 quamobrem

1549 3524 1821 3587 maginem
1891 3524 1996 3572 eius
2076 3522 2286 3572 lascivia
2367 3522 2593 3573 iocorum

1541 3597 1578 3645 ii
1637 3608 1946 3659 proposuere
2017 3596 2287 3644 ridentium
2368 3595 2586 3646 circulis.

1544 3672 1686 3733 Quod
1760 3670 2031 3732 Hipponax
2095 3669 2387 3732 initio-natus
2440 3682 2592 3719 dma-

1538 3745 1811 3794 ritudinem
1868 3743 2152 3793 carminum
2207 3742 2473 3791 destrinxit
2538 3744 2591 3793 in

1540 3822 1764 3879 tanam,
1798 3823 1857 3866 ut
1886 3817 2125 3866 credatur
2145 3814 2395 3877 aliquibus
2415 3816 2485 3865 ad
2514 3816 2593 3865 la-

1542 3905 1723 3955 queum
1753 3905 1836 3942 eos
1866 3889 2181 3952 compulisse,
2234 3890 2367 3951 quod
2405 3889 2592 3952 salam

1540 3969 1627 4013 est.
1689 3965 1965 4028 Hipponax
2012 3961 2075 4012 ἐν
2117 3959 2196 4029 τῷ
2241 3957 2389 4012 κατὰ
2437 3963 2592 4016 Bov—

1542 4035 1730 4088 πάλου
1763 4032 1967 4107 πρώτῳ
1991 4032 2184 4102 ἰάμβῳ
2207 4036 2351 4101 apud
2374 4037 2590 4089 Schnei-

1544 4110 1677 4161 dew.
1734 4110 1971 4161 Eustath.
2026 4123 2078 4174 p,
2132 4109 2212 4161 49.
2264 4112 2320 4159 et
2367 4110 2479 4162 Del.
2529 4125 2583 4175 p.

1543 4184 1658 4233 208.
1696 4183 1866 4246 Bergk
1898 4196 1957 4247 p.
1978 4184 2105 4234 5⁴⁴:
2139 4176 2367 4245 Ἐβῶσε
2398 4185 2588 4246 Μαίας

1545 4254 1747 4319 παῖδα,
1788 4253 2088 4324 Κυλλήνης
2123 4255 2352 4324 πάλμυν
2387 4258 2407 4320 (
2414 4256 2587 4317 βασι-

2478 4462 2551 4495 *a
