<?xml version="1.0" encoding="UTF-8"?>
<!DOCTYPE html PUBLIC "-//W3C//DTD XHTML 1.0 Transitional//EN"
    "http://www.w3.org/TR/xhtml1/DTD/xhtml1-transitional.dtd">
<html xmlns="http://www.w3.org/1999/xhtml" xml:lang="en" lang="en">
 <head>
  <title>
</title>
<meta http-equiv="Content-Type" content="text/html;charset=utf-8" />
  <meta name='ocr-system' content='tesseract 3.04.00' />
  <meta name='ocr-capabilities' content='ocr_page ocr_carea ocr_par ocr_line ocrx_word'/>
</head>
<body>
  <div class='ocr_page' id='page_1' title='image "./qhoratiusflaccu05baitgoog_0077.png"; bbox 0 0 3234 4975; ppageno 0'>
   <div class='ocr_carea' id='block_1_1' title="bbox 1170 365 1661 416">
    <p class='ocr_par' dir='ltr' id='par_1_1' title="bbox 1170 365 1661 416">
     <span class='ocr_line' id='line_1_1' title="bbox 1170 365 1661 416; baseline 0.002 -3"><span class='ocrx_word' id='word_1_1' title='bbox 1170 365 1286 414; x_wconf 73' lang='grc' dir='ltr'>ΜΒ.</span> <span class='ocrx_word' id='word_1_2' title='bbox 1329 366 1363 414; x_wconf 87' lang='lat'>1.</span> <span class='ocrx_word' id='word_1_3' title='bbox 1437 367 1493 414; x_wconf 92' lang='lat' dir='ltr'>C.</span> <span class='ocrx_word' id='word_1_4' title='bbox 1534 366 1661 416; x_wconf 86' lang='lat' dir='ltr'>vlll.</span> 
     </span>
    </p>
   </div>
   <div class='ocr_carea' id='block_1_2' title="bbox 2456 366 2538 428">
    <p class='ocr_par' dir='ltr' id='par_1_2' title="bbox 2456 366 2538 428">
     <span class='ocr_line' id='line_1_2' title="bbox 2456 366 2538 428; baseline 0 0"><span class='ocrx_word' id='word_1_5' title='bbox 2456 366 2538 428; x_wconf 76' lang='lat'>59</span> 
     </span>
    </p>
   </div>
   <div class='ocr_carea' id='block_1_3' title="bbox 554 517 2316 852">
    <p class='ocr_par' dir='ltr' id='par_1_3' title="bbox 554 517 2316 852">
     <span class='ocr_line' id='line_1_3' title="bbox 554 517 2123 609; baseline 0.003 -28"><span class='ocrx_word' id='word_1_6' title='bbox 554 519 723 584; x_wconf 87' lang='lat' dir='ltr'>Inter</span> <span class='ocrx_word' id='word_1_7' title='bbox 768 517 1077 606; x_wconf 81' lang='lat' dir='ltr'>aequales</span> <span class='ocrx_word' id='word_1_8' title='bbox 1121 519 1393 606; x_wconf 86' lang='lat' dir='ltr'>equitat,</span> <span class='ocrx_word' id='word_1_9' title='bbox 1443 519 1683 587; x_wconf 88' lang='lat' dir='ltr'>Gallica</span> <span class='ocrx_word' id='word_1_10' title='bbox 1729 542 1848 588; x_wconf 90' lang='lat' dir='ltr'>nec</span> <span class='ocrx_word' id='word_1_11' title='bbox 1892 521 2123 609; x_wconf 87' lang='lat' dir='ltr'>lupatis</span> 
     </span>
     <span class='ocr_line' id='line_1_4' title="bbox 849 641 1640 728; baseline 0.001 -23"><span class='ocrx_word' id='word_1_12' title='bbox 849 641 1188 728; x_wconf 81' lang='lat' dir='ltr'>Temperat</span> <span class='ocrx_word' id='word_1_13' title='bbox 1233 663 1348 708; x_wconf 88' lang='lat' dir='ltr'>ora</span> <span class='ocrx_word' id='word_1_14' title='bbox 1392 642 1640 709; x_wconf 79' lang='lat' dir='ltr'>frenis?</span> 
     </span>
     <span class='ocr_line' id='line_1_5' title="bbox 555 760 2316 852; baseline 0.003 -23"><span class='ocrx_word' id='word_1_15' title='bbox 555 762 686 829; x_wconf 89' lang='lat' dir='ltr'>Cur</span> <span class='ocrx_word' id='word_1_16' title='bbox 728 763 905 827; x_wconf 89' lang='lat' dir='ltr'>timet</span> <span class='ocrx_word' id='word_1_17' title='bbox 946 760 1183 831; x_wconf 89' lang='lat' dir='ltr'>flavum</span> <span class='ocrx_word' id='word_1_18' title='bbox 1227 765 1504 832; x_wconf 88' lang='lat' dir='ltr'>Tiberim</span> <span class='ocrx_word' id='word_1_19' title='bbox 1548 766 1862 852; x_wconf 81' lang='lat' dir='ltr'>tangere?</span> <span class='ocrx_word' id='word_1_20' title='bbox 1908 766 2037 833; x_wconf 90' lang='lat' dir='ltr'>Cur</span> <span class='ocrx_word' id='word_1_21' title='bbox 2079 765 2316 834; x_wconf 90' lang='lat' dir='ltr'>olivum</span> 
     </span>
    </p>
   </div>
   <div class='ocr_carea' id='block_1_4' title="bbox 843 923 1499 1013">
    <p class='ocr_par' dir='ltr' id='par_1_4' title="bbox 843 923 1499 1013">
     <span class='ocr_line' id='line_1_6' title="bbox 843 923 1499 1013; baseline 0.003 -25"><span class='ocrx_word' id='word_1_22' title='bbox 843 923 1166 1011; x_wconf 80' lang='lat' dir='ltr'>Sanguine</span> <span class='ocrx_word' id='word_1_23' title='bbox 1208 924 1499 1013; x_wconf 88' lang='lat' dir='ltr'>viperino</span> 
     </span>
    </p>
   </div>
   <div class='ocr_carea' id='block_1_5' title="bbox 551 1043 2166 1136">
    <p class='ocr_par' dir='ltr' id='par_1_5' title="bbox 551 1043 2166 1136">
     <span class='ocr_line' id='line_1_7' title="bbox 551 1043 2166 1136; baseline 0.004 -26"><span class='ocrx_word' id='word_1_24' title='bbox 551 1043 814 1110; x_wconf 86' lang='lat' dir='ltr'>Cautius</span> <span class='ocrx_word' id='word_1_25' title='bbox 858 1045 1010 1110; x_wconf 87' lang='lat' dir='ltr'>vitat</span> <span class='ocrx_word' id='word_1_26' title='bbox 1053 1067 1269 1134; x_wconf 88' lang='lat' dir='ltr'>neque</span> <span class='ocrx_word' id='word_1_27' title='bbox 1314 1047 1439 1112; x_wconf 89' lang='lat' dir='ltr'>iam</span> <span class='ocrx_word' id='word_1_28' title='bbox 1482 1045 1680 1114; x_wconf 85' lang='lat' dir='ltr'>livida</span> <span class='ocrx_word' id='word_1_29' title='bbox 1723 1060 1930 1136; x_wconf 83' lang='lat' dir='ltr'>gestat</span> <span class='ocrx_word' id='word_1_30' title='bbox 1971 1051 2166 1116; x_wconf 84' lang='lat' dir='ltr'>armis</span> 
     </span>
    </p>
   </div>
   <div class='ocr_carea' id='block_1_6' title="bbox 2461 1050 2544 1114">
    <p class='ocr_par' dir='ltr' id='par_1_6' title="bbox 2461 1050 2544 1114">
     <span class='ocr_line' id='line_1_8' title="bbox 2461 1050 2544 1114; baseline -0.012 0"><span class='ocrx_word' id='word_1_31' title='bbox 2461 1050 2544 1114; x_wconf 75' lang='grc'>40</span> 
     </span>
    </p>
   </div>
   <div class='ocr_carea' id='block_1_7' title="bbox 552 1166 2146 1380">
    <p class='ocr_par' dir='ltr' id='par_1_7' title="bbox 552 1166 2146 1380">
     <span class='ocr_line' id='line_1_9' title="bbox 842 1166 1644 1255; baseline 0.006 -23"><span class='ocrx_word' id='word_1_32' title='bbox 842 1166 1141 1246; x_wconf 81' lang='lat' dir='ltr'>Brachia,</span> <span class='ocrx_word' id='word_1_33' title='bbox 1190 1189 1388 1255; x_wconf 88' lang='lat' dir='ltr'>saepe</span> <span class='ocrx_word' id='word_1_34' title='bbox 1431 1168 1644 1248; x_wconf 80' lang='lat' dir='ltr'>discO,</span> 
     </span>
     <span class='ocr_line' id='line_1_10' title="bbox 552 1287 2146 1380; baseline 0.004 -30"><span class='ocrx_word' id='word_1_35' title='bbox 552 1287 763 1376; x_wconf 90' lang='lat' dir='ltr'>Saepe</span> <span class='ocrx_word' id='word_1_36' title='bbox 805 1298 979 1355; x_wconf 88' lang='lat' dir='ltr'>trans</span> <span class='ocrx_word' id='word_1_37' title='bbox 1023 1288 1218 1356; x_wconf 91' lang='lat' dir='ltr'>finem</span> <span class='ocrx_word' id='word_1_38' title='bbox 1259 1290 1468 1357; x_wconf 92' lang='lat' dir='ltr'>iaculo</span> <span class='ocrx_word' id='word_1_39' title='bbox 1515 1290 1748 1357; x_wconf 85' lang='lat' dir='ltr'>nobilis</span> <span class='ocrx_word' id='word_1_40' title='bbox 1797 1292 2146 1380; x_wconf 84' lang='lat' dir='ltr'>expedito?</span> 
     </span>
    </p>
   </div>
   <div class='ocr_carea' id='block_1_8' title="bbox 554 1437 2190 1640">
    <p class='ocr_par' dir='ltr' id='par_1_8' title="bbox 554 1437 2190 1640">
     <span class='ocr_line' id='line_1_11' title="bbox 843 1437 1679 1526; baseline 0.005 -14"><span class='ocrx_word' id='word_1_41' title='bbox 843 1446 1013 1526; x_wconf 90' lang='lat' dir='ltr'>Quid</span> <span class='ocrx_word' id='word_1_42' title='bbox 1056 1447 1235 1524; x_wconf 88' lang='lat' dir='ltr'>latet,</span> <span class='ocrx_word' id='word_1_43' title='bbox 1280 1437 1352 1515; x_wconf 71' lang='lat' dir='ltr'>ut</span> <span class='ocrx_word' id='word_1_44' title='bbox 1394 1450 1679 1516; x_wconf 90' lang='lat' dir='ltr'>marinae</span> 
     </span>
     <span class='ocr_line' id='line_1_12' title="bbox 554 1567 2190 1640; baseline 0.003 -5"><span class='ocrx_word' id='word_1_45' title='bbox 554 1567 781 1635; x_wconf 89' lang='lat' dir='ltr'>Filium</span> <span class='ocrx_word' id='word_1_46' title='bbox 825 1568 1045 1636; x_wconf 91' lang='lat' dir='ltr'>dicunt</span> <span class='ocrx_word' id='word_1_47' title='bbox 1087 1568 1366 1636; x_wconf 90' lang='lat' dir='ltr'>Thetidis</span> <span class='ocrx_word' id='word_1_48' title='bbox 1411 1570 1535 1638; x_wconf 90' lang='lat' dir='ltr'>sub</span> <span class='ocrx_word' id='word_1_49' title='bbox 1577 1569 1920 1638; x_wconf 88' lang='lat' dir='ltr'>lacrimosa</span> <span class='ocrx_word' id='word_1_50' title='bbox 1965 1573 2190 1640; x_wconf 83' lang='lat' dir='ltr'>Troiae</span> 
     </span>
    </p>
   </div>
   <div class='ocr_carea' id='block_1_9' title="bbox 512 1758 1650 1821">
    <p class='ocr_par' dir='ltr' id='par_1_9' title="bbox 512 1758 1650 1821">
     <span class='ocr_line' id='line_1_13' title="bbox 512 1758 1650 1821; baseline 0.003 -15"><span class='ocrx_word' id='word_1_51' title='bbox 512 1758 542 1806; x_wconf 78' lang='lat'><strong>6</strong></span> <span class='ocrx_word' id='word_1_52' title='bbox 576 1759 632 1807; x_wconf 90' lang='lat' dir='ltr'>et</span> <span class='ocrx_word' id='word_1_53' title='bbox 663 1758 711 1808; x_wconf 86' lang='lat'>7.</span> <span class='ocrx_word' id='word_1_54' title='bbox 748 1760 929 1821; x_wconf 67' lang='lat' dir='ltr'>equita</span> <span class='ocrx_word' id='word_1_55' title='bbox 948 1786 977 1797; x_wconf 90' lang='lat'>-</span> <span class='ocrx_word' id='word_1_56' title='bbox 998 1785 1028 1796; x_wconf 90' lang='lat'>-</span> <span class='ocrx_word' id='word_1_57' title='bbox 1052 1758 1299 1821; x_wconf 75' lang='lat' dir='ltr'>Temperet</span> <span class='ocrx_word' id='word_1_58' title='bbox 1319 1758 1650 1819; x_wconf 86' lang='lat' dir='ltr'>BbSc,LCtF.</span> 
     </span>
    </p>
   </div>
   <div class='ocr_carea' id='block_1_10' title="bbox 1723 1759 2468 1824">
    <p class='ocr_par' dir='ltr' id='par_1_10' title="bbox 1723 1759 2468 1824">
     <span class='ocr_line' id='line_1_14' title="bbox 1723 1759 2468 1824; baseline 0.003 -15"><span class='ocrx_word' id='word_1_59' title='bbox 1723 1759 2086 1822; x_wconf 82' lang='lat' dir='ltr'>(indicativum</span> <span class='ocrx_word' id='word_1_60' title='bbox 2120 1761 2334 1813; x_wconf 81' lang='lat' dir='ltr'>firmant</span> <span class='ocrx_word' id='word_1_61' title='bbox 2372 1762 2468 1824; x_wconf 83' lang='grc' dir='ltr'>Τβ.</span> 
     </span>
    </p>
   </div>
   <div class='ocr_carea' id='block_1_11' title="bbox 448 1832 2134 1899">
    <p class='ocr_par' dir='ltr' id='par_1_11' title="bbox 448 1832 2134 1899">
     <span class='ocr_line' id='line_1_15' title="bbox 448 1832 2134 1899; baseline 0.003 -17"><span class='ocrx_word' id='word_1_62' title='bbox 448 1859 503 1867; x_wconf 92' lang='grc'>-</span> <span class='ocrx_word' id='word_1_63' title='bbox 541 1834 674 1882; x_wconf 88' lang='lat' dir='ltr'>Pott.</span> <span class='ocrx_word' id='word_1_64' title='bbox 710 1832 759 1894; x_wconf 73' lang='lat'>4,</span> <span class='ocrx_word' id='word_1_65' title='bbox 797 1834 847 1894; x_wconf 84' lang='lat'>7,</span> <span class='ocrx_word' id='word_1_66' title='bbox 886 1835 967 1894; x_wconf 86' lang='grc'>44,</span> <span class='ocrx_word' id='word_1_67' title='bbox 1007 1835 1068 1885; x_wconf 75' lang='grc'>42</span> <span class='ocrx_word' id='word_1_68' title='bbox 1102 1834 1303 1885; x_wconf 85' lang='lat' dir='ltr'>habent</span> <span class='ocrx_word' id='word_1_69' title='bbox 1335 1834 1549 1897; x_wconf 74' lang='lat' dir='ltr'>equitat,</span> <span class='ocrx_word' id='word_1_70' title='bbox 1585 1848 1725 1885; x_wconf 86' lang='lat' dir='ltr'>unus</span> <span class='ocrx_word' id='word_1_71' title='bbox 1759 1836 1822 1885; x_wconf 77' lang='lat'>23</span> <span class='ocrx_word' id='word_1_72' title='bbox 1857 1835 2134 1899; x_wconf 67' lang='lat' dir='ltr'>corruperat.)</span> 
     </span>
    </p>
   </div>
   <div class='ocr_carea' id='block_1_12' title="bbox 376 1991 1430 4282">
    <p class='ocr_par' dir='ltr' id='par_1_12' title="bbox 376 1991 1428 2205">
     <span class='ocr_line' id='line_1_16' title="bbox 377 1991 1428 2057; baseline 0.001 -15"><span class='ocrx_word' id='word_1_73' title='bbox 377 1992 533 2042; x_wconf 87' lang='lat' dir='ltr'>Trist.</span> <span class='ocrx_word' id='word_1_74' title='bbox 570 1991 621 2052; x_wconf 73' lang='lat'>4,</span> <span class='ocrx_word' id='word_1_75' title='bbox 657 1992 707 2052; x_wconf 79' lang='lat'>6,</span> <span class='ocrx_word' id='word_1_76' title='bbox 744 1992 802 2041; x_wconf 84' lang='lat'>3:</span> <span class='ocrx_word' id='word_1_77' title='bbox 844 1993 1078 2055; x_wconf 76' lang='lat' dir='ltr'>Tempore</span> <span class='ocrx_word' id='word_1_78' title='bbox 1092 1998 1240 2057; x_wconf 76' lang='lat' dir='ltr'>paret</span> <span class='ocrx_word' id='word_1_79' title='bbox 1273 2007 1428 2056; x_wconf 74' lang='lat' dir='ltr'>equus</span> 
     </span>
     <span class='ocr_line' id='line_1_17' title="bbox 376 2067 1427 2131; baseline 0.001 -14"><span class='ocrx_word' id='word_1_80' title='bbox 376 2067 522 2117; x_wconf 73' lang='lat' dir='ltr'>lentis</span> <span class='ocrx_word' id='word_1_81' title='bbox 570 2067 824 2116; x_wconf 69' lang='grc' dir='ltr'>απὶηιοειιε</span> <span class='ocrx_word' id='word_1_82' title='bbox 868 2068 1070 2118; x_wconf 75' lang='lat' dir='ltr'>habenis</span> <span class='ocrx_word' id='word_1_83' title='bbox 1116 2069 1181 2118; x_wconf 79' lang='grc' dir='ltr'>Ει</span> <span class='ocrx_word' id='word_1_84' title='bbox 1222 2069 1427 2131; x_wconf 76' lang='lat' dir='ltr'>placido</span> 
     </span>
     <span class='ocr_line' id='line_1_18' title="bbox 377 2143 1055 2205; baseline 0 -13"><span class='ocrx_word' id='word_1_85' title='bbox 377 2143 533 2192; x_wconf 70' lang='lat' dir='ltr'>duros</span> <span class='ocrx_word' id='word_1_86' title='bbox 563 2143 749 2203; x_wconf 75' lang='lat' dir='ltr'>accipit</span> <span class='ocrx_word' id='word_1_87' title='bbox 780 2155 867 2192; x_wconf 82' lang='lat' dir='ltr'>ore</span> <span class='ocrx_word' id='word_1_88' title='bbox 897 2143 1055 2205; x_wconf 78' lang='lat' dir='ltr'>lupos,</span> 
     </span>
    </p>

    <p class='ocr_par' dir='ltr' id='par_1_13' title="bbox 380 2216 1426 2576">
     <span class='ocr_line' id='line_1_19' title="bbox 446 2216 1422 2279; baseline 0 -14"><span class='ocrx_word' id='word_1_89' title='bbox 446 2218 496 2265; x_wconf 81' lang='lat'>7.</span> <span class='ocrx_word' id='word_1_90' title='bbox 538 2216 807 2279; x_wconf 75' lang='lat' dir='ltr'>Temperat]</span> <span class='ocrx_word' id='word_1_91' title='bbox 847 2216 1202 2278; x_wconf 77' lang='lat' dir='ltr'>«moderatur,</span> <span class='ocrx_word' id='word_1_92' title='bbox 1239 2217 1422 2279; x_wconf 74' lang='lat' dir='ltr'>regit.»</span> 
     </span>
     <span class='ocr_line' id='line_1_20' title="bbox 382 2288 1426 2361; baseline 0.002 -25"><span class='ocrx_word' id='word_1_93' title='bbox 382 2288 864 2361; x_wconf 76' lang='grc' dir='ltr'><em>«Παθητικωτέρα</em></span> <span class='ocrx_word' id='word_1_94' title='bbox 904 2291 964 2341; x_wconf 82' lang='lat' dir='ltr'>fit</span> <span class='ocrx_word' id='word_1_95' title='bbox 1004 2291 1198 2351; x_wconf 84' lang='lat' dir='ltr'>orati0,</span> <span class='ocrx_word' id='word_1_96' title='bbox 1244 2291 1288 2340; x_wconf 91' lang='lat' dir='ltr'>si</span> <span class='ocrx_word' id='word_1_97' title='bbox 1327 2303 1426 2354; x_wconf 90' lang='lat' dir='ltr'>per</span> 
     </span>
     <span class='ocr_line' id='line_1_21' title="bbox 380 2365 1423 2430; baseline -0.001 -16"><span class='ocrx_word' id='word_1_98' title='bbox 380 2365 848 2427; x_wconf 81' lang='lat' dir='ltr'>interrogationem</span> <span class='ocrx_word' id='word_1_99' title='bbox 889 2365 1215 2430; x_wconf 81' lang='lat' dir='ltr'>proseratur,</span> <span class='ocrx_word' id='word_1_100' title='bbox 1261 2377 1423 2428; x_wconf 87' lang='lat' dir='ltr'>quam</span> 
     </span>
     <span class='ocr_line' id='line_1_22' title="bbox 382 2438 1426 2501; baseline -0.001 -11"><span class='ocrx_word' id='word_1_101' title='bbox 382 2439 427 2490; x_wconf 88' lang='lat' dir='ltr'>si</span> <span class='ocrx_word' id='word_1_102' title='bbox 444 2438 668 2501; x_wconf 82' lang='lat' dir='ltr'>Lydiam</span> <span class='ocrx_word' id='word_1_103' title='bbox 689 2452 908 2490; x_wconf 88' lang='lat' dir='ltr'>narrare</span> <span class='ocrx_word' id='word_1_104' title='bbox 943 2439 1077 2490; x_wconf 87' lang='lat' dir='ltr'>haec</span> <span class='ocrx_word' id='word_1_105' title='bbox 1111 2438 1212 2490; x_wconf 86' lang='lat' dir='ltr'>sibi</span> <span class='ocrx_word' id='word_1_106' title='bbox 1246 2438 1426 2489; x_wconf 89' lang='lat' dir='ltr'>iubeat</span> 
     </span>
     <span class='ocr_line' id='line_1_23' title="bbox 380 2515 1217 2576; baseline 0 -13"><span class='ocrx_word' id='word_1_107' title='bbox 380 2515 561 2576; x_wconf 73' lang='lat' dir='ltr'>equitet</span> <span class='ocrx_word' id='word_1_108' title='bbox 592 2540 622 2550; x_wconf 93' lang='lat'>-</span> <span class='ocrx_word' id='word_1_109' title='bbox 654 2541 683 2550; x_wconf 97' lang='lat'><em>-</em></span> <span class='ocrx_word' id='word_1_110' title='bbox 717 2518 998 2576; x_wconf 73' lang='lat' dir='ltr'>temperet.»</span> <span class='ocrx_word' id='word_1_111' title='bbox 1035 2515 1217 2563; x_wconf 71' lang='grc' dir='ltr'><strong>ΒΕΝτι..</strong></span> 
     </span>
    </p>

    <p class='ocr_par' dir='ltr' id='par_1_14' title="bbox 381 2589 1430 3534">
     <span class='ocr_line' id='line_1_24' title="bbox 448 2589 1425 2652; baseline 0.001 -14"><span class='ocrx_word' id='word_1_112' title='bbox 448 2589 497 2638; x_wconf 87' lang='grc'>8.</span> <span class='ocrx_word' id='word_1_113' title='bbox 538 2589 678 2638; x_wconf 71' lang='lat' dir='ltr'>«Cur</span> <span class='ocrx_word' id='word_1_114' title='bbox 711 2589 975 2639; x_wconf 86' lang='lat' dir='ltr'>natatione</span> <span class='ocrx_word' id='word_1_115' title='bbox 1010 2589 1280 2649; x_wconf 87' lang='lat' dir='ltr'>Tiberina,</span> <span class='ocrx_word' id='word_1_116' title='bbox 1319 2602 1425 2652; x_wconf 83' lang='lat' dir='ltr'>qua</span> 
     </span>
     <span class='ocr_line' id='line_1_25' title="bbox 381 2659 1426 2727; baseline 0.005 -17"><span class='ocrx_word' id='word_1_117' title='bbox 381 2659 696 2726; x_wconf 84' lang='lat' dir='ltr'>plerumque</span> <span class='ocrx_word' id='word_1_118' title='bbox 763 2662 1049 2713; x_wconf 81' lang='lat' dir='ltr'>utebantur</span> <span class='ocrx_word' id='word_1_119' title='bbox 1110 2666 1232 2727; x_wconf 86' lang='lat' dir='ltr'>post</span> <span class='ocrx_word' id='word_1_120' title='bbox 1297 2662 1426 2715; x_wconf 81' lang='lat' dir='ltr'>alias</span> 
     </span>
     <span class='ocr_line' id='line_1_26' title="bbox 381 2737 1422 2804; baseline 0.004 -19"><span class='ocrx_word' id='word_1_121' title='bbox 381 2737 730 2802; x_wconf 64' lang='grc' dir='ltr'><strong><em>γυμνασίας,</em></strong></span> <span class='ocrx_word' id='word_1_122' title='bbox 768 2737 1071 2788; x_wconf 70' lang='lat' dir='ltr'>abstinet‘ln</span> <span class='ocrx_word' id='word_1_123' title='bbox 1122 2765 1175 2773; x_wconf 94' lang='lat'>—-</span> <span class='ocrx_word' id='word_1_124' title='bbox 1221 2739 1422 2804; x_wconf 73' lang='lat' dir='ltr'>olivum]</span> 
     </span>
     <span class='ocr_line' id='line_1_27' title="bbox 384 2813 1427 2876; baseline 0.005 -18"><span class='ocrx_word' id='word_1_125' title='bbox 384 2815 607 2862; x_wconf 74' lang='lat' dir='ltr'>«Prosae</span> <span class='ocrx_word' id='word_1_126' title='bbox 650 2813 966 2875; x_wconf 79' lang='lat' dir='ltr'>scriptorem</span> <span class='ocrx_word' id='word_1_127' title='bbox 1009 2813 1099 2876; x_wconf 90' lang='lat' dir='ltr'>qui</span> <span class='ocrx_word' id='word_1_128' title='bbox 1138 2814 1278 2864; x_wconf 86' lang='lat' dir='ltr'>hanc</span> <span class='ocrx_word' id='word_1_129' title='bbox 1318 2814 1427 2864; x_wconf 86' lang='lat' dir='ltr'>for-</span> 
     </span>
     <span class='ocr_line' id='line_1_28' title="bbox 382 2888 1426 2953; baseline 0.003 -18"><span class='ocrx_word' id='word_1_130' title='bbox 382 2897 527 2936; x_wconf 85' lang='lat' dir='ltr'>mam</span> <span class='ocrx_word' id='word_1_131' title='bbox 552 2888 890 2951; x_wconf 80' lang='lat' dir='ltr'>usurpaverit</span> <span class='ocrx_word' id='word_1_132' title='bbox 909 2889 1125 2951; x_wconf 86' lang='lat' dir='ltr'>praeter</span> <span class='ocrx_word' id='word_1_133' title='bbox 1145 2888 1426 2953; x_wconf 86' lang='lat' dir='ltr'>Apuleium</span> 
     </span>
     <span class='ocr_line' id='line_1_29' title="bbox 382 2961 1422 3013; baseline 0.002 -4"><span class='ocrx_word' id='word_1_134' title='bbox 382 2961 557 3010; x_wconf 75' lang='lat' dir='ltr'>inveni</span> <span class='ocrx_word' id='word_1_135' title='bbox 590 2961 768 3011; x_wconf 89' lang='lat' dir='ltr'>adhuc</span> <span class='ocrx_word' id='word_1_136' title='bbox 800 2963 1124 3013; x_wconf 66' lang='lat' dir='ltr'>neminem«</span> <span class='ocrx_word' id='word_1_137' title='bbox 1179 2965 1422 3013; x_wconf 73' lang='lat' dir='ltr'>Foncssu..</span> 
     </span>
     <span class='ocr_line' id='line_1_30' title="bbox 384 3035 1426 3101; baseline 0.002 -16"><span class='ocrx_word' id='word_1_138' title='bbox 384 3037 522 3085; x_wconf 79' lang='lat' dir='ltr'>«Cur</span> <span class='ocrx_word' id='word_1_139' title='bbox 561 3036 795 3087; x_wconf 85' lang='lat' dir='ltr'>abstinet</span> <span class='ocrx_word' id='word_1_140' title='bbox 827 3035 1042 3087; x_wconf 54' lang='lat' dir='ltr'>luctam</span> <span class='ocrx_word' id='word_1_141' title='bbox 1096 3040 1219 3089; x_wconf 90' lang='lat' dir='ltr'>ante</span> <span class='ocrx_word' id='word_1_142' title='bbox 1263 3050 1426 3101; x_wconf 89' lang='lat' dir='ltr'>quam</span> 
     </span>
     <span class='ocr_line' id='line_1_31' title="bbox 382 3107 1428 3175; baseline 0.004 -17"><span class='ocrx_word' id='word_1_143' title='bbox 382 3107 500 3159; x_wconf 92' lang='lat' dir='ltr'>oleo</span> <span class='ocrx_word' id='word_1_144' title='bbox 531 3110 974 3175; x_wconf 80' lang='lat' dir='ltr'>perfricabantur.</span> <span class='ocrx_word' id='word_1_145' title='bbox 1015 3114 1157 3163; x_wconf 72' lang='lat' dir='ltr'>«Hoc</span> <span class='ocrx_word' id='word_1_146' title='bbox 1180 3115 1286 3162; x_wconf 90' lang='lat' dir='ltr'>iam</span> <span class='ocrx_word' id='word_1_147' title='bbox 1309 3126 1428 3162; x_wconf 89' lang='lat' dir='ltr'>ma-</span> 
     </span>
     <span class='ocr_line' id='line_1_32' title="bbox 382 3184 1430 3250; baseline 0.002 -17"><span class='ocrx_word' id='word_1_148' title='bbox 382 3184 459 3246; x_wconf 85' lang='lat' dir='ltr'>gis</span> <span class='ocrx_word' id='word_1_149' title='bbox 492 3186 667 3246; x_wconf 85' lang='lat' dir='ltr'>timet,</span> <span class='ocrx_word' id='word_1_150' title='bbox 723 3198 888 3250; x_wconf 85' lang='lat' dir='ltr'>quam</span> <span class='ocrx_word' id='word_1_151' title='bbox 939 3189 1251 3250; x_wconf 83' lang='lat' dir='ltr'>sanguinem</span> <span class='ocrx_word' id='word_1_152' title='bbox 1284 3187 1430 3250; x_wconf 71' lang='lat' dir='ltr'>vipe-</span> 
     </span>
     <span class='ocr_line' id='line_1_33' title="bbox 382 3259 1428 3325; baseline 0.002 -18"><span class='ocrx_word' id='word_1_153' title='bbox 382 3259 555 3309; x_wconf 89' lang='lat' dir='ltr'>rinum</span> <span class='ocrx_word' id='word_1_154' title='bbox 602 3260 787 3325; x_wconf 84' lang='lat' dir='ltr'>(Epod.</span> <span class='ocrx_word' id='word_1_155' title='bbox 827 3262 884 3322; x_wconf 88' lang='lat'>3,</span> <span class='ocrx_word' id='word_1_156' title='bbox 923 3262 980 3310; x_wconf 83' lang='lat'>6:</span> <span class='ocrx_word' id='word_1_157' title='bbox 1046 3275 1200 3312; x_wconf 81' lang='lat' dir='ltr'>cruor</span> <span class='ocrx_word' id='word_1_158' title='bbox 1238 3261 1428 3323; x_wconf 68' lang='lat' dir='ltr'>viperi-</span> 
     </span>
     <span class='ocr_line' id='line_1_34' title="bbox 382 3334 1425 3399; baseline 0.001 -16"><span class='ocrx_word' id='word_1_159' title='bbox 382 3334 539 3399; x_wconf 59' lang='lat' dir='ltr'>nus),</span> <span class='ocrx_word' id='word_1_160' title='bbox 576 3337 1073 3398; x_wconf 86' lang='lat' dir='ltr'>praesentissimum</span> <span class='ocrx_word' id='word_1_161' title='bbox 1106 3349 1425 3386; x_wconf 77' lang='lat' dir='ltr'>venenum.»</span> 
     </span>
     <span class='ocr_line' id='line_1_35' title="bbox 385 3409 1426 3474; baseline 0.004 -19"><span class='ocrx_word' id='word_1_162' title='bbox 385 3423 585 3472; x_wconf 72' lang='lat' dir='ltr'>«angue</span> <span class='ocrx_word' id='word_1_163' title='bbox 621 3412 813 3474; x_wconf 78' lang='lat' dir='ltr'>peius»</span> <span class='ocrx_word' id='word_1_164' title='bbox 867 3411 921 3460; x_wconf 87' lang='lat' dir='ltr'>in</span> <span class='ocrx_word' id='word_1_165' title='bbox 973 3409 1141 3461; x_wconf 86' lang='lat' dir='ltr'>soluta</span> <span class='ocrx_word' id='word_1_166' title='bbox 1188 3411 1426 3460; x_wconf 87' lang='lat' dir='ltr'>oratione</span> 
     </span>
     <span class='ocr_line' id='line_1_36' title="bbox 382 3484 615 3534; baseline 0.004 -1"><span class='ocrx_word' id='word_1_167' title='bbox 382 3484 615 3534; x_wconf 76' lang='lat' dir='ltr'>dixisset.</span> 
     </span>
    </p>

    <p class='ocr_par' dir='ltr' id='par_1_15' title="bbox 380 3559 1429 4219">
     <span class='ocr_line' id='line_1_37' title="bbox 447 3559 1427 3624; baseline 0.003 -17"><span class='ocrx_word' id='word_1_168' title='bbox 447 3560 526 3608; x_wconf 90' lang='grc'>40.</span> <span class='ocrx_word' id='word_1_169' title='bbox 580 3572 731 3608; x_wconf 70' lang='lat' dir='ltr'>amna</span> <span class='ocrx_word' id='word_1_170' title='bbox 779 3559 866 3609; x_wconf 91' lang='lat' dir='ltr'>hic</span> <span class='ocrx_word' id='word_1_171' title='bbox 908 3561 1031 3610; x_wconf 86' lang='lat' dir='ltr'>sunt</span> <span class='ocrx_word' id='word_1_172' title='bbox 1084 3560 1196 3624; x_wconf 87' lang='lat' dir='ltr'>ipse</span> <span class='ocrx_word' id='word_1_173' title='bbox 1249 3560 1427 3610; x_wconf 88' lang='lat' dir='ltr'>discus</span> 
     </span>
     <span class='ocr_line' id='line_1_38' title="bbox 382 3631 1424 3697; baseline 0.002 -15"><span class='ocrx_word' id='word_1_174' title='bbox 382 3631 665 3697; x_wconf 89' lang='lat' dir='ltr'>plumbeus</span> <span class='ocrx_word' id='word_1_175' title='bbox 708 3631 793 3683; x_wconf 88' lang='lat' dir='ltr'>vel</span> <span class='ocrx_word' id='word_1_176' title='bbox 836 3634 1042 3684; x_wconf 79' lang='lat' dir='ltr'>ferreus</span> <span class='ocrx_word' id='word_1_177' title='bbox 1087 3636 1140 3683; x_wconf 87' lang='lat' dir='ltr'>et</span> <span class='ocrx_word' id='word_1_178' title='bbox 1180 3634 1424 3695; x_wconf 88' lang='lat' dir='ltr'>iaculum,</span> 
     </span>
     <span class='ocr_line' id='line_1_39' title="bbox 383 3706 1426 3772; baseline 0.003 -17"><span class='ocrx_word' id='word_1_179' title='bbox 383 3720 609 3770; x_wconf 90' lang='lat' dir='ltr'>quorum</span> <span class='ocrx_word' id='word_1_180' title='bbox 644 3707 788 3769; x_wconf 70' lang='lat' dir='ltr'>gravi</span> <span class='ocrx_word' id='word_1_181' title='bbox 822 3706 1060 3771; x_wconf 89' lang='lat' dir='ltr'>pondere</span> <span class='ocrx_word' id='word_1_182' title='bbox 1092 3707 1426 3772; x_wconf 82' lang='lat' dir='ltr'>violentoque</span> 
     </span>
     <span class='ocr_line' id='line_1_40' title="bbox 384 3781 1428 3834; baseline 0.003 -3"><span class='ocrx_word' id='word_1_183' title='bbox 384 3795 482 3831; x_wconf 89' lang='lat' dir='ltr'>usu</span> <span class='ocrx_word' id='word_1_184' title='bbox 516 3782 699 3831; x_wconf 77' lang='lat' dir='ltr'>lividae</span> <span class='ocrx_word' id='word_1_185' title='bbox 732 3781 933 3833; x_wconf 82' lang='lat' dir='ltr'>vibices</span> <span class='ocrx_word' id='word_1_186' title='bbox 968 3784 1021 3832; x_wconf 91' lang='lat' dir='ltr'>in</span> <span class='ocrx_word' id='word_1_187' title='bbox 1056 3782 1287 3834; x_wconf 88' lang='lat' dir='ltr'>brachiis</span> <span class='ocrx_word' id='word_1_188' title='bbox 1319 3785 1428 3834; x_wconf 87' lang='lat' dir='ltr'>ori-</span> 
     </span>
     <span class='ocr_line' id='line_1_41' title="bbox 382 3858 1428 3922; baseline 0.004 -17"><span class='ocrx_word' id='word_1_189' title='bbox 382 3858 557 3905; x_wconf 89' lang='lat' dir='ltr'>untur.</span> <span class='ocrx_word' id='word_1_190' title='bbox 600 3885 654 3891; x_wconf 93' lang='lat'><strong>—</strong></span> <span class='ocrx_word' id='word_1_191' title='bbox 694 3858 888 3908; x_wconf 84' lang='lat' dir='ltr'>Contra</span> <span class='ocrx_word' id='word_1_192' title='bbox 932 3859 1264 3908; x_wconf 82' lang='lat' dir='ltr'>Latinitatem</span> <span class='ocrx_word' id='word_1_193' title='bbox 1307 3860 1428 3922; x_wconf 89' lang='lat' dir='ltr'>qui-</span> 
     </span>
     <span class='ocr_line' id='line_1_42' title="bbox 381 3929 1429 3996; baseline 0.006 -19"><span class='ocrx_word' id='word_1_194' title='bbox 381 3929 505 3978; x_wconf 89' lang='lat' dir='ltr'>dam</span> <span class='ocrx_word' id='word_1_195' title='bbox 540 3930 696 3979; x_wconf 76' lang='lat' dir='ltr'>livida</span> <span class='ocrx_word' id='word_1_196' title='bbox 732 3945 905 3995; x_wconf 87' lang='lat' dir='ltr'>nuper</span> <span class='ocrx_word' id='word_1_197' title='bbox 937 3933 1312 3996; x_wconf 86' lang='lat' dir='ltr'>interpretatus</span> <span class='ocrx_word' id='word_1_198' title='bbox 1347 3936 1429 3984; x_wconf 88' lang='lat' dir='ltr'>est</span> 
     </span>
     <span class='ocr_line' id='line_1_43' title="bbox 384 4002 1425 4069; baseline 0.005 -22"><span class='ocrx_word' id='word_1_199' title='bbox 384 4002 605 4067; x_wconf 73' lang='lat' dir='ltr'>«pallida</span> <span class='ocrx_word' id='word_1_200' title='bbox 664 4006 851 4056; x_wconf 74' lang='lat' dir='ltr'>natura</span> <span class='ocrx_word' id='word_1_201' title='bbox 906 4010 1065 4069; x_wconf 88' lang='lat' dir='ltr'>atque</span> <span class='ocrx_word' id='word_1_202' title='bbox 1123 4009 1425 4057; x_wconf 79' lang='lat' dir='ltr'>enervata.»</span> 
     </span>
     <span class='ocr_line' id='line_1_44' title="bbox 386 4080 1424 4144; baseline 0.004 -17"><span class='ocrx_word' id='word_1_203' title='bbox 386 4106 440 4113; x_wconf 87' lang='lat'>—</span> <span class='ocrx_word' id='word_1_204' title='bbox 477 4083 639 4141; x_wconf 66' lang='lat' dir='ltr'>gestat</span> <span class='ocrx_word' id='word_1_205' title='bbox 669 4106 699 4117; x_wconf 89' lang='lat'>-</span> <span class='ocrx_word' id='word_1_206' title='bbox 731 4080 966 4144; x_wconf 72' lang='lat' dir='ltr'>Brachia]</span> <span class='ocrx_word' id='word_1_207' title='bbox 1011 4084 1070 4131; x_wconf 94' lang='lat' dir='ltr'>ut</span> <span class='ocrx_word' id='word_1_208' title='bbox 1115 4081 1263 4132; x_wconf 74' lang='lat' dir='ltr'>ovid.</span> <span class='ocrx_word' id='word_1_209' title='bbox 1301 4083 1424 4133; x_wconf 77' lang='lat' dir='ltr'>Met.</span> 
     </span>
     <span class='ocr_line' id='line_1_45' title="bbox 380 4153 1427 4219; baseline 0.003 -17"><span class='ocrx_word' id='word_1_210' title='bbox 380 4154 430 4212; x_wconf 78' lang='lat'>5,</span> <span class='ocrx_word' id='word_1_211' title='bbox 453 4153 577 4203; x_wconf 78' lang='lat'>553:</span> <span class='ocrx_word' id='word_1_212' title='bbox 616 4169 711 4205; x_wconf 82' lang='lat' dir='ltr'>ora</span> <span class='ocrx_word' id='word_1_213' title='bbox 730 4169 920 4219; x_wconf 66' lang='lat' dir='ltr'>gerere,</span> <span class='ocrx_word' id='word_1_214' title='bbox 944 4155 997 4204; x_wconf 89' lang='lat' dir='ltr'>id</span> <span class='ocrx_word' id='word_1_215' title='bbox 1020 4159 1119 4217; x_wconf 87' lang='lat' dir='ltr'>est,</span> <span class='ocrx_word' id='word_1_216' title='bbox 1142 4156 1427 4207; x_wconf 59' lang='lat' dir='ltr'>«haberem</span> 
     </span>
    </p>

    <p class='ocr_par' dir='ltr' id='par_1_16' title="bbox 451 4228 1429 4282">
     <span class='ocr_line' id='line_1_46' title="bbox 451 4228 1429 4282; baseline 0.005 -7"><span class='ocrx_word' id='word_1_217' title='bbox 451 4228 529 4277; x_wconf 77' lang='grc'>44.</span> <span class='ocrx_word' id='word_1_218' title='bbox 593 4231 739 4280; x_wconf 76' lang='lat' dir='ltr'>«Cur</span> <span class='ocrx_word' id='word_1_219' title='bbox 787 4229 1021 4281; x_wconf 83' lang='lat' dir='ltr'>abstinet</span> <span class='ocrx_word' id='word_1_220' title='bbox 1069 4244 1097 4279; x_wconf 88' lang='lat' dir='ltr'>a</span> <span class='ocrx_word' id='word_1_221' title='bbox 1151 4231 1299 4282; x_wconf 87' lang='lat' dir='ltr'>disco</span> <span class='ocrx_word' id='word_1_222' title='bbox 1349 4231 1429 4280; x_wconf 86' lang='lat' dir='ltr'>vi-</span> 
     </span>
    </p>
   </div>
   <div class='ocr_carea' id='block_1_13' title="bbox 1497 1992 2548 4301">
    <p class='ocr_par' dir='ltr' id='par_1_17' title="bbox 1497 1992 2545 2577">
     <span class='ocr_line' id='line_1_47' title="bbox 1499 1992 2542 2061; baseline 0.004 -19"><span class='ocrx_word' id='word_1_223' title='bbox 1499 1993 1726 2054; x_wconf 89' lang='lat' dir='ltr'>brand0,</span> <span class='ocrx_word' id='word_1_224' title='bbox 1767 2007 1798 2043; x_wconf 89' lang='lat' dir='ltr'>a</span> <span class='ocrx_word' id='word_1_225' title='bbox 1842 1992 2185 2046; x_wconf 76' lang='lat' dir='ltr'>iaculando‘?»</span> <span class='ocrx_word' id='word_1_226' title='bbox 2243 2024 2296 2032; x_wconf 92' lang='lat'>—-</span> <span class='ocrx_word' id='word_1_227' title='bbox 2351 1997 2542 2061; x_wconf 74' lang='lat' dir='ltr'>nobilis]</span> 
     </span>
     <span class='ocr_line' id='line_1_48' title="bbox 1501 2069 2545 2136; baseline 0.007 -22"><span class='ocrx_word' id='word_1_228' title='bbox 1501 2081 1703 2131; x_wconf 77' lang='lat' dir='ltr'>«saepe</span> <span class='ocrx_word' id='word_1_229' title='bbox 1756 2070 1912 2119; x_wconf 87' lang='lat' dir='ltr'>antea</span> <span class='ocrx_word' id='word_1_230' title='bbox 1969 2069 2270 2122; x_wconf 85' lang='lat' dir='ltr'>celebratus</span> <span class='ocrx_word' id='word_1_231' title='bbox 2325 2075 2545 2136; x_wconf 86' lang='lat' dir='ltr'>propter</span> 
     </span>
     <span class='ocr_line' id='line_1_49' title="bbox 1498 2142 2543 2212; baseline 0.006 -21"><span class='ocrx_word' id='word_1_232' title='bbox 1498 2142 1665 2192; x_wconf 88' lang='lat' dir='ltr'>robur</span> <span class='ocrx_word' id='word_1_233' title='bbox 1686 2181 1698 2204; x_wconf 88' lang='lat'>,</span> <span class='ocrx_word' id='word_1_234' title='bbox 1745 2158 1850 2208; x_wconf 86' lang='lat' dir='ltr'>quo</span> <span class='ocrx_word' id='word_1_235' title='bbox 1886 2145 2116 2196; x_wconf 86' lang='lat' dir='ltr'>iaculum</span> <span class='ocrx_word' id='word_1_236' title='bbox 2151 2145 2286 2196; x_wconf 86' lang='lat' dir='ltr'>ultra</span> <span class='ocrx_word' id='word_1_237' title='bbox 2320 2161 2543 2212; x_wconf 89' lang='lat' dir='ltr'>scopum</span> 
     </span>
     <span class='ocr_line' id='line_1_50' title="bbox 1499 2218 2544 2284; baseline 0.003 -17"><span class='ocrx_word' id='word_1_238' title='bbox 1499 2218 1841 2269; x_wconf 89' lang='lat' dir='ltr'>constitutum</span> <span class='ocrx_word' id='word_1_239' title='bbox 1874 2219 2059 2271; x_wconf 82' lang='lat' dir='ltr'>validis</span> <span class='ocrx_word' id='word_1_240' title='bbox 2082 2220 2290 2272; x_wconf 88' lang='lat' dir='ltr'>lacertis</span> <span class='ocrx_word' id='word_1_241' title='bbox 2313 2224 2544 2284; x_wconf 60' lang='lat' dir='ltr'>arpedie-</span> 
     </span>
     <span class='ocr_line' id='line_1_51' title="bbox 1497 2293 2542 2353; baseline 0.005 -13"><span class='ocrx_word' id='word_1_242' title='bbox 1497 2293 1615 2353; x_wconf 76' lang='lat' dir='ltr'>bat,</span> <span class='ocrx_word' id='word_1_243' title='bbox 1671 2293 1998 2344; x_wconf 76' lang='lat' dir='ltr'>emittebat.»</span> <span class='ocrx_word' id='word_1_244' title='bbox 2070 2296 2153 2346; x_wconf 88' lang='lat' dir='ltr'>Sic</span> <span class='ocrx_word' id='word_1_245' title='bbox 2203 2310 2391 2346; x_wconf 89' lang='lat' dir='ltr'>omnes</span> <span class='ocrx_word' id='word_1_246' title='bbox 2431 2297 2542 2346; x_wconf 86' lang='lat' dir='ltr'>fere</span> 
     </span>
     <span class='ocr_line' id='line_1_52' title="bbox 1497 2369 2545 2434; baseline 0.001 -17"><span class='ocrx_word' id='word_1_247' title='bbox 1497 2369 1854 2418; x_wconf 87' lang='lat' dir='ltr'>Romanorum</span> <span class='ocrx_word' id='word_1_248' title='bbox 1888 2371 2291 2421; x_wconf 81' lang='lat' dir='ltr'>exercitationes</span> <span class='ocrx_word' id='word_1_249' title='bbox 2329 2374 2545 2434; x_wconf 87' lang='lat' dir='ltr'>praeter</span> 
     </span>
     <span class='ocr_line' id='line_1_53' title="bbox 1497 2439 2544 2509; baseline 0.003 -18"><span class='ocrx_word' id='word_1_250' title='bbox 1497 2439 1686 2504; x_wconf 88' lang='lat' dir='ltr'>pilam,</span> <span class='ocrx_word' id='word_1_251' title='bbox 1734 2455 1871 2506; x_wconf 85' lang='lat' dir='ltr'>quae</span> <span class='ocrx_word' id='word_1_252' title='bbox 1907 2442 2042 2494; x_wconf 89' lang='lat' dir='ltr'>lusui</span> <span class='ocrx_word' id='word_1_253' title='bbox 2075 2446 2250 2509; x_wconf 87' lang='lat' dir='ltr'>potius</span> <span class='ocrx_word' id='word_1_254' title='bbox 2283 2446 2544 2497; x_wconf 79' lang='lat' dir='ltr'>inservie-</span> 
     </span>
     <span class='ocr_line' id='line_1_54' title="bbox 1498 2515 1954 2577; baseline 0.007 -13"><span class='ocrx_word' id='word_1_255' title='bbox 1498 2515 1620 2577; x_wconf 85' lang='lat' dir='ltr'>bat,</span> <span class='ocrx_word' id='word_1_256' title='bbox 1660 2521 1954 2567; x_wconf 86' lang='lat' dir='ltr'>enumerat.</span> 
     </span>
    </p>

    <p class='ocr_par' dir='ltr' id='par_1_18' title="bbox 1498 2590 2546 3250">
     <span class='ocr_line' id='line_1_55' title="bbox 1566 2590 2544 2656; baseline 0.003 -17"><span class='ocrx_word' id='word_1_257' title='bbox 1566 2590 1645 2639; x_wconf 91' lang='grc'>43.</span> <span class='ocrx_word' id='word_1_258' title='bbox 1686 2592 1816 2652; x_wconf 78' lang='lat' dir='ltr'>Quid</span> <span class='ocrx_word' id='word_1_259' title='bbox 1847 2592 1981 2656; x_wconf 73' lang='lat' dir='ltr'>latet]</span> <span class='ocrx_word' id='word_1_260' title='bbox 2007 2592 2151 2656; x_wconf 89' lang='lat' dir='ltr'>apud</span> <span class='ocrx_word' id='word_1_261' title='bbox 2174 2594 2261 2643; x_wconf 73' lang='lat' dir='ltr'>te‘?</span> <span class='ocrx_word' id='word_1_262' title='bbox 2295 2593 2386 2643; x_wconf 89' lang='lat' dir='ltr'>His</span> <span class='ocrx_word' id='word_1_263' title='bbox 2408 2593 2544 2642; x_wconf 89' lang='lat' dir='ltr'>haec</span> 
     </span>
     <span class='ocr_line' id='line_1_56' title="bbox 1499 2665 2544 2732; baseline 0.002 -18"><span class='ocrx_word' id='word_1_264' title='bbox 1499 2665 1763 2714; x_wconf 89' lang='lat' dir='ltr'>immiscet</span> <span class='ocrx_word' id='word_1_265' title='bbox 1795 2668 1969 2715; x_wconf 86' lang='lat' dir='ltr'>Acron</span> <span class='ocrx_word' id='word_1_266' title='bbox 2004 2667 2213 2716; x_wconf 85' lang='lat' dir='ltr'>Nannii:</span> <span class='ocrx_word' id='word_1_267' title='bbox 2271 2668 2413 2716; x_wconf 72' lang='lat' dir='ltr'>«Hoc</span> <span class='ocrx_word' id='word_1_268' title='bbox 2445 2669 2544 2732; x_wconf 83' lang='grc' dir='ltr'>ζη-</span> 
     </span>
     <span class='ocr_line' id='line_1_57' title="bbox 1498 2735 2546 2808; baseline 0.002 -20"><span class='ocrx_word' id='word_1_269' title='bbox 1498 2735 1895 2808; x_wconf 74' lang='grc' dir='ltr'><em>λοτυπώτερον</em></span> <span class='ocrx_word' id='word_1_270' title='bbox 1928 2741 1981 2790; x_wconf 89' lang='lat' dir='ltr'>in</span> <span class='ocrx_word' id='word_1_271' title='bbox 2016 2739 2234 2791; x_wconf 84' lang='lat' dir='ltr'>rivalem</span> <span class='ocrx_word' id='word_1_272' title='bbox 2270 2740 2454 2799; x_wconf 64' lang='lat' dir='ltr'>dicitpo</span> <span class='ocrx_word' id='word_1_273' title='bbox 2492 2743 2546 2790; x_wconf 90' lang='lat' dir='ltr'>et</span> 
     </span>
     <span class='ocr_line' id='line_1_58' title="bbox 1499 2813 2544 2877; baseline 0.001 -14"><span class='ocrx_word' id='word_1_274' title='bbox 1499 2813 1672 2864; x_wconf 86' lang='lat' dir='ltr'>initio:</span> <span class='ocrx_word' id='word_1_275' title='bbox 1729 2815 1820 2863; x_wconf 74' lang='lat' dir='ltr'>«in</span> <span class='ocrx_word' id='word_1_276' title='bbox 1871 2813 2094 2877; x_wconf 79' lang='lat' dir='ltr'>Lydiam</span> <span class='ocrx_word' id='word_1_277' title='bbox 2145 2814 2269 2864; x_wconf 89' lang='lat' dir='ltr'>dicit</span> <span class='ocrx_word' id='word_1_278' title='bbox 2318 2814 2544 2877; x_wconf 83' lang='lat' dir='ltr'>volgaris</span> 
     </span>
     <span class='ocr_line' id='line_1_59' title="bbox 1500 2888 2544 2953; baseline -0.001 -14"><span class='ocrx_word' id='word_1_279' title='bbox 1500 2889 1701 2939; x_wconf 83' lang='lat' dir='ltr'>formae</span> <span class='ocrx_word' id='word_1_280' title='bbox 1737 2888 2017 2939; x_wconf 89' lang='lat' dir='ltr'>mulierem</span> <span class='ocrx_word' id='word_1_281' title='bbox 2052 2892 2104 2940; x_wconf 89' lang='lat' dir='ltr'>et</span> <span class='ocrx_word' id='word_1_282' title='bbox 2138 2889 2240 2941; x_wconf 88' lang='lat' dir='ltr'>sibi</span> <span class='ocrx_word' id='word_1_283' title='bbox 2262 2888 2544 2953; x_wconf 88' lang='lat' dir='ltr'>aliquando</span> 
     </span>
     <span class='ocr_line' id='line_1_60' title="bbox 1500 2962 2543 3028; baseline 0.001 -16"><span class='ocrx_word' id='word_1_284' title='bbox 1500 2962 1800 3013; x_wconf 77' lang='lat' dir='ltr'>dilectam.»</span> <span class='ocrx_word' id='word_1_285' title='bbox 1869 2963 1973 3014; x_wconf 90' lang='lat' dir='ltr'>Sed</span> <span class='ocrx_word' id='word_1_286' title='bbox 2019 2966 2101 3015; x_wconf 84' lang='lat' dir='ltr'>est</span> <span class='ocrx_word' id='word_1_287' title='bbox 2134 2966 2308 3028; x_wconf 84' lang='lat' dir='ltr'>potius</span> <span class='ocrx_word' id='word_1_288' title='bbox 2343 2962 2543 3015; x_wconf 87' lang='lat' dir='ltr'>mollis-</span> 
     </span>
     <span class='ocr_line' id='line_1_61' title="bbox 1499 3036 2543 3090; baseline -0.003 -1"><span class='ocrx_word' id='word_1_289' title='bbox 1499 3039 1620 3089; x_wconf 90' lang='lat' dir='ltr'>simi</span> <span class='ocrx_word' id='word_1_290' title='bbox 1656 3039 1761 3089; x_wconf 85' lang='lat' dir='ltr'>iam</span> <span class='ocrx_word' id='word_1_291' title='bbox 1785 3039 2011 3090; x_wconf 88' lang='lat' dir='ltr'>hominis</span> <span class='ocrx_word' id='word_1_292' title='bbox 2035 3041 2088 3089; x_wconf 85' lang='lat' dir='ltr'>et</span> <span class='ocrx_word' id='word_1_293' title='bbox 2110 3038 2449 3089; x_wconf 88' lang='lat' dir='ltr'>mulierculae</span> <span class='ocrx_word' id='word_1_294' title='bbox 2475 3036 2543 3087; x_wconf 89' lang='lat' dir='ltr'>illi</span> 
     </span>
     <span class='ocr_line' id='line_1_62' title="bbox 1499 3112 2543 3176; baseline -0.001 -15"><span class='ocrx_word' id='word_1_295' title='bbox 1499 3125 1720 3176; x_wconf 86' lang='lat' dir='ltr'>prorsus</span> <span class='ocrx_word' id='word_1_296' title='bbox 1744 3112 1955 3163; x_wconf 81' lang='lat' dir='ltr'>obnoxii</span> <span class='ocrx_word' id='word_1_297' title='bbox 1978 3115 2155 3163; x_wconf 84' lang='lat' dir='ltr'>iocosa</span> <span class='ocrx_word' id='word_1_298' title='bbox 2180 3113 2393 3173; x_wconf 88' lang='lat' dir='ltr'>derisi0,</span> <span class='ocrx_word' id='word_1_299' title='bbox 2431 3113 2543 3162; x_wconf 82' lang='lat' dir='ltr'>sive</span> 
     </span>
     <span class='ocr_line' id='line_1_63' title="bbox 1500 3186 2498 3250; baseline 0 -15"><span class='ocrx_word' id='word_1_300' title='bbox 1500 3187 1553 3235; x_wconf 88' lang='lat' dir='ltr'>in</span> <span class='ocrx_word' id='word_1_301' title='bbox 1586 3186 1719 3236; x_wconf 81' lang='lat' dir='ltr'>vivis</span> <span class='ocrx_word' id='word_1_302' title='bbox 1753 3187 1797 3237; x_wconf 88' lang='lat' dir='ltr'>is</span> <span class='ocrx_word' id='word_1_303' title='bbox 1830 3200 2066 3250; x_wconf 89' lang='lat' dir='ltr'>unquam</span> <span class='ocrx_word' id='word_1_304' title='bbox 2103 3188 2196 3237; x_wconf 78' lang='lat' dir='ltr'>fuit</span> <span class='ocrx_word' id='word_1_305' title='bbox 2229 3190 2341 3237; x_wconf 76' lang='lat' dir='ltr'>sive</span> <span class='ocrx_word' id='word_1_306' title='bbox 2376 3200 2498 3237; x_wconf 91' lang='lat' dir='ltr'>non.</span> 
     </span>
    </p>

    <p class='ocr_par' dir='ltr' id='par_1_19' title="bbox 1500 3259 2548 4301">
     <span class='ocr_line' id='line_1_64' title="bbox 1568 3259 2545 3326; baseline 0 -17"><span class='ocrx_word' id='word_1_307' title='bbox 1568 3259 1649 3311; x_wconf 74' lang='lat'>⁴4.</span> <span class='ocrx_word' id='word_1_308' title='bbox 1688 3260 1792 3311; x_wconf 83' lang='lat' dir='ltr'>Cfr.</span> <span class='ocrx_word' id='word_1_309' title='bbox 1829 3261 2078 3312; x_wconf 86' lang='lat' dir='ltr'>Welcker</span> <span class='ocrx_word' id='word_1_310' title='bbox 2111 3262 2200 3313; x_wconf 86' lang='lat' dir='ltr'>Gr.</span> <span class='ocrx_word' id='word_1_311' title='bbox 2244 3261 2545 3326; x_wconf 69' lang='lat' dir='ltr'>Traqoedien</span> 
     </span>
     <span class='ocr_line' id='line_1_65' title="bbox 1500 3334 2544 3400; baseline -0.002 -15"><span class='ocrx_word' id='word_1_312' title='bbox 1500 3337 1539 3386; x_wconf 75' lang='lat'>1:</span> <span class='ocrx_word' id='word_1_313' title='bbox 1578 3349 1632 3400; x_wconf 90' lang='lat' dir='ltr'>p.</span> <span class='ocrx_word' id='word_1_314' title='bbox 1673 3335 1784 3385; x_wconf 86' lang='grc'><strong>493.</strong></span> <span class='ocrx_word' id='word_1_315' title='bbox 1822 3337 2017 3396; x_wconf 88' lang='lat' dir='ltr'>Thetis,</span> <span class='ocrx_word' id='word_1_316' title='bbox 2057 3350 2122 3386; x_wconf 91' lang='lat' dir='ltr'>ne</span> <span class='ocrx_word' id='word_1_317' title='bbox 2145 3337 2345 3400; x_wconf 90' lang='lat' dir='ltr'>periret</span> <span class='ocrx_word' id='word_1_318' title='bbox 2367 3334 2544 3385; x_wconf 88' lang='lat' dir='ltr'>Achil-</span> 
     </span>
     <span class='ocr_line' id='line_1_66' title="bbox 1500 3407 2542 3475; baseline -0.002 -16"><span class='ocrx_word' id='word_1_319' title='bbox 1500 3407 1578 3460; x_wconf 89' lang='lat' dir='ltr'>les</span> <span class='ocrx_word' id='word_1_320' title='bbox 1589 3410 1796 3459; x_wconf 83' lang='lat' dir='ltr'>Troiam</span> <span class='ocrx_word' id='word_1_321' title='bbox 1817 3413 2232 3475; x_wconf 80' lang='lat' dir='ltr'>oppugnaturuS,</span> <span class='ocrx_word' id='word_1_322' title='bbox 2259 3422 2384 3460; x_wconf 89' lang='lat' dir='ltr'>eum</span> <span class='ocrx_word' id='word_1_323' title='bbox 2403 3409 2542 3473; x_wconf 89' lang='lat' dir='ltr'>apud</span> 
     </span>
     <span class='ocr_line' id='line_1_67' title="bbox 1502 3483 2541 3548; baseline -0.002 -13"><span class='ocrx_word' id='word_1_324' title='bbox 1502 3485 1889 3547; x_wconf 80' lang='lat' dir='ltr'>Lycomedem,</span> <span class='ocrx_word' id='word_1_325' title='bbox 1917 3485 2066 3548; x_wconf 83' lang='lat' dir='ltr'>Scyri</span> <span class='ocrx_word' id='word_1_326' title='bbox 2101 3483 2303 3535; x_wconf 85' lang='lat' dir='ltr'>insulae</span> <span class='ocrx_word' id='word_1_327' title='bbox 2338 3498 2541 3547; x_wconf 83' lang='lat' dir='ltr'>regem,</span> 
     </span>
     <span class='ocr_line' id='line_1_68' title="bbox 1501 3557 2546 3622; baseline -0.002 -14"><span class='ocrx_word' id='word_1_328' title='bbox 1501 3560 1554 3608; x_wconf 92' lang='lat' dir='ltr'>in</span> <span class='ocrx_word' id='word_1_329' title='bbox 1589 3558 1823 3607; x_wconf 88' lang='lat' dir='ltr'>thalamo</span> <span class='ocrx_word' id='word_1_330' title='bbox 1866 3560 2013 3609; x_wconf 79' lang='lat' dir='ltr'>veste</span> <span class='ocrx_word' id='word_1_331' title='bbox 2048 3557 2268 3622; x_wconf 84' lang='lat' dir='ltr'>puellari</span> <span class='ocrx_word' id='word_1_332' title='bbox 2302 3558 2546 3607; x_wconf 90' lang='lat' dir='ltr'>indutum</span> 
     </span>
     <span class='ocr_line' id='line_1_69' title="bbox 1501 3632 2548 3694; baseline -0.001 -11"><span class='ocrx_word' id='word_1_333' title='bbox 1501 3632 1818 3693; x_wconf 88' lang='lat' dir='ltr'>occultarat,</span> <span class='ocrx_word' id='word_1_334' title='bbox 1871 3633 1962 3683; x_wconf 89' lang='lat' dir='ltr'>ubi</span> <span class='ocrx_word' id='word_1_335' title='bbox 2014 3632 2354 3693; x_wconf 83' lang='lat' dir='ltr'>Deidamiae,</span> <span class='ocrx_word' id='word_1_336' title='bbox 2407 3632 2548 3694; x_wconf 85' lang='lat' dir='ltr'>regis</span> 
     </span>
     <span class='ocr_line' id='line_1_70' title="bbox 1501 3707 2546 3773; baseline 0.001 -16"><span class='ocrx_word' id='word_1_337' title='bbox 1501 3707 1657 3767; x_wconf 85' lang='lat' dir='ltr'>filiae,</span> <span class='ocrx_word' id='word_1_338' title='bbox 1684 3721 1867 3758; x_wconf 87' lang='lat' dir='ltr'>amore</span> <span class='ocrx_word' id='word_1_339' title='bbox 1893 3710 2078 3773; x_wconf 87' lang='lat' dir='ltr'>captus</span> <span class='ocrx_word' id='word_1_340' title='bbox 2102 3710 2209 3766; x_wconf 90' lang='lat' dir='ltr'>est;</span> <span class='ocrx_word' id='word_1_341' title='bbox 2253 3721 2394 3767; x_wconf 81' lang='lat' dir='ltr'>mox,</span> <span class='ocrx_word' id='word_1_342' title='bbox 2423 3720 2546 3758; x_wconf 89' lang='lat' dir='ltr'>cum</span> 
     </span>
     <span class='ocr_line' id='line_1_71' title="bbox 1502 3780 2547 3834; baseline -0.001 0"><span class='ocrx_word' id='word_1_343' title='bbox 1502 3781 1674 3834; x_wconf 79' lang='lat' dir='ltr'>Ulixes</span> <span class='ocrx_word' id='word_1_344' title='bbox 1709 3783 2020 3832; x_wconf 89' lang='lat' dir='ltr'>mercatoris</span> <span class='ocrx_word' id='word_1_345' title='bbox 2053 3782 2237 3832; x_wconf 87' lang='lat' dir='ltr'>habitu</span> <span class='ocrx_word' id='word_1_346' title='bbox 2260 3783 2398 3832; x_wconf 90' lang='lat' dir='ltr'>inter</span> <span class='ocrx_word' id='word_1_347' title='bbox 2419 3780 2547 3833; x_wconf 81' lang='lat' dir='ltr'>alias</span> 
     </span>
     <span class='ocr_line' id='line_1_72' title="bbox 1502 3855 2543 3920; baseline -0.001 -14"><span class='ocrx_word' id='word_1_348' title='bbox 1502 3870 1713 3907; x_wconf 85' lang='lat' dir='ltr'>merces</span> <span class='ocrx_word' id='word_1_349' title='bbox 1748 3870 1898 3907; x_wconf 88' lang='lat' dir='ltr'>arma</span> <span class='ocrx_word' id='word_1_350' title='bbox 1931 3855 2120 3920; x_wconf 86' lang='lat' dir='ltr'>puellis</span> <span class='ocrx_word' id='word_1_351' title='bbox 2158 3857 2543 3920; x_wconf 88' lang='lat' dir='ltr'>proposuisset,</span> 
     </span>
     <span class='ocr_line' id='line_1_73' title="bbox 1501 3930 2542 3996; baseline -0.001 -16"><span class='ocrx_word' id='word_1_352' title='bbox 1501 3930 1585 3981; x_wconf 89' lang='lat' dir='ltr'>ille</span> <span class='ocrx_word' id='word_1_353' title='bbox 1610 3932 1693 3982; x_wconf 89' lang='lat' dir='ltr'>his</span> <span class='ocrx_word' id='word_1_354' title='bbox 1716 3931 1907 3996; x_wconf 90' lang='lat' dir='ltr'>cupide</span> <span class='ocrx_word' id='word_1_355' title='bbox 1931 3933 2155 3994; x_wconf 87' lang='lat' dir='ltr'>arreptis</span> <span class='ocrx_word' id='word_1_356' title='bbox 2180 3931 2422 3981; x_wconf 89' lang='lat' dir='ltr'>detectus</span> <span class='ocrx_word' id='word_1_357' title='bbox 2445 3934 2542 3981; x_wconf 87' lang='lat' dir='ltr'>est.</span> 
     </span>
     <span class='ocr_line' id='line_1_74' title="bbox 1501 4005 2546 4069; baseline -0.003 -13"><span class='ocrx_word' id='word_1_358' title='bbox 1501 4005 1755 4056; x_wconf 89' lang='lat' dir='ltr'>Fabulam</span> <span class='ocrx_word' id='word_1_359' title='bbox 1824 4007 2025 4069; x_wconf 82' lang='lat' dir='ltr'>ignorat</span> <span class='ocrx_word' id='word_1_360' title='bbox 2090 4006 2384 4067; x_wconf 72' lang='lat' dir='ltr'>Homeru3‚</span> <span class='ocrx_word' id='word_1_361' title='bbox 2455 4005 2546 4069; x_wconf 83' lang='lat' dir='ltr'>qui</span> 
     </span>
     <span class='ocr_line' id='line_1_75' title="bbox 1504 4079 2546 4141; baseline -0.002 -11"><span class='ocrx_word' id='word_1_362' title='bbox 1504 4083 1708 4131; x_wconf 86' lang='lat' dir='ltr'>tantum</span> <span class='ocrx_word' id='word_1_363' title='bbox 1743 4080 1888 4131; x_wconf 87' lang='lat' dir='ltr'>Iliad.</span> <span class='ocrx_word' id='word_1_364' title='bbox 1925 4095 1974 4141; x_wconf 78' lang='grc' dir='ltr'>τ,</span> <span class='ocrx_word' id='word_1_365' title='bbox 2012 4080 2125 4131; x_wconf 76' lang='lat'>326.</span> <span class='ocrx_word' id='word_1_366' title='bbox 2195 4079 2376 4130; x_wconf 82' lang='lat' dir='ltr'>Achilli</span> <span class='ocrx_word' id='word_1_367' title='bbox 2409 4079 2546 4129; x_wconf 88' lang='lat' dir='ltr'>haec</span> 
     </span>
     <span class='ocr_line' id='line_1_76' title="bbox 1504 4148 2548 4226; baseline -0.002 -21"><span class='ocrx_word' id='word_1_368' title='bbox 1504 4155 1711 4205; x_wconf 83' lang='lat' dir='ltr'>tribuit:</span> <span class='ocrx_word' id='word_1_369' title='bbox 1773 4151 1842 4220; x_wconf 78' lang='grc' dir='ltr'>ἠὲ</span> <span class='ocrx_word' id='word_1_370' title='bbox 1883 4153 2019 4216; x_wconf 78' lang='grc' dir='ltr'><em>τόν,</em></span> <span class='ocrx_word' id='word_1_371' title='bbox 2074 4148 2142 4218; x_wconf 84' lang='grc' dir='ltr'>ὃς</span> <span class='ocrx_word' id='word_1_372' title='bbox 2191 4151 2393 4226; x_wconf 76' lang='grc' dir='ltr'><strong><em>Σκύρῳ</em></strong></span> <span class='ocrx_word' id='word_1_373' title='bbox 2441 4168 2548 4218; x_wconf 86' lang='grc' dir='ltr'>μοι</span> 
     </span>
     <span class='ocr_line' id='line_1_77' title="bbox 1502 4223 2546 4301; baseline -0.003 -20"><span class='ocrx_word' id='word_1_374' title='bbox 1502 4223 1588 4281; x_wconf 72' lang='grc' dir='ltr'>’ἔνι</span> <span class='ocrx_word' id='word_1_375' title='bbox 1621 4231 1890 4301; x_wconf 74' lang='grc' dir='ltr'><strong><em>τρέφεται</em></strong></span> <span class='ocrx_word' id='word_1_376' title='bbox 1922 4228 2093 4294; x_wconf 78' lang='grc' dir='ltr'><em>φίλος</em></span> <span class='ocrx_word' id='word_1_377' title='bbox 2132 4226 2275 4293; x_wconf 80' lang='grc' dir='ltr'><strong><em>υἱός.</em></strong></span> <span class='ocrx_word' id='word_1_378' title='bbox 2336 4228 2546 4279; x_wconf 86' lang='lat' dir='ltr'>Fundus</span> 
     </span>
    </p>
   </div>
  </div>
 </body>
</html>
