3234 4975
1287 373 1404 422 Lm.
1444 373 1504 422 11.

1579 375 1638 422 e.
1676 374 1782 423 ιιι.
2492 374 2616 438 279

784 529 949 593 Num
991 538 1088 604 tu,
1136 548 1307 614 quae
1349 527 1553 594 tenuit
1595 528 1780 595 dives
1822 530 2300 605 Achaemenes,

785 651 907 715 Aut
951 649 1207 736 pinguis
1250 648 1571 737 Phrygiae
1616 651 1996 742 Mygdonias
2042 673 2203 738 opes

785 775 1157 840 Permutare
1203 773 1363 840 velis
1405 773 1583 841 crine
1627 773 1999 862 Licymniae
2025 825 2039 849 ‚

949 895 1181 962 Plenas
1225 906 1335 961 aut
1376 894 1657 961 Arabum
1700 895 1979 960 domos?
2007 917 2121 961 ·—:

783 1056 948 1120 Dum
993 1052 1325 1140 flagrantia
1368 1053 1715 1141 detorquet
1756 1054 1838 1120 ad
1896 1054 2118 1121 oscula

2534 1059 2615 1123 25

785 1176 1119 1244 Cervicem
1163 1186 1274 1241 aut
1315 1173 1480 1242 sacili
1515 1175 1784 1241 saevitia
1826 1187 2047 1262 negat,

782 1298 965 1376 Quae
1011 1307 1318 1384 poscente
1362 1295 1568 1382 magis
1612 1295 1893 1383 gaudeat
1935 1297 2128 1384 eripi,

576 1469 656 1518 24.
708 1466 853 1530 quae]
901 1480 1046 1529 quem
1088 1468 1145 1516 T.
1199 1492 1254 1502 —-
1296 1467 1377 1516 25.
1418 1465 1542 1515 Cum
1573 1466 1774 1527 Bb‘I',L.
1814 1468 1934 1529 (non
1969 1468 2110 1529 Sed.)
2152 1496 2205 1505 —
2254 1471 2549 1534 fram-antia

511 1544 586 1593 Lt.
660 1542 739 1605 (Ut
770 1554 868 1591 nos
888 1580 901 1602 ‚
938 1554 1127 1591 omnes
1159 1542 1325 1592 nostri
1358 1542 1412 1590 et
1445 1538 1600 1606 βγκ.)

510 1693 590 1741 24.
629 1690 976 1753 Achaemenes]
1015 1691 1194 1749 heros,
1222 1690 1491 1751 mythicus
1564 1689 1628 1749 2,
1668 1690 1759 1749 40,
1799 1690 1893 1740 ⁴6:
1966 1691 2029 1739 Ει
2077 1693 2253 1741 domus
2298 1695 2518 1747 intactae
2566 1703 2614 1747 to

445 1765 688 1815 conditor
745 1765 922 1828 stirpis
973 1764 1490 1814 Achaemenidarum
1563 1764 1731 1812 tranis
1762 1763 1996 1814 Arabiae.
2067 1767 2314 1817 Attamen
2338 1769 2390 1817 h.
2418 1768 2450 1819 l.
2486 1783 2609 1821 cum

444 1842 582 1890 inter
614 1842 818 1889 Persas,
891 1839 995 1888 Csr.
1040 1838 1234 1887 Herod.
1279 1839 1333 1899 7,
1375 1838 1485 1897 ⁴⁴„

1565 1836 1787 1886 Frankio
1824 1836 1891 1886 de
1928 1839 2260 1903 expeditione
2286 1842 2336 1891 in
2361 1843 2611 1895 Arabiam

445 1916 530 1964 cui
548 1915 630 1964 est
646 1914 770 1975 Cyri
790 1926 1039 1976 proavus.
1066 1911 1211 1962 Plato
1228 1911 1482 1962 Alcibiad.
1563 1923 1593 1959 a
1620 1912 1851 1961 Caesare
1875 1914 2213 1976 suscipienda
2237 1916 2468 1979 cogitare
2488 1918 2610 1971 noli.

445 1990 482 2037 1.
509 2002 561 2052 p.
607 1989 717 2036 420.
760 1988 819 2036 Ε.
858 1988 1039 2039 Persei
1067 1985 1233 2036 filium
1256 1984 1490 2049 appellat

443 2061 687 2113 Nicolaus
727 2064 972 2112 Damaso.
1015 2062 1069 2110 in
1109 2060 1284 2122 Etym.
1328 2062 1395 2110 Μ.
1431 2073 1482 2109 v.

443 2129 776 2200 Ἀχαιμένης
808 2149 861 2199 p.
891 2135 1014 2195 ⁴80,
1042 2133 1122 2184 to.

508 2239 590 2287 22.
615 2237 928 2300 Myydonias]
948 2239 988 2286 Α
1009 2235 1289 2299 Mygdone,
1310 2239 1487 2301 prisco

443 2326 568 2375 rege
586 2351 598 2371 ,
650 2326 775 2376 pars
822 2312 1080 2374 Phrygiae
1129 2324 1354 2374 maguae
1390 2324 1488 2375 ap-

441 2386 739 2450 pellabatur
760 2385 1058 2447 Mygdonia.
1096 2384 1241 2435 Iliad.
1268 2402 1330 2450 y,
1359 2386 1482 2434 ⁴85:

425 2454 611 2510 Ἔνθα
627 2458 750 2511 ’ἴδον
768 2458 1071 2522 πλείστους
1088 2456 1330 2530 Φρύγας,
1354 2453 1488 2508 ἀνέ-

441 2551 547 2606 ρας
584 2532 980 2597 αἰολοπώλους
1017 2532 1216 2598 Λαοὺς
1257 2530 1488 2604 Ὀτρῆος

440 2611 541 2659 καὶ
578 2607 876 2676 Μύγδονος
896 2604 1205 2660 ἀντιθέοιο.
1261 2612 1484 2660 Pausan.

445 2686 507 2735 ⁴0
525 2724 536 2741 .
575 2686 637 2735 27
656 2701 666 2733 :
709 2680 857 2748 (Ἀπὸ
880 2682 1195 2750 Μύγδονος)
1222 2688 1487 2750 ποιηταῖς

441 2754 744 2826 Μύγδονας
790 2754 981 2824 ὄνομα
1029 2760 1124 2810 ἐπὶ
1155 2766 1279 2822 τοῖς
1312 2757 1487 2831 Φρυξὶ

440 2834 712 2885 τίθεσθαι
743 2835 1118 2900 καθέστηκεν.

505 2937 586 2986 23.
657 2937 821 3001 crine]
878 2936 1088 2986 Anthol.
1128 2936 1235 2986 Pal.
1274 2939 1311 2987 1.
1349 2939 1481 2986 205:

437 3005 578 3061 'Am
627 3007 771 3072 βοὸς
806 3012 1058 3080 χρυσέου
1091 3012 1139 3059 τ’
1175 3005 1487 3076 ἀναθήμα-

442 3099 543 3146 τος
576 3079 742 3135 Ἴσιδι
803 3082 1012 3149 τούσδε
1064 3081 1302 3150 Θήκατο
1348 3082 1488 3148 τοὺς

441 3155 716 3228 λιπαροὺς
747 3157 1082 3224 Παμφιλιον
1127 3156 1483 3225 πλοκάμους.

447 3260 501 3269 -
544 3233 809 3284 Bentleius
833 3236 991 3297 atque
1017 3234 1335 3297 interpretes
1360 3248 1490 3285 non-

441 3305 566 3356 nulli
603 3309 900 3357 Germanici
935 3311 1289 3371 acceperunt,
1344 3322 1408 3358 ac
1442 3310 1487 3359 si

442 3384 586 3432 esset
617 3396 719 3431 uno
751 3383 920 3443 crine,
975 3396 1098 3432 cum
1145 3385 1326 3433 tamen
1361 3383 1487 3434 nihil

442 3455 767 3518 frequentius
817 3458 884 3507 sit
935 3470 1098 3519 quam
1147 3459 1302 3508 crinis
1350 3460 1483 3521 sing.

442 3529 644 3580 collect.
701 3544 799 3595 pro
858 3531 1094 3581 crinibus,
1186 3531 1274 3582 Illa
1340 3537 1486 3583 certe

441 3605 602 3654 nimia
627 3606 961 3668 exaggeratio
985 3606 1211 3655 videtur.
1282 3609 1340 3657 ln
1365 3621 1490 3657 ean-

441 3679 567 3728 dem
589 3693 808 3743 prorsus
831 3680 1118 3743 imaginem
1140 3680 1323 3730 incidit
1345 3683 1488 3733 Hafis

442 3752 585 3816 apud
632 3755 787 3804 Iones
839 3757 991 3804 Poes.
1044 3754 1206 3804 Asiat.
1260 3768 1314 3818 p.
1352 3756 1484 3805 367:

443 3828 653 3876 Tamna·
701 3829 869 3878 amica
915 3841 1007 3877 nos
1053 3829 1179 3878 nihil
1232 3830 1485 3890 aestimet,

440 3907 608 3950 tamen
658 3902 767 3950 orbi
816 3908 1074 3952 terrarum
1105 3917 1207 3952 non
1230 3908 1489 3965 permute-

438 3988 552 4026 mus
582 3975 770 4025 crinem
800 3977 935 4026 illius
966 3979 1160 4040 capitis.

503 4067 586 4118 24.
621 4067 862 4132 Arabum]
900 4070 994 4120 od.
1023 4073 1070 4130 ⁴,
1097 4070 1179 4130 29,
1215 4071 1235 4119 ⁴
1266 4083 1277 4117 :
1315 4069 1493 4119 boacas-

436 4142 851 4206 Arabam-aazis.
925 4145 1066 4208 virg.
1106 4148 1197 4195 Ge.
1235 4146 1296 4206 2,
1354 4144 1482 4194 Ηὸε

438 4217 669 4281 ansque
717 4219 888 4270 domos
933 4220 1171 4271 Arabum.
1245 4222 1483 4285 Propert.

1561 1984 1824 2035 Memorat
1887 1990 1995 2037 tres
2051 1988 2277 2051 populos
2327 1992 2611 2045 orientales

1558 2062 1780 2123 propter
1812 2073 1942 2124 opes
1979 2061 2351 2115 «barbaricas»
2388 2081 2419 2116 a
2441 2070 2612 2131 poetis

1560 2145 1724 2195 saepe
1743 2132 2057 2185 celebratos.
2096 2138 2269 2188 Prima
2286 2140 2444 2191 huius
2462 2155 2614 2193 com-

1559 2209 1848 2271 parationis
1882 2209 2041 2260 sedes
2077 2214 2162 2262 est
2193 2214 2335 2277 apud
2369 2218 2612 2280 Sappho-

1562 2295 1690 2331 nem
1723 2284 1893 2345 Bergk
1920 2298 1970 2347 p.
1999 2285 2094 2334 6⁴9
2118 2300 2128 2334 :
2150 2278 2315 2338 Ἔστι
2329 2305 2437 2354 μοι
2457 2287 2608 2340 κάλα

1562 2354 1699 2419 πάϊς
1710 2393 1724 2415 ,
1761 2360 2089 2427 χρυσίοισιν
2110 2354 2456 2425 ἄνθέμοισιν
2471 2358 2610 2429 Ἐμ-

1561 2434 1748 2503 φέρην
1815 2427 2024 2494 ἔχοισα
2088 2433 2360 2504 μορφάν,
2428 2437 2608 2503 Κλᾶϊς

1561 2502 1833 2574 ἁγαπατά
1853 2546 1867 2568 ,
1932 2503 2073 2559 Ἀντὶ.
2136 2507 2242 2572 τᾶς
2291 2508 2402 2578 ἐγώ
2471 2508 2607 2565 οὐδὲ

1561 2580 1778 2633 Λυδίαν
1844 2587 2059 2632 παῖσαν
2126 2580 2245 2634 οὐδ’
2313 2583 2557 2657 ἐράνναν
2579 2617 2610 2627 -

1563 2656 1796 2722 (Reliqua
1831 2658 2062 2721 desunt.)

1626 2735 1708 2783 25.
1781 2732 1941 2796 Dwn]
2014 2733 2128 2783 Hoc
2195 2731 2346 2797 longe
2397 2738 2604 2800 aptius:

1548 2808 1810 2871 jedesmal,
1833 2821 2008 2868 wana,
2034 2809 2151 2870 oy-m‘
2172 2809 2308 2858 volta
2327 2810 2442 2869 che,⁸
2472 2825 2604 2873 cum,

1561 2883 1630 2932 de
1665 2896 1771 2932 uno
1806 2881 2080 2932 dumtaxat
2112 2885 2368 2946 temporis
2390 2888 2605 2949 puncto,

1565 2986 1621 2994 -
1656 2955 1962 3022 flam-antia]
2002 2957 2325 3016 «ardentia‚»
2363 2972 2393 3009 a
2435 2960 2603 3012 Codd.

1560 3032 1688 3082 satis
1723 3031 1959 3080 munitur
1991 3033 2172 3080 contra
2224 3029 2447 3083 aliorum
2493 3036 2610 3098 sra-

1558 3107 1793 3170 mantia,
1849 3104 2019 3154 «bene
2056 3105 2310 3167 olentia»,
2362 3107 2417 3157 id
2464 3109 2609 3172 quod

1562 3181 1631 3231 de
1655 3181 1975 3230 Maecenatis
1998 3179 2192 3230 osculis
2216 3180 2417 3232 dictum
2440 3196 2608 3247 prope

1562 3254 1843 3305 ridiculum
1878 3254 2029 3303 soret.
2077 3281 2133 3290 —
2187 3257 2468 3321 detorquet]
2520 3258 2609 3307 hic

1562 3342 1777 3393 quoque
1827 3342 1982 3379 suam
2039 3332 2218 3379 servat
2266 3332 2609 3393 significatio-

1561 3418 1721 3456 nem:
1763 3417 1823 3453 «a
1857 3403 2008 3453 solita
2041 3403 2159 3453 colli
2194 3406 2425 3467 positura
2460 3409 2609 3456 recta

1562 3480 1634 3529 ita
1666 3492 1725 3530 se
1762 3478 2023 3537 deflectit,
2082 3481 2143 3527 ut
2174 3480 2349 3528 mariti
2382 3481 2609 3531 amantis

1562 3552 1758 3604 osculis
1781 3553 2077 3601 occurrat.»
2104 3577 2156 3586 -
2202 3550 2423 3601 Martial.
2444 3551 2494 3614 4,
2522 3554 2604 3613 22,

1562 3629 1591 3677 7
1615 3643 1627 3676 :
1665 3627 1911 3676 luctantia
1941 3626 2109 3686 carpsi
2142 3625 2311 3674 Basia.

1627 3702 1708 3751 26.
1746 3702 1828 3750 27.
1880 3700 2044 3763 sacili]
2084 3698 2359 3749 «simulata
2394 3701 2450 3748 et
2480 3713 2609 3764 pro-

1558 3780 1747 3840 pterea
1790 3774 1934 3824 haud
1984 3787 2142 3836 aegre
2189 3773 2509 3823 exoranda.»
2550 3803 2605 3811 -

1564 3852 1704 3911 Quae
1719 3854 1949 3911 poscente
1968 3847 2155 3911 magis]
2214 3847 2351 3896 Cum
2388 3851 2608 3912 propter

1563 3935 1819 3973 caesurae
1842 3924 1952 3972 vim
1971 3923 2136 3984 magis
2156 3934 2187 3970 a
2204 3927 2434 3982 poscente
2448 3936 2610 3987 sepa-

1561 3997 1668 4046 rari
1693 3999 1746 4045 et
1769 3996 1837 4045 ad
1858 3997 2079 4059 qaudeat
2096 3996 2331 4058 pertrahi
2356 4001 2604 4060 nequeat,

1563 4069 1873 4133 simpliciter
1902 4070 1979 4119 sic
2007 4071 2377 4133 exponendum
2400 4071 2606 4121 iudico:

1564 4145 1765 4207 «magis
1800 4157 1963 4207 quam
2013 4158 2293 4209 poscens.»
2349 4147 2609 4196 Nimirum

1561 4220 1667 4271 hoc
1701 4218 1859 4270 dicit:
1912 4220 2146 4285 «Cupide
2179 4223 2237 4272 tu
2271 4233 2392 4272 eam
2430 4220 2609 4285 poscis
