3234 4975
653 403 776 468 430
1416 405 1670 456 HoRATn
1707 405 2044 459 CARmNUM

990 563 1365 649 Spartacum
1418 563 1469 627 si
1517 582 1650 649 qua
1692 561 1898 649 potuit
1940 571 2274 649 vagantem

1154 681 1401 749 Fallere
1446 693 1627 749 testa.
2737 684 2820 747 20

990 842 1110 908 Dic
1152 850 1216 907 et
1258 851 1525 929 argutae
1567 853 1875 929 properet
1917 844 2207 908 Neaerae

988 961 1357 1030 Murrheum
1400 961 1573 1029 nodo
1617 962 1923 1030 cohibere
1967 964 2248 1041 crinem;

785 1144 862 1194 49.
902 1142 1111 1193 Habent
1142 1142 1185 1190 si
1218 1155 1321 1203 qua
1353 1140 1605 1203 BbSTcd,
1644 1155 1748 1193 non
1784 1143 1827 1192 si
1860 1156 2015 1205 quae,
2078 1145 2138 1191 ut
2171 1139 2385 1192 volebat
2436 1144 2650 1194 Pareus.
2691 1170 2749 1183 --

716 1231 958 1282 capacem
991 1216 1262 1268 Charisius
1298 1217 1353 1276 4,
1390 1216 1470 1266 37.
1518 1230 1569 1281 p.
1608 1216 1694 1267 36.
1730 1217 1878 1267 Lind.
1916 1214 2271 1268 Memorabilis
2293 1230 2423 1268 sane
2458 1216 2631 1269 lectio.
2672 1218 2749 1269 Cf.

719 1292 999 1345 Paldamus
1032 1292 1199 1342 Rhein.
1235 1292 1364 1341 Mus.
1392 1293 1456 1342 N.
1483 1293 1537 1343 F.
1563 1293 1648 1341 VI.
1673 1306 1727 1356 p.
1754 1291 1850 1342 633
1873 1305 1955 1356 sq.
1987 1319 2042 1328 —
2068 1294 2192 1342 Post
2221 1304 2273 1341 v.
2299 1292 2381 1343 24.
2407 1291 2587 1343 deficit
2619 1293 2749 1343 Cod.

720 1368 756 1417 d
789 1379 958 1431 usque
1007 1365 1074 1415 ad
1121 1366 1298 1416 carm.
1337 1366 1429 1427 46,
1476 1365 1559 1417 tt.
1599 1392 1657 1402 —
1695 1367 1777 1416 22.
1813 1367 2108 1417 Mur-rhenan
2153 1368 2339 1432 scripsi
2386 1380 2510 1419 cum
2544 1369 2750 1419 Iahnio:

716 1444 979 1493 Mun-em
1001 1440 1206 1501 BbSTc,
1240 1437 1370 1507 βγκ,
1397 1439 1560 1491 Bentl.
1577 1478 1589 1501 ,
1629 1442 1679 1493 Μ
1694 1479 1706 1501 ,
1731 1441 2024 1503 unm-heum
2046 1442 2206 1492 LCtF.
2236 1468 2293 1478 —
2318 1442 2567 1493 cohibente
2586 1441 2751 1492 Bentl.

720 1517 881 1577 coni„
919 1517 971 1567 in
1007 1528 1168 1579 quam
1203 1515 1462 1566 inciderat
1492 1517 1600 1565 iam
1635 1516 1870 1566 Muretus
1903 1516 1973 1566 ad
2006 1515 2191 1567 Tibull.
2229 1517 2285 1575 3,
2321 1516 2378 1577 t,
2414 1517 2496 1567 28.

653 1681 701 1717 c.
723 1665 964 1717 663-665.
985 1703 998 1726 ,
1028 1665 1134 1714 iam
1156 1677 1324 1729 prope
1347 1666 1704 1728 septuagena-

653 1743 817 1801 rium,
854 1740 899 1791 si
933 1753 1040 1804 qua
1062 1740 1264 1790 ratione
1288 1739 1549 1790 eiusmodi
1575 1745 1703 1789 testa

657 1815 863 1879 (cadus)
916 1816 1192 1878 superstes
1226 1814 1321 1865 fuit
1360 1812 1500 1865 bello
1539 1816 1703 1878 Spar-

654 1890 793 1939 tacio
809 1889 920 1938 sive
937 1885 1111 1938 servili
1135 1900 1185 1937 a.
1211 1888 1299 1937 684
1309 1887 1453 1938 -683.
1478 1886 1701 1951 illasque

654 1966 897 2013 catervas
932 1962 1128 2024 fefellit,
1165 1960 1366 2011 latuit.»
1434 1961 1589 2025 Apud
1612 1963 1703 2012 Iu-

653 2051 776 2089 ven.
814 2039 872 2095 5,
910 2036 992 2085 34.
1030 2036 1197 2099 magis
1233 2037 1393 2086 etiam
1427 2035 1705 2100 hyperbo-

656 2111 789 2162 lice:
839 2109 1192 2171 C'alcatamque
1224 2115 1350 2159 tenet
1380 2109 1517 2160 bellis
1545 2113 1707 2160 socia—

1776 1663 2007 1728 arqucae]
2046 1677 2302 1715 «canorae
2329 1663 2636 1729 psaltriae.»
2685 1666 2814 1730 Epp.

1775 1740 1832 1799 Ξ,
1869 1740 1928 1800 2,
1962 1740 2051 1790 90:
2097 1746 2307 1804 ary-atos
2335 1765 2365 1777 —
2393 1743 2630 1803 -ροότω,
2674 1741 2816 1803 virg.

1775 1811 1884 1865 Ecl.
1921 1814 1979 1877 9,
2032 1814 2121 1866 36:
2180 1821 2388 1879 ary-atos
2435 1816 2566 1866 irater
2604 1820 2821 1878 strepere

1778 1902 1929 1939 anser
1960 1890 2135 1940 olores.

1839 1964 1922 2013 22.
1942 1964 2251 2030 Mur-meum]
2270 1977 2400 2028 «per
2413 1977 2473 2016 se
2491 1977 2662 2028 aeque
2676 1963 2818 2013 bene

1776 2035 2008 2087 olentem
2051 2050 2116 2088 ac
2156 2040 2201 2090 si
2234 2039 2510 2101 myrrhino
2551 2040 2820 2101 unguento

1776 2112 1921 2162 esset
1953 2110 2274 2164 delibutus.»
2324 2113 2401 2162 De
2436 2112 2612 2163 colore
2650 2114 2821 2162 «inter

1775 2186 1975 2236 flavum
2009 2188 2065 2237 et
2096 2188 2342 2249 nigrum»
2392 2188 2462 2251 (id
2496 2189 2604 2248 est,
2651 2186 2815 2248 fusco)

1776 2257 1934 2319 falso,
1994 2262 2053 2310 ut
2104 2260 2342 2322 videtur,
2401 2263 2817 2326 interpretantur

1774 2331 2114 2384 Scholiastae.
2186 2335 2284 2395 Qui
2333 2336 2437 2386 hoc
2478 2334 2812 2399 praeferunt,

1774 2406 2041 2473 appellant
2079 2410 2334 2472 Propertii
2368 2409 2426 2470 3,
2471 2410 2561 2470 40,
2607 2411 2700 2460 22:
2753 2410 2820 2459 Et

1772 2483 1972 2534 crocino
2011 2496 2164 2533 nares
2192 2484 2428 2535 murheus
2461 2491 2623 2548 ungat
2654 2498 2810 2546 onyx.

1777 2584 1832 2594 —·
1867 2558 2116 2622 cohibere]
2154 2559 2413 2619 Muretus,
2464 2556 2666 2618 Bentl.',
2709 2560 2819 2610 Cu-

656 2185 784 2236 libus
798 2197 951 2234 mam
967 2183 1134 2234 dives.
1159 2210 1216 2220 —
1263 2185 1336 2247 (ln
1361 2185 1703 2249 homonymis

653 2262 809 2311 cadus
836 2260 890 2310 et
919 2263 1044 2309 tesca
1075 2258 1199 2321 (vas)
1225 2259 1496 2322 quomodo
1530 2272 1704 2324 nuper

655 2335 784 2400 quis
795 2335 1021 2384 haerere
1030 2334 1279 2397 potuerit,
1292 2333 1435 2383 haud
1447 2332 1697 2397 intelligo.

722 2410 804 2460 49.
858 2408 902 2457 εἰ
951 2406 1078 2471 qua]
1124 2410 1237 2458 Non
1282 2411 1429 2459 reete
1481 2409 1703 2471 iungunt

656 2481 889 2535 nonnulli
932 2482 976 2532 si
1016 2497 1120 2545 qua
1159 2488 1284 2533 testa
1300 2522 1312 2545 ‚
1366 2496 1489 2535 cum
1524 2483 1701 2533 nomi-

654 2562 763 2609 nat.
811 2572 916 2620 qua
960 2556 1157 2621 ubique
1209 2558 1544 2622 corripiatur-3
1598 2556 1699 2608 sed

656 2635 739 2685 est
771 2631 929 2682 ablat.
957 2630 1328 2682 adverbialiter
1353 2632 1581 2696 positus,
1623 2632 1697 2683 «si

656 2720 761 2772 qua
811 2708 920 2768 via,
974 2706 1213 2767 sicubi,»
1270 2707 1329 2757 ut
1371 2699 1519 2770 virg:
1562 2709 1694 2756 Aen.

656 2784 715 2846 4,
752 2783 844 2833 ⁴8:
895 2781 952 2832 Si
993 2782 1246 2845 quasata
1282 2783 1465 2831 sinant.
1510 2794 1699 2830 -va-

652 2856 870 2922 flantem]
905 2869 971 2905 ex
993 2855 1280 2920 Campania
1302 2868 1473 2919 usque
1497 2855 1567 2906 ad
1591 2856 1701 2907 Mu-

656 2932 847 2991 tinam,
886 2929 1008 2980 inde
1031 2942 1216 2980 rursus
1252 2931 1304 2979 in
1326 2929 1527 2981 Italiam
1562 2930 1699 2980 infe-

656 3006 878 3064 riorem,
932 3003 1104 3054 donec
1147 3005 1199 3053 in
1245 3003 1521 3067 peninsula
1556 3005 1699 3055 Rhe-

657 3080 863 3142 giorum
897 3091 928 3128 a
961 3079 1028 3129 M.
1056 3078 1248 3129 Crasso
1283 3091 1474 3129 caesus
1508 3082 1606 3130 est.

720 3153 802 3202 2⁴.
838 3150 952 3215 Dic]
987 3152 1097 3201 Hoc
1130 3151 1286 3215 igitur
1313 3152 1399 3202 die
1419 3166 1535 3202 vere
1555 3153 1695 3216 feste,

657 3231 717 3278 ut
746 3225 997 3276 laetitiam
1029 3224 1349 3287 cumularet,
1397 3225 1541 3278 solus
1574 3241 1700 3278 cum

657 3299 769 3353 sola
803 3314 926 3351 esse
958 3298 1199 3360 volebat,
1241 3301 1700 3363 quemadmodum

657 3376 752 3429 Od.
789 3377 846 3437 2,
894 3375 983 3437 44,
1027 3375 1110 3424 24.
1154 3373 1253 3425 alia
1295 3374 1510 3439 psaltria
1543 3375 1700 3426 simili

657 3450 875 3504 consilio
929 3451 1218 3501 arcessitur
1275 3448 1344 3500 ad
1400 3451 1698 3501 convivium

658 3541 781 3578 cum
817 3525 1057 3588 Quinctio
1092 3523 1492 3575 celebrandum.
1518 3523 1701 3576 Nullus

657 3605 838 3655 autem
882 3602 996 3652 eius
1044 3597 1345 3663 aequalium
1389 3599 1490 3650 hac
1529 3599 1596 3649 de
1639 3613 1698 3649 re

659 3690 783 3728 eum
818 3674 1214 3740 reprehendere
1246 3676 1482 3737 poterat,
1536 3674 1701 3724 nostri

656 3754 716 3802 ut
747 3752 859 3802 sine
895 3749 1058 3801 dubio
1092 3747 1330 3799 facerent
1360 3748 1604 3798 homines
1628 3748 1701 3812 pii

658 3828 713 3876 et
745 3825 1056 3888 gravissimi.
1116 3823 1305 3872 Facete
1345 3834 1472 3871 vero
1506 3821 1699 3872 deinde

657 3898 915 3963 significat
962 3899 1123 3948 etiam
1173 3898 1288 3947 sine
1339 3896 1509 3945 amica
1553 3894 1698 3945 diem

658 3973 806 4024 illum
839 3972 941 4024 sibi
982 3972 1093 4023 fore
1123 3970 1492 4024 laetissimum.
1540 3971 1700 4034 (Haec

659 4048 890 4099 notanda
925 4049 1029 4099 iam
1063 4051 1214 4099 erant
1243 4049 1465 4114 propter
1495 4046 1600 4097 ΗΡ.
1627 4059 1659 4096 a

659 4136 765 4187 que
799 4123 1186 4186 Eichstadium,
1239 4136 1375 4188 quos
1420 4122 1701 4188 peritiores

657 4210 871 4248 morum
919 4198 1279 4247 Romanorum
1329 4199 1489 4260 atque
1543 4197 1701 4247 huius

658 4270 845 4322 aetatis
885 4268 1133 4320 Italorum
1174 4284 1293 4320 esse
1336 4268 1602 4334 decebat.)
1642 4297 1696 4306 -—

1774 2632 1951 2696 ningb.
1987 2631 2235 2683 cohibente
2278 2632 2399 2684 ideo
2431 2632 2814 2697 praetulerunt,

1772 2708 1894 2771 quia
1951 2720 2003 2757 v.
2050 2712 2285 2770 properet
2339 2709 2664 2772 acceperunt
2713 2720 2814 2772 pro

1773 2794 2033 2847 «propere
2083 2783 2327 2843 veniat»,
2380 2784 2439 2832 ut
2479 2782 2574 2832 Od.
2611 2783 2670 2841 2,
2721 2784 2814 2843 44,

1771 2857 1865 2907 23:
1916 2861 2160 2916 mature&
2212 2869 2400 2906 verum
2451 2858 2504 2906 in
2553 2869 2618 2907 eo
2664 2857 2815 2920 ipso,

1772 2930 1918 2995 quod
1973 2929 2057 2981 illa
2103 2935 2336 2993 properet
2381 2930 2625 2992 cohibere,
2678 2931 2821 2986 inest

1773 3006 2064 3057 sententia:
2118 3005 2299 3056 «nodo
2341 3004 2650 3070 simpliciter
2691 3002 2820 3055 reli-

1773 3081 1894 3143 gato
1928 3079 2041 3143 (od.
2079 3080 2138 3140 2,
2185 3079 2272 3140 44,
2319 3078 2421 3142 23.)
2458 3081 2612 3129 exeat
2654 3079 2817 3129 domo

1773 3154 2061 3217 statimque
2096 3152 2164 3203 ad
2198 3165 2286 3203 me
2319 3154 2546 3203 veniat.»

1838 3228 2015 3278 23-25.
2036 3228 2092 3276 Sc·
2105 3241 2202 3290 per
2216 3227 2341 3292 cet.]
2366 3229 2447 3277 «Si
2466 3227 2719 3278 molestus
2731 3226 2817 3278 ille

1774 3304 1986 3362 ianitor,
2024 3303 2115 3365 qui
2148 3315 2338 3368 saepe,
2385 3302 2515 3353 dum
2548 3302 2633 3353 alii
2666 3315 2818 3354 ama-

1773 3379 1917 3427 tores
1977 3376 2120 3441 apud
2178 3389 2300 3427 eam
2361 3379 2484 3428 sunt
2543 3376 2627 3427 vel
2693 3390 2818 3427 cum

1774 3449 1990 3501 delicias
2022 3451 2137 3513 ipsa
2188 3449 2334 3512 facit,
2403 3452 2462 3501 ut
2510 3451 2815 3515 cupidinem

1773 3536 1952 3575 meam
1986 3524 2204 3585 excitet,
2249 3537 2337 3575 me
2373 3523 2627 3586 excludit,
2674 3538 2815 3576 nunc

1774 3611 1987 3664 quoque
2033 3601 2086 3648 te
2132 3612 2238 3650 non
2285 3600 2551 3661 admittet,
2606 3599 2710 3650 noli
2760 3599 2816 3650 id

1773 3674 1995 3724 nimium
2037 3685 2252 3734 curare,
2307 3673 2404 3724 sed
2447 3674 2516 3724 ad
2558 3687 2645 3724 me
2680 3673 2816 3724 illico

1773 3747 1917 3807 redi;
1978 3760 2102 3798 nam
2161 3749 2216 3798 et
2270 3747 2384 3798 sine
2435 3749 2665 3808 Neaera,
2724 3747 2818 3798 ubi

1773 3835 1990 3874 mecum
2025 3835 2145 3873 esse
2187 3821 2471 3883 recusarit,
2526 3822 2720 3872 festum
2753 3835 2818 3872 ac

1772 3897 1971 3949 laetum
2026 3897 2171 3948 diem
2225 3895 2537 3947 celebrabo:
2597 3895 2818 3961 capillus

1776 3974 1918 4023 enim
1960 3985 2248 4036 praecoma
2296 3971 2444 4035 (Epp.
2483 3971 2538 4032 4,
2585 3972 2644 4031 7,
2691 3971 2813 4034 26.),

1841 4049 1923 4096 tas
1957 4046 2061 4096 iam
2096 4046 2398 4110 provectior
2431 4044 2819 4109 (quadragena-

1775 4122 1888 4184 ria),
1914 4122 2118 4184 mitigat
2137 4122 2297 4171 animi
2326 4120 2635 4171 affectiones
2657 4120 2815 4171 nimis

1773 4194 2070 4247 turbidas·
2132 4224 2186 4233 —
2244 4196 2439 4246 Ianitor
2498 4197 2678 4246 autem
2735 4197 2819 4246 est

1775 4283 1962 4321 servus
2003 4271 2167 4334 ipsius
2215 4270 2492 4322 libertinae
2545 4271 2813 4334 innuptae,
