3234 4975
1283 398 1401 449 Lm.
1437 399 1522 448 111.

1594 399 1654 449 c.
1691 399 1729 448 1.
2505 400 2629 463 335

804 554 897 618 Sit
937 553 1186 627 maior:
1217 572 1428 640 aequa
1472 552 1616 640 lege
1660 555 2026 620 Necessitas

881 674 1157 740 Sortitur
1199 673 1482 761 insignes
1526 684 1593 740 et
1636 675 1845 754 imos·,

2548 676 2629 741 ⁴5

967 796 1178 862 Omne
1220 815 1426 883 capax
1467 807 1685 863 movet
1726 817 1891 862 urna
1934 816 2187 863 nomen.

793 953 1149 1019 Destrictus
1196 954 1373 1020 ensis
1416 955 1523 1021 cui
1568 974 1769 1042 super
1819 955 2012 1042 impia

796 1074 1065 1141 Cervice
1110 1074 1380 1162 pendet,
1427 1096 1556 1141 non
1601 1074 1858 1142 Siculae
1905 1074 2110 1162 dapes

877 1193 1152 1262 Dulcem
1197 1194 1623 1263 elaborabunt
1664 1216 1999 1284 saporem,

969 1318 1109 1382 Non
1152 1317 1374 1383 avium
1415 1316 1835 1405 citharaeque
1881 1329 2107 1384 cantus

586 1534 665 1583 Π.
703 1534 974 1584 mser-actm
1005 1532 1180 1593 cd,Ct.

455 1720 605 1782 quasi
639 1720 822 1768 vetere
855 1731 915 1767 re
950 1716 1162 1781 publica
1213 1719 1503 1768 etiamtunc

454 1796 720 1843 manente.
761 1792 866 1843 Cl'r.
893 1793 1052 1842 Tacit.
1079 1794 1215 1843 Ann.
1244 1794 1298 1853 4,
1328 1793 1407 1843 45.
1433 1793 1501 1843 ad

521 1943 600 1991 ⁴2.
662 1942 740 1991 43,
808 1940 1082 2002 nwtiorquo
1131 1942 1300 2008 fama]
1361 1943 1503 1992 «etsi

454 2016 615 2066 homo
648 2028 844 2075 novus,
898 2029 998 2079 per
1039 2029 1098 2066 se
1147 2018 1326 2066 tamen
1374 2030 1502 2081 spe-

454 2092 623 2140 ctatus
658 2092 894 2154 praestet
929 2088 1194 2140 nobilibus
1217 2104 1281 2141 ac
1312 2094 1500 2155 poten-

455 2164 646 2214 tibus.»
686 2191 741 2200 -
769 2164 1058 2227 contendat]
1085 2164 1184 2215 «de
1208 2164 1502 2216 honoribus

455 2251 576 2288 cum
633 2238 1097 2302 competitoribus,
1164 2238 1500 2290 nihilominus

452 2314 565 2376 pari
601 2312 912 2362 condicione
957 2314 1144 2362 Fatum
1184 2314 1233 2362 ei
1269 2316 1501 2363 mortem

454 2386 734 2438 destinat.»

519 2461 599 2513 44.
659 2461 949 2526 Necessitas]
1008 2461 1311 2512 Necessitas
1361 2464 1501 2512 tam-

453 2549 615 2599 quam
663 2536 767 2586 dea
816 2538 978 2586 etiam
1024 2536 1121 2586 Od.
1160 2537 1216 2596 4,
1253 2536 1344 2597 35,
1395 2538 1497 2596 47.;

452 2609 606 2672 longe
650 2611 829 2660 tamen
873 2610 1046 2659 rarius
1088 2623 1119 2658 a
1153 2611 1347 2660 Latinis
1382 2625 1502 2662 me-

453 2686 692 2734 moratur
740 2696 902 2746 quam
946 2697 977 2732 a
1022 2684 1236 2734 Graecis
1280 2684 1502 2755 Εἱμαρ-

449 2761 598 2824 μένη
631 2757 716 2807 vel
745 2752 1005 2823 Ἀνάγκη.
1077 2760 1300 2809 Pausan.
1339 2761 1397 2819 2,
1440 2760 1499 2820 4,

499 2831 631 2896 τίεν
663 2828 741 2897 τῷ
768 2825 1203 2920 Ἀκροκορίνθῳ)
1233 2828 1504 2900 Ἀνάγκης

451 2833 550 2956 καὶ
586 2906 729 2969 Βίας
761 2905 920 2956 ἐστὶν
955 2902 1137 2977 ἱερόν·
1190 2905 1408 3010 ἐσιέναι
1440 2906 1502 2959 δὲ

452 2980 513 3043 ἐς
544 2975 693 3032 αὐτὸ
727 2975 797 3031 οὐ
835 2983 1188 3046 νομίζουσιν.

520 3056 600 3106 46.
652 3061 816 3106 movet
860 3057 1011 3120 mma]
1060 3057 1156 3107 Od.
1192 3057 1254 3119 2,
1301 3057 1360 3118 3,
1415 3058 1496 3107 26.

453 3130 515 3178 H.
553 3129 587 3180 l.
624 3129 965 3201 Εἱμαρμένη
1010 3132 1124 3195 ipsa
1161 3132 1348 3181 mortis
1382 3145 1501 3182 sor-

451 3206 534 3254 tes
569 3205 730 3255 ducit.
779 3208 864 3256 Sic
885 3207 1196 3257 Ammianus
1220 3208 1381 3256 Marc.
1409 3206 1496 3267 44,

453 3279 544 3329 44;
605 3282 852 3330 Adrastea
903 3282 1084 3344 regina
1134 3293 1412 3331 consanum
1455 3286 1502 3331 et

451 3352 651 3402 arbitra
681 3368 853 3403 rervm
883 3368 946 3403 ac
968 3356 1294 3417 disceptatrix
1313 3368 1502 3405 urnam

450 3427 660 3475 sortium
682 3431 942 3488 temperat.
981 3429 1184 3479 Seneca
1209 3430 1366 3479 Herc.
1396 3429 1496 3479 fur.

454 3499 577 3548 ⁴92:
616 3500 801 3560 Recipit
827 3500 1039 3561 populos
1069 3514 1205 3550 ma
1242 3504 1436 3552 citatos.

518 3572 599 3621 47.
635 3572 929 3636 Desa-ictus]
964 3574 1042 3622 De
1076 3575 1334 3638 scriptura
1369 3590 1502 3627 con-

452 3643 567 3695 sule
614 3645 936 3697 Liibkerum.
1004 3647 1155 3697 Addo
1202 3648 1502 3712 inscriptio-

452 3731 578 3768 nem
631 3721 816 3771 aetatis
871 3723 1172 3784 Augusteae
1229 3721 1278 3770 in
1335 3723 1500 3773 Iahnii

452 3794 750 3857 specimine
782 3808 836 3859 p.
874 3796 979 3855 27„
1030 3794 1121 3845 ubi
1168 3797 1251 3844 est
1281 3796 1500 3860 Priapus

449 3881 586 3919 rmvss
617 3881 908 3921 Dusrffloeo.
940 3894 994 3905 -
1024 3868 1210 3930 «Quid,
1238 3870 1384 3931 quod
1408 3873 1499 3935 qui

451 3944 672 3992 externa
710 3946 912 3995 tantum
937 3944 1077 3994 bona
1100 3943 1402 4007 possident,
1429 3958 1498 3994 ne

448 4015 592 4066 beati
650 4017 870 4081 quidem
934 4020 1084 4079 sunt,
1155 4015 1499 4068 infelicissimi

449 4104 608 4152 vero,
663 4093 707 4142 si
741 4091 1010 4143 scelerum
1043 4091 1366 4142 couscientia
1402 4103 1500 4141 an-

449 4168 705 4228 guntur.»
775 4166 1043 4229 Significat
1106 4166 1290 4216 uotam
1356 4163 1498 4215 illam

451 4238 518 4288 de
567 4238 821 4291 Damocle
879 4242 935 4289 et
987 4240 1241 4302 Dionysio
1295 4240 1498 4292 maiore

2545 1322 2630 1385 20

1577 1716 2045 1769 narratiunculam.
2108 1720 2217 1770 Cic.
2254 1721 2408 1772 Tusc.
2446 1723 2503 1783 5,
2541 1724 2622 1772 24.

1576 1793 1790 1844 Persius
1837 1792 1894 1853 3,
1951 1792 2047 1844 4οι
2111 1794 2176 1843 Ει
2222 1797 2388 1859 ”napis
2431 1798 2630 1846 auratis

1568 1867 1791 1929 pendens
1821 1867 2144 1928 laquearibus
2183 1869 2311 1918 ensis
2341 1871 2629 1932 Purpureas

1574 1941 1740 1991 subter
1772 1943 1985 1990 cervices
2026 1943 2205 1992 lenuit
2254 1943 2399 1992 cet.?
2452 1946 2624 2008 Atque

1575 2016 1729 2079 quasi
1764 2017 1816 2064 in
1849 2015 2196 2080 proverbium
2228 2016 2371 2067 abiit.
2410 2017 2543 2068 Plut.
2572 2021 2621 2068 S.

1574 2092 1638 2139 N.
1663 2090 1725 2139 V.
1751 2090 1810 2139 9:
1848 2083 1928 2151 ὦς
1950 2117 1981 2127 -
2003 2117 2034 2126 -
2056 2083 2200 2161 ὑπὲρ
2232 2089 2495 2157 κεφαλῆς
2517 2090 2624 2143 τοῦ

1575 2165 1843 2223 σχοινίου
1867 2166 2253 2234 κρεμαμένου.
2291 2166 2403 2217 lob.
2433 2169 2512 2227 45,
2539 2168 2622 2217 2⁴:

1574 2239 1799 2288 Sonitus‘
1825 2239 2034 2288 terrm-is
2083 2252 2276 2302 semper
2322 2243 2377 2290 in
2418 2241 2628 2291 atu-ibus

1571 2312 1716 2374 impie·
1726 2325 1746 2371 ‚·
1788 2317 1859 2373 et,
1907 2325 2023 2361 cum
2056 2326 2172 2374 ραι·
2203 2316 2284 2374 sit,
2319 2315 2402 2364 ille
2434 2328 2627 2377 semper

1572 2386 1785 2436 insidias
1836 2386 2153 2449 suspicatur,
2211 2389 2628 2450 circunspectam

1572 2462 1794 2523 undique
1824 2460 2068 2524 gladium.

1644 2536 1723 2586 48.
1777 2535 1977 2584 Similae
2021 2533 2191 2599 dapes]
2240 2537 2627 2597 «conquisitissi-

1573 2622 1690 2659 mae
1720 2609 1962 2670 epulae»,
2004 2612 2063 2658 ut
2096 2609 2164 2658 de
2200 2611 2434 2673 Dionysii
2470 2623 2626 2661 men-

1577 2695 1638 2732 sa
1674 2683 1783 2732 Cic.
1821 2683 1975 2731 Tusc.
2015 2684 2072 2742 5,
2109 2684 2188 2731 24.
2231 2682 2375 2732 Plato
2400 2683 2469 2733 de
2493 2685 2622 2748 Rep

1577 2756 1626 2805 3.
1678 2768 1731 2819 p.
1782 2754 1898 2805 404.
1948 2757 2043 2805 D:
2110 2755 2482 2826 Συρακοσίαν
2532 2754 2625 2818 δέ,

1576 2847 1622 2876 ω
1657 2826 1819 2890 φίλε,
1870 2825 2181 2915 τράπεζαν
2186 2831 2285 2880 καὶ
2319 2828 2624 2897 Σικελικὴν

1576 2901 1864 2954 ποικιλίαν
1900 2899 2090 2968 ὄψου,
2137 2899 2217 2967 ὦς
2246 2898 2475 2969 ἔοικας,
2517 2902 2627 2957 οὐκ

1574 2980 1770 3041 αἰνεῖς.
1799 2980 1961 3043 Epist.
1991 2981 2038 3029 7.
2066 2992 2120 3043 p.
2148 2979 2263 3030 326.
2288 2981 2368 3031 Β..
2398 2975 2629 3033 Ἐλθόν-

1575 3067 1649 3102 τα
1692 3051 1755 3102 δέ
1796 3068 1871 3118 με
1917 3056 2015 3117 (εἰς
2059 3052 2337 3118 Σικελίαν)
2374 3050 2410 3105 ὁ
2444 3054 2625 3144 ταύτῃ

1575 3125 1888 3194 λεγόμενος
1909 3145 1983 3179 αυ
1964 3120 2135 3192 βίος
2153 3123 2457 3195 εὐδαίμων,
2483 3125 2628 3183 Ἰτα-

1575 3201 1854 3254 λιωτικῶν
1869 3218 1931 3253 τε
1947 3204 2045 3254 καὶ
2056 3204 2469 3292 Συρακουσίων
2486 3223 2625 3279 τρα-

1576 3276 1757 3342 πεζῶν
1792 3275 2044 3349 πλήρης,
2084 3277 2316 3366 ουδαμῇ
2353 3275 2625 3346 οὐδαμῶς

1573 3347 1764 3424 ἤρεσε.
1837 3353 2051 3405 Plautus
2093 3356 2146 3405 in
2189 3356 2442 3406 Rudentis
2485 3356 2620 3407 Prol.

1574 3429 1831 3492 53:1nfic
1870 3430 2036 3479 lenoni
2081 3431 2320 3490 suadere,
2366 3434 2424 3479 ut
2460 3442 2627 3479 seeum

1573 3503 1723 3552 simia
1753 3504 1854 3552 Eat
1886 3504 1940 3551 in
1982 3503 2360 3561 840414αη4,·4’64’
2403 3515 2503 3552 esse
2533 3504 2625 3553 ho-

1572 3577 1730 3625 mines
1760 3577 2073 3638 voluptarios
2102 3577 2257 3625 Dicit.

1641 3651 1721 3700 49.
1759 3651 1840 3700 20.
1878 3649 2220 3712 elaborabunt]
2249 3662 2506 3713 «operose
2533 3664 2627 3714 pa—

1574 3723 1837 3784 rabunt»;
1893 3724 1991 3773 sed
2033 3725 2209 3787 ipsum
2250 3723 2355 3773 hoc
2396 3724 2625 3776 verbum

1573 3798 1907 3848 demonstrat
1955 3798 2009 3847 id
2056 3797 2170 3847 fieri
2212 3797 2299 3847 vix
2345 3810 2522 3861 posse.
2567 3827 2621 3837 —

1571 3872 1826 3936 εαρονοηι]
1899 3873 2110 3922 «Etiam
2179 3872 2622 3934 exquisitissimae

1574 3945 1763 4009 epulae
1822 3947 1871 3995 ei
1932 3944 2256 3995 videbuntur
2318 3945 2622 3998 insuaves.»

1578 4044 1633 4054 —
1655 4020 1828 4068 avium
1850 4018 1977 4082 cet.]
2002 4016 2220 4069 Rutilius
2245 4021 2265 4068 4
2288 4058 2299 4080 ,
2330 4020 2415 4069 444
2442 4034 2453 4068 :
2494 4021 2625 4082 Quid

1573 4093 1752 4154 loquor
1791 4093 2010 4141 inclusas
2049 4094 2181 4142 inter
2224 4093 2492 4154 laquearia
2532 4095 2623 4143 sil-

1570 4179 1689 4227 vas,
1756 4166 1972 4216 Vernula
2034 4170 2146 4229 quis
2201 4169 2349 4217 vav-io
2399 4169 2624 4217 car-ntiae

1572 4240 1717 4291 ludat
1748 4239 1894 4291 avis?
1942 4242 2064 4292 Seu.
2093 4241 2161 4290 de
2185 4244 2338 4293 Prov.
2366 4242 2427 4291 3:
2468 4241 2625 4304 (Mae-
