3234 4975
1238 393 1442 444 LIBER.
1513 395 1708 445 CARM.
1744 395 1806 444 V.

2488 393 2599 458 684

866 548 1113 613 Pavore
1159 567 1421 612 somnos
1465 546 1771 614 auferam.

783 666 909 731 Vos
940 666 1125 732 turba
1163 668 1419 734 vicatim
1450 666 1595 734 binc
1633 678 1697 734 et
1726 668 1874 735 hinc
1909 670 2079 735 saxis
2113 678 2340 756 petens

865 787 1227 854 Contundet
1274 788 1637 855 obscoenas
1683 809 1889 867 anus3

780 907 932 971 Post
975 907 1295 994 insepulta
1341 908 1640 977 membra
1685 909 1983 978 different
2024 910 2157 997 lupi
2552 946 2558 978 l

873 1027 948 1092 Et
991 1029 1360 1116 Esquilinae
1404 1030 1621 1109 alites3

776 1149 1002 1235 Neque
1045 1148 1169 1215 hoc
1211 1160 1512 1236 parentes
1554 1150 1685 1217 heu
1730 1151 1882 1217 mihi
1930 1150 2308 1238 superstites

870 1266 1177 1355 Effugerit
1217 1270 1677 1356 spectaculum.

575 1444 658 1494 98.
696 1444 979 1495 &mundat
1010 1445 1245 1496 obscenas
1265 1448 1322 1497 B.
1355 1474 1409 1483 —
1450 1447 1562 1497 400.
1597 1448 1908 1510 Εωᾳυόὶῶιαο
1940 1449 1991 1498 F.
2024 1475 2079 1486 —
2118 1449 2230 1500 ⁴02.
2272 1450 2552 1514 Emeum-int

510 1518 588 1568 Bb
627 1518 749 1580 (non
781 1519 884 1580 Sc).

443 1679 602 1725 sontes
631 1676 932 1739 inimicaque
954 1682 1167 1740 pectora
1194 1678 1368 1740 poenis
1386 1679 1491 1726 Im-

441 1748 600 1811 plicat
622 1753 668 1800 et
686 1750 840 1800 varia
857 1752 1062 1801 meritos
1091 1752 1356 1815 formidine
1370 1750 1494 1813 pul-

443 1826 572 1872 sant.
615 1850 669 1858 —
713 1823 945 1886 inquietis
965 1825 1209 1890 assidens]
1254 1828 1492 1876 «terrore

443 1894 823 1959 palpitantibus
852 1898 1137 1949 inhaerens
1172 1912 1344 1962 eaque
1366 1899 1496 1949 assi-

444 1967 550 2019 due
583 1983 813 2031 vexans‚
866 1975 926 2021 ut
958 1972 1240 2022 lacubus.»
1296 2001 1351 2008 -
1411 1973 1493 2022 vi-

444 2044 611 2107 catim]
652 2058 780 2108 «per
813 2058 1001 2097 omnes
1035 2046 1186 2097 urbis
1221 2048 1366 2097 vicos
1410 2048 1492 2096 in-

443 2120 626 2167 secuta
661 2115 925 2182 lapidibus
959 2133 1054 2171 vos
1089 2120 1334 2170 obruet.»
1391 2122 1493 2170 La-

443 2190 772 2254 pidationum
808 2192 862 2242 in
898 2191 1011 2242 soro
1035 2193 1179 2242 haud
1199 2207 1322 2242 raro
1345 2206 1495 2242 men-

443 2264 515 2312 tio
551 2262 609 2313 fit
651 2263 792 2327 apud
835 2265 1168 2315 Ciceronem.
1214 2292 1265 2300 -
1301 2266 1414 2314 hinc
1448 2270 1495 2315 et

442 2337 572 2400 hinc]
621 2337 727 2386 Cfr.
776 2337 929 2387 Hand
973 2339 1125 2387 Turs.
1172 2340 1258 2388 111.
1293 2351 1346 2402 p.
1385 2339 1490 2400 87„

448 2410 540 2473 qui
577 2409 910 2460 demonstrat
932 2411 1173 2460 usitatius
1196 2411 1337 2475 apud
1362 2416 1495 2475 poe-

444 2486 526 2534 tas
572 2482 736 2534 fuisse
780 2484 895 2534 hinc
928 2489 1078 2544 atquo
1108 2486 1247 2544 hinc3
1302 2486 1416 2535 hinc
1449 2491 1495 2536 οι

443 2559 557 2606 hinc
590 2556 744 2606 affert
785 2562 850 2606 ex‘
895 2557 1126 2607 Martiale
1164 2559 1256 2619 40,
1309 2559 1391 2609 83.
1434 2586 1488 2595 -

444 2630 732 2694 obscoenas]
788 2630 1215 2681 «abominandas
1271 2633 1494 2696 propter

447 2704 645 2755 illicitas
680 2705 825 2754 artes
860 2704 1128 2767 magicas,
1169 2718 1302 2768 quas
1337 2719 1494 2755 exer-

446 2778 652 2836 cetis»;
706 2776 970 2842 simulque
1027 2778 1368 2840 cogitandum
1424 2779 1492 2828 de

446 2852 601 2903 foedo
645 2851 837 2901 harum
868 2851 1170 2901 vetularum
1205 2865 1299 2901 ore
1333 2855 1493 2916 atque

445 2925 648 2975 habitu.
720 2925 806 2974 Sic
841 2926 1024 2975 Furiae
1069 2925 1318 2976 tribuitur
1357 2927 1500 2989 frons

445 3000 686 3050 obscoena
734 2997 878 3063 apud
923 2999 1061 3062 Virg.
1099 3001 1231 3049 Aen.
1270 3001 1329 3060 7,
1377 3000 1492 3051 447.

511 3074 719 3127 99-402.
768 3073 1026 3138 different]
1064 3072 1495 3136 «dilacerabunt,

446 3148 754 3211 discerpent
809 3160 872 3197 ac
924 3146 1309 3210 dissipabunt.»
1388 3147 1493 3198 Cfr.

446 3220 612 3285 Epod.
652 3223 740 3282 40,
781 3214 836 3270 6:
875 3222 1180 3282 Fractosque
1213 3234 1375 3271 remos
1396 3221 1498 3284 dis—

443 3294 591 3357 f'erat.
640 3297 753 3345 lam
806 3296 1005 3346 Ennius
1054 3296 1107 3345 in
1155 3295 1497 3346 Andromeda

445 3380 565 3429 pag.
588 3367 668 3416 37.
695 3368 862 3418 Bothe
888 3371 941 3418 P.
964 3370 1147 3419 Scen.:
1185 3369 1302 3419 Alia
1319 3371 1501 3433 fluctus

446 3439 639 3501 differt,
676 3440 902 3501 dissupat
939 3442 1230 3491 Visceratim
1252 3442 1493 3491 mevnbra.

447 3511 611 3562 Plaut.
653 3514 808 3562 Cure.
845 3512 906 3571 4,
946 3511 1001 3574 4,
1038 3515 1132 3563 20:
1170 3515 1279 3564 iam
1310 3529 1400 3579 eqo
1438 3516 1499 3565 Te

445 3585 661 3649 faciam,
710 3590 766 3634 ut
796 3585 875 3634 hic
914 3586 1158 3649 formicae
1187 3587 1500 3649 frustillatim

447 3659 720 3721 differant!
771 3684 825 3694 —-
870 3659 1178 3722 Esquilinae]
1226 3661 1286 3723 1¹¹.
1332 3661 1498 3711 Fastis

447 3732 617 3782 Verrii
674 3731 841 3781 Flacci
898 3745 950 3795 p.
1005 3733 1087 3783 2⁴.
1142 3732 1391 3783 scribitur
1443 3746 1499 3785 m

1101 3856 1124 3891 f

1564 1678 1850 1737 Exomws.
1914 1679 2111 1728 Contra
2146 1682 2326 1730 nostra
2350 1680 2613 1744 scriptura

1567 1752 1651 1800 est
1690 1752 1741 1800 in
1778 1752 1945 1801 Fastis
1981 1751 2200 1815 Capitol.
2238 1752 2325 1802 ed.
2362 1753 2539 1804 Baiter
2557 1766 2611 1817 p.

1566 1837 1724 1874 ccxu.
1799 1825 2053 1875 Ceterum
2088 1828 2210 1876 nota
2246 1827 2472 1886 hiatum,
2510 1826 2618 1877 col-

1564 1895 1670 1946 lato
1704 1896 1942 1947 Bentleio
1976 1897 2045 1947 ad
2078 1899 2174 1949 Od.
2201 1899 2263 1960 3,
2302 1898 2389 1960 ⁴4,
2430 1901 2509 1949 44.
2557 1901 2616 1949 ln

1565 1971 1782 2021 nomine
1820 1972 2037 2035 proprio
2073 1974 2251 2023 minus
2283 1972 2504 2024 licenter
2526 1986 2619 2023 ne-

1564 2043 1725 2108 glexit
1769 2044 2045 2095 elisionem
2091 2059 2254 2109 quam
2288 2047 2383 2097 Od.
2423 2048 2481 2108 4,
2518 2047 2613 2107 28,

1564 2117 1648 2168 24.
1686 2118 1739 2168 in
1774 2131 1861 2167 vv.
1899 2119 2054 2180 capiti
2087 2120 2360 2170 inhumato.
2423 2120 2617 2183 (Ratio-

1565 2203 1691 2240 nem
1733 2189 2015 2241 elisionum
2049 2193 2451 2242 Horatianarum
2478 2194 2617 2257 opti-

1564 2276 1653 2313 me
1674 2262 1954 2326 explicavit
1970 2266 2025 2313 L.
2047 2265 2179 2328 Jeep
2199 2267 2252 2315 in
2269 2265 2444 2316 libello
2463 2267 2619 2316 scho-

1566 2335 1751 2385 lastico
1777 2335 2102 2399 Guelpberb.
2135 2338 2301 2401 4844.)
2349 2365 2404 2375 —
2457 2341 2618 2402 alitos]

1568 2409 1898 2472 «accipitres,
1934 2409 2189 2472 voltures,
2215 2410 2359 2460 milvi
2381 2450 2393 2474 ‚
2431 2414 2521 2475 qui
2543 2413 2618 2462 ibi

1566 2496 1847 2533 servorum
1881 2487 1935 2534 et
1956 2482 2324 2534 maleficorum
2359 2484 2647 2550 supplicim

1566 2556 1883 2608 affectorum
1945 2557 2207 2608 cadavera
2274 2559 2617 2622 semisepulta

1568 2629 1878 2680 devorant.»
1916 2631 2021 2681 Csr.
2060 2632 2166 2681 Sat.
2193 2633 2214 2681 4
2240 2669 2252 2692 ,
2278 2631 2328 2691 8,
2355 2632 2387 2681 8
2408 2644 2527 2696 sqq.
2559 2659 2614 2669 —

1565 2703 1686 2765 heu]
1756 2705 1917 2767 lunge
1966 2705 2062 2753 heu
2123 2705 2404 2766 superstites
2466 2706 2616 2766 mihi,

1569 2789 1675 2827 non
1693 2816 1705 2837 ‚
1732 2779 1791 2826 ut
1812 2776 1921 2827 volt
1944 2777 2113 2828 Hand.
2141 2780 2290 2828 Turs.
2317 2779 2400 2827 ΠΙ.
2427 2791 2480 2842 p.
2509 2779 2612 2838 69..

1566 2851 1663 2899 hou
1702 2850 1838 2899 mihi.
1883 2879 1937 2886 —
1984 2851 2232 2914 Effugeru
2262 2853 2618 2913 spectaculum]

1571 2925 1704 2974 «hoc
1746 2922 1937 2974 saltem
1980 2923 2168 2975 solatio
2214 2924 2415 2976 luctum
2459 2939 2619 2977 suum

1568 2997 1765 3047 lenient
1801 3001 1959 3061 atque
1995 2997 2348 3050 allevabunt.»
2377 3025 2432 3036 -
2460 3002 2619 3050 Sum-

1568 3084 1657 3120 ma
1683 3083 1807 3121 cum
1830 3074 1945 3122 arte
1969 3072 2200 3123 incertos
2223 3087 2320 3124 nos
2351 3074 2618 3125 dimittere

1569 3143 1782 3193 videtur
1837 3148 2028 3208 poeta,
2087 3148 2267 3197 utrum
2318 3147 2621 3211 diffugerint

1569 3232 1727 3282 sagae
1763 3221 1885 3283 post
1916 3220 2068 3284 pueri
2102 3220 2265 3282 diras,
2320 3236 2387 3272 an
2423 3222 2619 3273 crude-

1569 3291 1691 3343 liter
1723 3294 1944 3343 necatus
1977 3295 2072 3355 sit;
2109 3298 2481 3346 verumtamen
2516 3296 2619 3346 hoc

1572 3367 1748 3431 ipsum
1799 3369 1926 3418 satis
1978 3366 2118 3417 clare
2166 3368 2440 3430 significat.
2509 3370 2618 3419 De-

1570 3441 1790 3504 scriptio
1836 3444 2016 3490 autem
2064 3442 2210 3490 necis
2253 3441 2417 3504 ipsius
2463 3441 2619 3491 nimis

1571 3515 1779 3577 ingrata
1802 3526 1866 3562 ac
1892 3512 2047 3563 foeda
2082 3511 2290 3573 fuisset,
2326 3516 2386 3562 ut
2418 3514 2463 3562 si
2488 3527 2620 3574 pue-

1569 3602 1655 3638 ros
1685 3600 1861 3638 coram
1894 3587 2080 3649 populo
2112 3588 2290 3637 Medea
2321 3589 2616 3647 trucidare&

1571 3664 1732 3726 atque
1769 3661 2035 3711 comicum
2069 3662 2228 3711 totius
2263 3661 2511 3712 carminis
2533 3674 2621 3712 eo—

1572 3734 1742 3786 lorem
1778 3734 2137 3785 obscurasset.
