3234 4975
1157 414 1276 464 us.
1316 415 1352 464 1.
1424 416 1484 465 c.
1521 415 1716 465 xxxv,
2450 415 2572 481 497

426 572 629 623 rotrico:
658 578 705 624 et
733 573 893 635 fucati
924 572 1075 622 mici
1105 585 1217 622 eam
1248 574 1607 636 derelinquunt.
1679 577 1871 626 Contra
1907 579 2085 626 autem
2128 574 2312 627 dicunt
2341 575 2455 638 alii,
2492 578 2574 627 in-

428 655 614 707 fideles
659 657 860 706 amicos
906 657 1162 708 Fortunae
1208 659 1432 709 comites
1479 673 1629 719 esse;
1681 672 1867 709 veram
1911 662 2091 710 autem
2133 658 2318 710 Fidem
2356 661 2572 711 minime

430 742 709 792 Fortunam
741 742 909 805 sequi.
983 741 1195 792 Ovidius
1228 744 1375 792 Pont.
1412 744 1475 792 11.
1511 744 1559 802 3,
1596 745 1644 793 7.
1683 742 1751 793 de
1789 744 2013 793 amicitia
2047 745 2101 793 et
2142 743 2246 792 fide
2283 744 2478 794 fucata:

722 835 880 897 Turpe
911 836 1107 896 quidem
1139 836 1298 896 dictu,
1336 837 1419 885 sed
1450 834 1513 899 (si
1543 837 1692 885 modo
1721 849 1847 886 vera
1875 836 2113 899 fatentur)

788 919 966 983 Volqus
997 919 1244 968 mnicitias
1274 918 1487 969 militate
1512 920 1712 981 probae.

719 1002 2284 1067 Curaquidwpodiatprimostquamqudsithonoetum:

780 1087 846 1136 Et
875 1099 991 1136 cm
1020 1087 1311 1138 Fosrmu
1342 1092 1535 1150 statque
1565 1089 1796 1151 caditque
1826 1089 1999 1139 Fmss.

429 1181 485 1228 at
518 1192 639 1230 mox
674 1178 872 1230 ibidem
908 1180 973 1242 (ν.
1011 1179 1111 1241 55.)
1148 1179 1215 1229 de
1251 1178 1357 1229 fido
1396 1182 1597 1233 amico:

719 1272 912 1322 Scilicet
944 1273 1231 1336 indiyvmm,
1266 1274 1456 1323 iuvenis
1486 1276 1775 1337 rarissimo,
1811 1277 1949 1325 ducis

785 1357 846 1405 Te
873 1357 986 1421 fieri
1018 1368 1303 1407 contr-sn
1332 1359 1508 1406 stantis
1536 1359 1590 1407 in
1623 1358 1740 1408 orbe
1769 1371 1918 1409 osas.

425 1454 481 1500 et
513 1452 659 1501 Pont.
698 1452 735 1501 1.
774 1452 832 1511 9,
872 1452 959 1500 ⁴5:

713 1546 886 1608 Adfuit
916 1544 998 1594 ille
1026 1545 1173 1606 mihi,
1209 1558 1323 1595 cum
1347 1558 1475 1606 pars
1504 1559 1583 1594 mo
1612 1558 1804 1610 magna
1834 1547 2059 1609 reliquit,

780 1629 1032 1689 Maximo,
1068 1630 1333 1679 Fosi-uuas
1364 1642 1452 1678 nec
1481 1629 1579 1691 finit
1610 1630 1693 1679 ille
1724 1642 1902 1681 conss.

429 1725 484 1772 et
517 1723 709 1772 iterum
741 1722 890 1771 Pont.
928 1722 1013 1771 1v.
1053 1722 1145 1783 ⁴0,
1182 1721 1272 1771 73:

720 1816 969 1878 Quemque
999 1815 1184 1880 refer-³,
1220 1817 1421 1867 imitare
1448 1817 1646 1867 virum:
1677 1823 1812 1867 vetat
1843 1818 1925 1868 ille
1949 1820 2170 1882 profecto

783 1899 1058 1962 Tranquilli
1088 1912 1310 1950 conns!
1341 1902 1575 1964 temporis
1603 1915 1704 1951 esse
1734 1902 1915 1952 mer.

426 1990 684 2042 luvenalis
718 1994 821 2042 Sat.
859 1992 921 2042 X.
958 1993 1047 2043 73:

1826 2081 1910 2130 sed
1942 2082 2063 2143 quid

723 2159 887 2209 Turba
915 2161 1094 2211 Romi?
1123 2174 1366 2223 smum
1396 2174 1660 2213 ronrmmr
1690 2176 1907 2226 semper,
1944 2169 1992 2214 et
2023 2165 2124 2214 odit

712 2244 1005 2294 flammatos.

552 2337 687 2398 Quid
720 2339 874 2402 igitur
907 2340 1029 2390 flet‘?
1075 2341 1166 2388 aut
1198 2352 1305 2403 quo
1349 2340 1564 2390 tandem
1597 2343 1755 2404 pacto
1792 2342 1903 2391 tam
1936 2341 2144 2392 diversa
2179 2342 2312 2392 haec
2346 2344 2482 2393 inter
2514 2356 2571 2393 se

422 2421 688 2474 conciliari
721 2426 1003 2489 poterunt?
1036 2425 1171 2474 Sane
1207 2436 1330 2473 cum
1365 2424 1578 2474 Ovidius
1612 2426 1668 2473 et
1699 2422 1961 2476 Iuvenalis
1985 2426 2261 2475 Fortunam
2283 2426 2570 2488 nominant,

422 2511 687 2559 secundam
718 2511 921 2560 tantum
958 2506 1249 2572 intelligunt
1280 2522 1346 2558 ex
1378 2511 1593 2572 recepto
1616 2507 1865 2572 loquendi
1890 2522 2069 2560 more:
2106 2511 2159 2559 et
2180 2511 2403 2575 proinde
2425 2514 2571 2561 recte

425 2593 630 2654 dicunt,
668 2593 897 2644 abeunte
933 2593 1158 2643 Fortuna
1193 2604 1411 2642 manere
1447 2595 1628 2642 tamen
1671 2592 1808 2643 fidos
1842 2594 2068 2655 amicos,
2106 2607 2280 2657 neque
2317 2596 2573 2645 Fortunae

424 2679 646 2728 comites
681 2690 818 2727 esse.
886 2677 1077 2727 Noster
1109 2678 1289 2726 autem
1324 2675 1481 2726 aliam
1513 2674 1670 2740 plane
1704 2676 1989 2739 imaginem
2021 2679 2267 2741 concepit
2287 2678 2342 2728 et
2361 2691 2577 2742 reprae-

423 2762 670 2821 sentavit;
724 2760 826 2812 sub
869 2761 1127 2811 Fortunae
1172 2761 1314 2810 enim
1351 2760 1563 2809 nomine
1599 2760 1828 2810 eandem
1864 2763 1917 2810 et
1946 2773 2260 2825 prosperam
2293 2763 2348 2811 et
2380 2760 2575 2811 adver-

421 2857 565 2905 sam,
604 2846 804 2895 mutata
838 2845 1043 2895 tantum
1075 2845 1252 2904 veste,
1290 2841 1550 2906 intelligit:
1591 2844 1735 2893 unde
1769 2855 2104 2907 consequens
2138 2846 2275 2905 erat,
2321 2847 2380 2894 ut
2412 2845 2571 2896 etiam

424 2930 655 2979 mutatae
702 2929 959 2978 Fortunae
1005 2928 1193 2991 Spem,
1246 2928 1427 2978 Fidem
1477 2929 1531 2977 et
1572 2928 1773 2978 amicos
1816 2929 1990 2976 certos
2033 2927 2207 2977 adhuc
2251 2930 2473 2980 comites
2518 2933 2573 2980 et

422 3009 652 3063 cultores
703 3025 822 3064 esse
873 3010 1098 3072 diceret,
1150 3013 1462 3062 meretrices
1512 3015 1693 3062 autem
1738 3013 1793 3062 et
1831 3012 2089 3076 parasitos
2133 3011 2472 3064 retrocedere
2516 3016 2571 3064 et

423 3095 695 3159 diffugere.
764 3096 828 3146 Et
860 3095 998 3146 bene
1043 3094 1260 3160 quidem
1294 3097 1395 3147 hoc
1429 3097 1641 3146 Horatio
1677 3096 1948 3156 cessisset,
1988 3096 2086 3146 nisi
2119 3096 2410 3149 addidisset
2445 3111 2571 3148 ver-

422 3179 578 3241 bum,
617 3178 786 3243 quod,
830 3182 891 3229 ut
923 3179 1052 3229 mihi
1085 3179 1303 3243 quidem
1335 3178 1570 3242 videtur,
1615 3181 1782 3231 totam
1816 3181 1953 3230 hanc
1987 3193 2204 3231 scenam
2239 3181 2484 3246 deturpat
2518 3184 2572 3232 et

421 3277 637 3328 prorsus
672 3264 989 3328 corrumpit:

1257 3361 1345 3398 nec
1377 3349 1602 3398 comitem
1635 3348 1875 3413 abnegat,

1068 3432 1320 3493 Utcunque
1349 3436 1546 3482 mutata
1569 3437 1794 3495 potentes

1136 3516 1270 3565 Veste
1301 3516 1471 3565 aornos
1500 3517 1708 3566 inhnica
1738 3527 1952 3577 ments,

421 3610 624 3674 Quippe
659 3610 703 3661 si
738 3610 962 3659 Fortuna
1005 3609 1185 3671 linquit
1226 3607 1416 3659 domos
1459 3606 1706 3670 afflictas,
1757 3621 1971 3672 unaque
2009 3609 2326 3659 comitantur
2364 3605 2569 3658 abeun-

418 3695 531 3744 tem
574 3696 706 3758 Spes
749 3694 803 3743 et
843 3692 1019 3755 Fides,
1078 3694 1191 3743 tum
1231 3691 1469 3757 profecto
1507 3705 1696 3743 omnes
1731 3694 1944 3743 omnino
1978 3692 2279 3755 diffugiunt,
2333 3693 2443 3741 tam
2478 3690 2566 3740 fidi

418 3777 575 3829 amici
610 3789 773 3841 quam
805 3775 1070 3837 infideles;
1108 3789 1215 3840 quo
1258 3775 1383 3828 nihil
1417 3775 1702 3827 absurdius
1735 3776 1858 3839 fingi
1891 3778 2080 3840 potest.
2151 3776 2335 3834 Certe,
2373 3775 2417 3826 si
2441 3775 2568 3839 quid

418 3859 603 3921 video,
639 3861 721 3912 vel
756 3861 860 3911 hoc
892 3859 978 3910 vel
1011 3874 1115 3911 non
1149 3860 1388 3911 dissimili
1419 3859 1588 3911 verbo
1623 3861 1823 3910 dictum
1857 3859 2108 3924 oportuit:

1071 3946 1319 4007 Utcunque
1348 3950 1546 3995 mutata
1569 3949 1792 4007 potentes

1134 4030 1266 4080 Veste
1296 4031 1466 4079 domos
1495 4029 1702 4078 mistica
1735 4039 1934 4079 murts:

417 4115 520 4164 hoc
554 4114 663 4172 est,
715 4117 959 4175 concutis,
1011 4113 1210 4178 affligis.
1281 4114 1440 4178 Spes,
1492 4112 1687 4175 inquit,
1741 4113 1795 4161 et
1836 4109 1987 4161 Fides
2025 4123 2241 4176 semper
2273 4113 2326 4161 te
2361 4109 2562 4171 colunt,

418 4199 669 4256 Fortuna,
707 4209 881 4261 neque
916 4200 969 4248 te
1004 4196 1282 4258 deserunt,
1330 4196 1428 4248 sed
1463 4196 1625 4246 etiam
1658 4196 1710 4245 in
1744 4192 1935 4246 afflicta
1968 4194 2154 4257 domo,
2205 4208 2328 4245 cum
2361 4196 2565 4246 vestem

416 4282 727 4343 mutaveris,
782 4284 960 4334 tecum
1016 4284 1256 4340 manent;
1308 4277 1492 4344 volgus
1544 4283 1726 4331 autem
1775 4278 1996 4331 infidum
2046 4281 2223 4332 statim
2273 4278 2562 4343 diffugiunt.
