3234 4975
1221 392 1337 441 ΜΒ.
1377 393 1410 440 1.
1484 392 1541 440 C.
1581 390 1796 441 xxvln.

2496 383 2520 447 ¹1
2536 383 2616 446 53

1076 766 1546 829 cm
1571 765 1970 827 nvm-

437 994 444 999 .
519 938 604 1002 Te
653 936 848 1002 maris
893 946 956 1001 et
1001 946 1210 1000 terrae
1257 934 1666 1021 numeroque
1711 934 1991 1000 carentis
2037 953 2272 1000 arenae

857 1057 1219 1122 Mensorem
1263 1055 1596 1131 cohibent,
1646 1054 1957 1143 Archyta,

519 1177 810 1244 Pulveris
854 1176 1069 1263 exigui
1113 1197 1319 1263 prope
1366 1175 1513 1241 litus
1558 1196 1760 1262 parva
1806 1174 2112 1239 Matinum

859 1297 1153 1373 Munera,
1201 1316 1323 1363 nec
1370 1296 1729 1383 quidquam
1774 1294 1885 1361 tibi
1930 1293 2199 1382 prodest

565 1486 785 1535 xxvul.
823 1486 988 1534 Inscr.
1024 1482 1161 1547 volg.
1198 1485 1458 1545 Archytas.
1512 1511 1566 1520 -
1619 1483 1812 1547 (Nauta
1856 1474 1903 1531 ἀι
1946 1483 2116 1545 imayo
2154 1481 2403 1543 Archytae
2450 1483 2547 1533 Ta-

501 1560 685 1609 rentini
715 1559 762 1608 J.
807 1559 880 1621 —)
923 1559 1002 1608 Aa
1038 1559 1313 1620 Archytam
1356 1559 1676 1609 Tarentinum
1712 1561 1994 1621 geometren
2027 1558 2078 1605 S.
2120 1583 2176 1592 —
2211 1556 2288 1606 Ad
2318 1557 2549 1607 Architan
2612 1590 2621 1598 -

505 1635 612 1697 (sic)
662 1647 842 1698 genere
894 1634 1215 1683 Tarentinum
1265 1639 1376 1683 arte
1423 1638 1703 1697 geometren
1752 1634 1809 1681 T.
1861 1658 1915 1668 —
1961 1632 2008 1681 4.
2060 1632 2282 1682 harenae
2330 1633 2428 1681 BT.
2487 1639 2544 1668 —·

502 1708 551 1758 3.
588 1708 719 1773 litus]
773 1709 933 1758 latum
979 1709 1077 1757 BT.
1131 1735 1185 1743 —
1240 1707 1290 1759 4.
1341 1707 1428 1758 tibi
1477 1708 1749 1769 quicquam
1795 1720 1932 1756 corr.
1980 1704 2049 1772 γδ
2095 1720 2179 1771 ap.
2228 1707 2438 1757 Kirchn.
2482 1708 2541 1755 N.

506 1783 741 1842 Quaestt.
779 1783 959 1832 Horat.
991 1795 1045 1845 p.
1084 1781 1165 1832 36.
1203 1783 1284 1832 56.

500 1949 719 1999 XXVIII.
789 1950 1047 2013 TempuS,
1095 1962 1201 2013 quo
1236 1949 1338 1999 hoc
1373 1963 1489 1999 car-

441 2035 563 2072 men
587 2022 942 2086 compositum
966 2023 1058 2082 sit,
1086 2022 1293 2073 definiri
1313 2024 1487 2073 omni-

443 2109 510 2145 no
553 2098 764 2159 nequit;
822 2097 1078 2146 Kirchner
1132 2099 1187 2146 et
1237 2096 1487 2147 Walcke-

440 2183 571 2220 naer
614 2171 853 2219 referunt
895 2169 963 2219 ad
1008 2183 1054 2220 a.
1094 2185 1146 2220 u.
1185 2184 1232 2220 c.
1270 2172 1385 2220 747.
1428 2197 1482 2207 —

439 2242 809 2293 Difficillimum
833 2256 962 2293 sane
983 2246 1066 2294 est
1079 2257 1269 2294 verum
1289 2246 1486 2294 statum

437 2328 763 2381 scenamque
808 2318 1057 2367 carminis
1092 2318 1162 2366 ita
1196 2331 1484 2382 exponere,

440 2393 498 2441 ut
539 2394 594 2441 et
635 2390 730 2440 tibi
777 2392 874 2456 ipsi
918 2396 973 2441 et
1018 2391 1131 2442 aliis
1166 2393 1483 2451 satisfacia83

441 2467 490 2515 in
526 2478 658 2529 quc,
695 2464 862 2516 libere
899 2467 958 2516 ut
979 2465 1173 2527 fatear,
1211 2456 1316 2516 hon
1342 2466 1484 2516 omni

439 2538 589 2604 culpa
638 2553 838 2590 vacuus
880 2539 1093 2589 videtur
1143 2541 1256 2605 ipse
1309 2543 1481 2604 poeta.

438 2615 834 2664 Diversissimas
867 2615 970 2665 hac
1005 2614 1073 2665 de
1104 2629 1164 2664 re
1187 2616 1485 2679 propositas

437 2688 680 2739 videmus
704 2689 980 2753 opiniones
997 2727 1009 2749 ,
1049 2702 1184 2752 quas
1208 2702 1488 2738 enumera-

438 2762 615 2813 bimus
632 2763 685 2813 in
703 2764 958 2814 Excursu.
997 2763 1256 2827 Equidem
1277 2763 1481 2823 ἐπέχω.

439 2837 643 2886 Etenim
684 2852 784 2887 non
821 2843 1048 2888 nostrum
1085 2844 1254 2888 tantas
1286 2851 1488 2900 compo-

439 2924 556 2961 nere
587 2912 710 2962 lites.

503 2987 549 3034 4.
587 2987 790 3049 arenae]
818 2988 1154 3049 ignoramus»,
1192 2988 1370 3036 utrum
1395 2990 1488 3036 Ar-

439 3060 625 3120 chytas
676 3061 728 3109 in
777 3059 914 3109 libro
966 3059 1092 3128 περὶ
1137 3053 1334 3130 ἀρχῶν
1380 3061 1486 3111 iam

440 3134 606 3195 egerit
638 3134 706 3183 de
743 3147 968 3184 numero
1004 3146 1200 3183 arenae
1233 3133 1482 3195 ineundo,

439 3209 497 3256 ut
529 3211 649 3270 post
683 3221 809 3257 eum
842 3207 1192 3258 Archimedes
1227 3209 1279 3258 in
1319 3208 1486 3273 Ψαμ-

437 3282 592 3350 μίτῃ.
649 3282 742 3331 llic
777 3283 921 3331 initio
955 3295 1010 3345 p.
1049 3283 1098 3332 2.
1139 3282 1231 3332 Ed.
1269 3282 1480 3333 Wallis:

440 3352 661 3406 οἴονταί
717 3370 864 3418 τινες
917 3352 1021 3406 τοῦ
1073 3353 1334 3421 ψάμμου
1385 3354 1485 3407 τὸν

437 3423 692 3500 ἀριθμὸν
714 3424 954 3500 ἄπειρον
975 3427 1134 3495 εἶμεν
1156 3428 1232 3497 τῷ
1256 3428 1482 3496 πλήθει·

439 3503 492 3553 id
527 3503 671 3567 quod
704 3505 959 3567 deinceps
1006 3505 1214 3556 refutat.
1259 3532 1312 3542 -
1351 3505 1486 3556 Alibi

438 3591 653 3639 arenas,
705 3579 962 3640 pulvorem
1012 3594 1309 3641 numerare,
1372 3583 1485 3632 eius

437 3665 698 3702 mnenon·
740 3653 1009 3704 subducere
1049 3654 1317 3718 proverbii
1360 3669 1486 3719 spe-

438 3728 577 3777 ciem
610 3725 775 3776 habet
819 3727 886 3776 de
923 3742 981 3778 re
1017 3729 1159 3778 irrita
1197 3742 1260 3777 ac
1294 3742 1486 3793 super-

437 3813 686 3850 vacanea.
747 3801 998 3865 Exempla
1045 3801 1253 3865 collegit
1293 3805 1486 3853 Schra-

438 3875 598 3925 derus
641 3875 901 3926 Emendd.
946 3890 999 3940 p.
1046 3877 1093 3925 7.
1134 3878 1304 3940 Atque
1348 3878 1486 3926 hanc

438 3950 697 3999 rationem
740 3949 1016 4014 amplexus
1060 3955 1141 4002 est
1187 3949 1488 4001 Dillenbur-

436 4036 559 4086 ger,
606 4025 657 4073 in
693 4023 1007 4075 allocutione
1046 4029 1262 4087 nautae,
1312 4027 1486 4075 homi-

438 4096 517 4147 nis
563 4097 787 4158 sordidi,
837 4102 893 4148 ut
937 4100 1031 4157 ait,
1082 4113 1144 4149 ac
1187 4099 1484 4163 philosophi

437 4170 612 4221 studia
625 4171 918 4222 deridentis
938 4185 1175 4223 amaram
1196 4175 1485 4242 εἰρωνείαν

437 4247 613 4297 inesse
651 4247 918 4298 immerito
952 4246 1253 4297 arbitratus.

1626 1949 1675 1998 3.
1724 1948 1992 2012 Matinum]
2038 1949 2262 2000 Matinus
2310 1962 2465 2000 mons
2500 1951 2609 1999 sive

1556 2024 1983 2087 promontorium
2024 2035 2191 2087 prope
2233 2022 2444 2073 radices
2479 2026 2613 2072 Gar-

1559 2098 1680 2160 gani
1714 2098 1908 2147 montis
1936 2099 1987 2146 in
2010 2096 2227 2160 Apuliae
2250 2095 2401 2147 litore
2419 2136 2431 2157 ,
2470 2110 2610 2147 nunc

1557 2173 1827 2221 Matinum.
1890 2171 2020 2221 Vide
2044 2170 2137 2220 ·ad
2170 2171 2340 2234 Epod.
2380 2172 2468 2231 46,
2523 2172 2604 2221 28.

1559 2244 1748 2295 collato
1774 2247 1984 2295 Lucano
2006 2246 2037 2295 9
2059 2284 2071 2304 ,
2100 2244 2213 2295 ⁴84.
2243 2248 2298 2295 et
2320 2244 2608 2295 Romanelli

1561 2322 1859 2384 Topoyrafia
1908 2321 1987 2370 del
2032 2333 2189 2383 rayno
2231 2321 2283 2369 di
2316 2321 2501 2382 Napoli
2544 2321 2603 2368 11.

1626 2468 1672 2519 4.
1731 2469 1964 2533 Munera]
2021 2469 2291 2532 «Exiguus
2341 2466 2605 2526 tumulus,

1559 2542 1682 2602 tibi,
1732 2544 1990 2604 Archyta,
2038 2555 2069 2590 a
2104 2544 2286 2593 nescio
2326 2556 2433 2606 quo
2467 2545 2608 2592 stru-

1559 2620 1707 2674 ctus,
1745 2619 1799 2665 te
1834 2615 2195 2679 amplectitur,
2234 2618 2411 2680 tegit.»
2446 2617 2612 2666 Pulvis

1559 2704 1659 2755 pro
1709 2693 1880 2749 terra,
1935 2690 2129 2751 hume,
2184 2693 2243 2739 ut
2290 2690 2433 2753 apud
2480 2693 2605 2739 Stat.

1561 2763 1728 2814 Theb.
1768 2764 1860 2823 ⁴0,
1899 2763 2021 2814 427:
2077 2765 2277 2826 anyusli
2306 2778 2464 2825 puero
2498 2766 2612 2813 date

1553 2838 1778 2900 pulveris
1797 2838 2029 2899 haustae,
2054 2838 2409 2900 Exiywmqw
2427 2840 2605 2901 facem.

1559 2913 1745 2962 Munus
1767 2913 1947 2961 autem
1983 2913 2130 2961 recte
2164 2911 2267 2961 hoc
2304 2911 2608 2976 sepulcrum

1561 2984 1782 3046 dicitur,
1820 2987 2003 3048 utpote
2034 2985 2177 3048 quod
2201 2987 2485 3048 naulragus
2509 2986 2607 3035 sibi

1560 3059 1674 3121 ipse
1699 3060 1821 3108 ante
1844 3072 2035 3123 parare
2059 3063 2315 3122 nequeat,
2354 3060 2611 3123 quemad·

1559 3134 1780 3184 modum
1816 3148 1978 3199 saepe
2015 3135 2139 3185 facit
2171 3135 2243 3195 iS,
2298 3136 2388 3198 qui
2423 3149 2521 3184 suo
2556 3135 2607 3183 in

1559 3207 1753 3258 lectulo
1777 3210 2018 3259 moritur.
2062 3236 2117 3246 -
2145 3210 2243 3269 Qui
2266 3208 2416 3258 aliter
2440 3213 2606 3258 totum

1560 3296 1779 3332 carmen
1816 3285 2166 3342 constituunt,
2216 3286 2275 3333 ut
2315 3286 2383 3334 sit
2415 3287 2606 3333 nautae

1559 3355 1881 3420 colloquium
1927 3371 2051 3407 cum
2085 3358 2348 3420 Archytae
2395 3357 2605 3416 umbra,

1558 3433 1636 3481 sic
1659 3432 2098 3495 interpretantur:
2141 3430 2408 3481 «Pulveris
2437 3432 2609 3493 exigui

1559 3518 1720 3570 parva
1766 3518 1989 3556 munera
2037 3505 2106 3567 (id
2149 3508 2256 3564 est,
2310 3504 2481 3568 pulvis
2528 3509 2610 3554 ter

1561 3579 1654 3629 tibi
1708 3578 1850 3629 nudo
1882 3579 2252 3642 iniiciendus),
2307 3579 2482 3629 adhuc
2516 3580 2607 3629 tibi

1561 3655 1747 3717 negata
1766 3654 2019 3717 (nondum
2038 3653 2342 3718 persoluta),
2361 3653 2607 3704 umbram

1561 3730 1707 3778 tuam
1743 3728 1829 3778 hic
1865 3731 2120 3788 retinent,
2173 3729 2310 3778 adeo
2344 3731 2403 3778 ut
2434 3728 2609 3778 Ache-

1562 3805 1769 3852 rontem
1802 3805 2041 3853 traiicere
2067 3817 2357 3866 nequeaS,»›
2394 3816 2609 3866 compa-

1561 3878 1740 3926 rantes
1775 3876 1870 3926 Od.
1898 3879 1946 3936 2,
1985 3879 2066 3937 ΞΟ,
2105 3878 2164 3927 8:
2204 3891 2293 3927 nec
2321 3878 2500 3941 Styyt'a
2521 3891 2608 3926 co-

1558 3951 1757 4000 hibebor
1787 3953 1943 4000 unda.
1976 3951 2068 4000 Od.
2097 3952 2153 4012 3,
2193 3951 2250 4010 4,
2288 3951 2377 4001 80:
2416 3957 2607 4001 trecen-

1560 4030 1640 4074 tae
1671 4026 1945 4074 Pirithoum
1977 4025 2195 4074 cohibent
2229 4030 2449 4075 catenae.
2512 4025 2605 4075 Alii

1561 4099 1819 4161 denique,
1860 4113 2078 4162 prorsus
2115 4097 2353 4161 neglecta
2390 4112 2513 4148 vera
2540 4102 2609 4149 si-

1560 4173 1893 4236 gnificatione
1920 4187 1968 4220 v.
1994 4187 2232 4222 munera:
2272 4175 2477 4223 «Portio
2503 4177 2609 4222 exi-

1559 4261 1661 4310 gua
1681 4246 1928 4310 pulveris,
1956 4260 2115 4297 arena
2131 4249 2337 4310 exigua,
2365 4250 2414 4296 te
2443 4251 2603 4306 tenet,
