3234 4975
1219 385 1336 435 Lm.
1379 387 1414 435 l.
1486 387 1543 436 C.
1586 388 1668 437 m.

754 536 1043 605 Prudens
1088 540 1353 606 Oceano
1396 541 1788 610 dissociabili

960 661 1215 738 Terras,
1263 662 1316 727 si
1363 672 1574 728 tamen
1622 663 1856 751 impiae

746 779 880 843 Non
926 781 1245 868 tangenda
1290 792 1461 849 rates
1507 784 1864 850 transiliunt
1909 787 2090 852 vada.

957 928 1182 995 Audax
1225 930 1440 997 omnia
1483 932 1735 1019 perpeti

744 1047 915 1114 Gens
960 1048 1238 1117 humana
1286 1051 1412 1117 ruit
1454 1072 1574 1139 per
1615 1053 1883 1119 vetitum
1927 1056 2123 1122 nefas.

952 1169 1179 1236 Audax
1222 1172 1422 1257 Iiipeti
1469 1193 1676 1260 genus

530 1309 613 1358 22.
651 1309 974 1359 dissociabilis
995 1311 1161 1361 Bentl.
1192 1313 1348 1372 coni.,
1373 1326 1535 1377 quam
1562 1314 1761 1366 fecerat
1784 1318 1888 1367 iam
1912 1316 2224 1382 (manerius,
2252 1322 2428 1388 itaque
2449 1326 2502 1386 F,

466 1382 710 1432 scribens
733 1384 1084 1445 dis-sociabiles
1123 1387 1429 1437 dissociabile
1452 1390 1710 1451 Cuningh.
1738 1392 1874 1441 coni.
1903 1392 2112 1443 firmata
2138 1408 2169 1444 a
2194 1397 2324 1446 Cod.
2353 1400 2499 1450 Leid.

464 1454 620 1517 prob.
637 1456 874 1507 Oudend.
897 1459 966 1508 ad
979 1459 1129 1524 Apul.
1153 1462 1406 1526 Met.5.p.
1422 1462 1535 1512 359.
1556 1490 1610 1499 -
1628 1465 1708 1514 27.
1734 1466 2138 1519 AtrooeBothius.
2167 1471 2226 1520 V.
2242 1471 2500 1524 Iahnium.

400 1569 524 1607 nem
583 1559 763 1608 incidit
828 1562 1058 1612 maxime
1115 1566 1334 1627 propter
1392 1563 1457 1613 v.'

398 1631 624 1690 abscidit,
662 1646 785 1683 cum
819 1635 887 1694 ei,
925 1639 1103 1685 nostra
1128 1638 1173 1686 si
1195 1651 1321 1687 vera
1358 1651 1449 1688 es-

1584 1566 1667 1616 26.
1747 1567 1892 1632 Gens]
1969 1570 2315 1636 Philosophus
2381 1576 2569 1642 aliquis

1521 1638 1867 1692 scholasticus
1953 1647 2282 1706 excogitasse
2359 1651 2569 1701 videtur

399 1707 501 1764 set,
538 1707 733 1756 discidit
767 1710 963 1772 requiri
1000 1710 1284 1762 videretur.
1340 1712 1446 1763 Sed
1520 1711 1642 1763 lect.
1680 1715 1848 1765 Codd.
1886 1718 2172 1769 Torrentii:
2215 1723 2356 1771 Mens
2385 1724 2568 1775 buma-

398 1791 523 1828 cum
556 1793 606 1829 v.
644 1781 839 1831 discidit
871 1786 925 1832 et
962 1787 1181 1848 propter
1214 1789 1445 1836 metrum
1517 1801 1603 1836 na.
1667 1790 1782 1838 Ruit
1823 1794 2001 1841 autem
2039 1807 2136 1855 per
2177 1797 2384 1847 vetitum
2426 1801 2569 1863 nefas

397 1856 451 1902 et
481 1856 700 1917 propter
732 1858 1002 1919 egregium
1032 1858 1158 1908 illud
1182 1860 1446 1911 ἐπίθετον

398 1929 695 1978 dissociabili
731 1931 803 1980 uti
840 1945 945 1981 non
979 1937 1187 1996 posset,
1237 1937 1447 2000 scripsit

396 2001 627 2064 abscidit,
674 2017 776 2054 non
822 2007 1020 2056 terram
1065 2022 1094 2057 a
1132 2010 1291 2068 mari,
1347 2011 1443 2060 sed

396 2089 554 2126 unam
606 2082 813 2141 partem
864 2080 1008 2132 orbis
1059 2086 1322 2134 terrarum
1373 2085 1441 2134 ab

394 2149 577 2199 altera.
671 2152 829 2214 Rege-1
896 2156 974 2204 sic
1035 2156 1437 2221 interpretatur:

396 2225 589 2274 «Cuius
622 2231 829 2277 remota
864 2230 1002 2280 inter
1033 2244 1092 2281 se
1129 2233 1318 2282 sociari
1343 2247 1442 2283 ne-

393 2303 595 2361 queunt
615 2299 820 2351 litora.»
838 2331 891 2339 —
915 2304 1112 2363 Quodsi
1136 2320 1259 2357 cum
1278 2309 1441 2357 Bent-

393 2372 492 2422 leio
542 2373 686 2437 legas
730 2377 1075 2441 dissociabiles,
1119 2381 1275 2433 huius
1318 2397 1435 2433 voc.

392 2449 544 2498 unica
581 2450 942 2515 interpretatio
976 2456 1101 2505 erit:
1141 2456 1439 2509 «dissocia-

392 2526 491 2583 ωε,
528 2523 873 2591 dissaeptas»,
901 2530 1134 2592 epitheto
1152 2533 1279 2583 satis
1303 2534 1440 2583 otio-

392 2610 470 2646 so.
540 2600 725 2662 Neque
780 2615 910 2652 vero
961 2605 1317 2671 Oudendorpii
1369 2608 1436 2658 ad

392 2671 593 2735 Apuleii
636 2676 758 2724 Met.
804 2678 853 2725 ὅ.
898 2691 952 2740 p.
991 2678 1105 2729 359.
1145 2682 1436 2744 probamus

391 2747 710 2809 dissociabile,
749 2749 801 2798 id
821 2754 920 2809 est,
949 2753 1434 2806 «dissociabiliterm

392 2820 697 2884 Comparari
731 2823 947 2887 quidem
969 2832 1180 2891 poterat
1197 2844 1259 2879 ex
1285 2834 1435 2895 parte

390 2894 528 2957 Virg.
566 2899 697 2947 Aen.
741 2901 819 2961 ⁴2,
858 2901 981 2951 338:
1018 2904 1297 2955 miserabile
1317 2920 1435 2955 cae—

389 2968 454 3018 sis
481 2970 712 3021 Hostibus
742 2973 1012 3038 insultam,
1060 2979 1157 3029 sed
1190 2982 1432 3044 recipere

390 3045 529 3092 vetat
569 3048 900 3099 consuetudo
936 3052 1214 3104 Horatiana
1232 3092 1245 3115 ‚
1294 3068 1432 3117 quae

388 3119 486 3167 etsi
520 3119 749 3171 admittit
781 3125 921 3174 dulce
952 3127 1143 3190 ridere,
1180 3130 1433 3180 turbidam

386 3191 564 3241 taem
610 3198 713 3244 cet.
727 3234 745 3257 ,
798 3197 1103 3251 dissociabile
1148 3203 1435 3255 abscindere

387 3277 660 3329 nunquam
694 3269 939 3334 amplexa
974 3276 1133 3326 esset.

448 3340 528 3389 23.
567 3341 648 3392 24.
686 3344 873 3405 imjiiae
904 3360 1004 3410 per
1024 3349 1268 3399 adiectivi
1301 3364 1430 3414 pro-

384 3412 550 3476 lepsin
591 3418 883 3479 poeticam3
943 3435 1067 3472 nam
1116 3427 1335 3487 propter
1376 3425 1427 3475 id

384 3487 573 3550 ipsum,
602 3491 747 3553 quod
764 3496 1052 3545 transiliunt
1067 3499 1219 3558 vada,
1245 3499 1430 3560 impiae

383 3560 529 3612 fiunt.
601 3565 707 3614 Cfr.
744 3568 890 3617 Koch
925 3570 993 3619 ad
1017 3571 1232 3621 Luciani
1268 3573 1423 3623 Char.

382 3648 432 3697 p.
470 3638 551 3686 56.
594 3665 650 3674 -
686 3644 990 3708 εναηείὶὶωηε]
1029 3646 1242 3709 «rapido
1267 3661 1427 3697 cursu

386 3710 694 3762 traiicmnt.»
714 3716 951 3780 Propert.
976 3720 1023 3778 l,
1047 3720 1125 3779 ⁴7,
1152 3720 1229 3770 43:
1257 3721 1430 3782 Alipo-

381 3790 507 3845 νισι,
544 3787 826 3850 animmque
865 3796 1001 3841 rates
1042 3798 1089 3842 et
1126 3794 1240 3843 vela
1264 3808 1429 3856 parae-

378 3859 449 3907 vit
469 3860 666 3909 Primus
690 3867 741 3910 et
764 3864 918 3913 invito
939 3866 1139 3930 gurgite
1163 3868 1282 3931 fecit
1300 3869 1425 3918 iter!

442 3933 524 3982 25.
583 3937 754 3986 omnia
779 3941 990 4004 perpeti]
1037 3942 1203 4006 γένος
1237 3939 1425 3992 δεινὸν

380 4002 564 4056 πάντα
594 4006 823 4073 τλῆναι,
859 4015 1071 4075 omnia,
1110 4017 1272 4066 etiam
1306 4030 1426 4066 ma-

378 4080 516 4129 xima
550 4083 783 4144 pericula
816 4086 1025 4146 subire;
1071 4090 1123 4138 in
1168 4103 1275 4153 quo
1310 4091 1424 4153 ipso

382 4153 513 4203 inest
560 4158 704 4207 notio
753 4162 931 4211 omnia
979 4163 1229 4225 faciendi,
1284 4177 1422 4227 quae

382 4229 666 4281 cruciatum
702 4246 888 4285 creare
923 4235 1141 4299 possint.

1518 1861 1758 1912 breviter
1798 1878 1862 1914 ac
1905 1879 2039 1917 nove
2085 1868 2286 1921 dictum
2323 1876 2405 1923 est
2436 1887 2559 1937 pro:

1520 1938 1656 1986 «ruit
1680 1951 1774 1999 per
1803 1940 2008 1990 vetitum
2050 1944 2211 2007 atque
2256 1945 2392 1996 adeo
2424 1949 2567 2011 nefas

1517 2013 1850 2062 committere
1895 2014 2107 2064 audet.»
2176 2019 2340 2069 Nimis
2378 2027 2564 2085 argute

1516 2084 1775 2135 Bosscha:
1817 2088 2000 2151 «Nefas
2033 2092 2144 2149 est,
2182 2093 2325 2154 quod
2361 2108 2466 2145 non
2500 2095 2564 2145 li-

1516 2161 1617 2216 cet,
1657 2159 1801 2222 quod
1835 2164 2056 2213 naturae
2091 2165 2321 2228 impulsu
2362 2181 2463 2218 non
2498 2169 2564 2219 lt-

1515 2245 1639 2282 cere
1673 2236 1833 2283 sentit
1865 2235 2052 2297 homo‚
2089 2252 2139 2287 v.
2168 2253 2216 2288 c.
2242 2239 2558 2305 latrocinari,

1514 2306 1738 2357 caedem
1774 2311 2130 2362 committere:
2166 2316 2372 2363 vetitum
2401 2318 2558 2380 nefa-3,

1513 2381 1596 2428 cui
1633 2384 1816 2431 natura
1851 2396 1910 2432 se
1942 2385 2120 2436 multis
2155 2390 2209 2437 et
2231 2391 2434 2451 magnis
2458 2391 2561 2441 im-

1509 2454 1828 2518 pedimentis
1879 2460 2155 2525 opposuit„
2203 2463 2347 2526 quod
2398 2464 2559 2516 homo

1512 2532 1844 2581 committere
1890 2546 1994 2583 non
2037 2538 2216 2599 potest
2258 2539 2354 2588 nisi
2389 2541 2559 2602 ruptis

1510 2618 1574 2653 ac
1592 2604 1814 2655 revolsis
1840 2606 1923 2656 his
1941 2609 2386 2671 impedimentis.»
2410 2612 2558 2663 Adeo

1507 2692 1638 2727 vero
1671 2679 1725 2727 in
1760 2679 1862 2729 hoc
1897 2681 2211 2743 haeserunt,
2249 2688 2309 2734 ut
2342 2685 2559 2736 Ouden-

1510 2752 1643 2815 dorp
1677 2758 2004 2816 proponeret
2028 2770 2127 2817 ρον·
2144 2758 2349 2807 vetitum
2379 2760 2434 2808 in
2465 2774 2557 2810 ne-

1504 2827 1604 2888 saS,
1643 2827 1902 2878 Duhamel
1930 2844 2027 2891 por
2057 2833 2264 2881 vetitum
2307 2838 2353 2882 et
2391 2835 2554 2897 nefas,

1507 2901 1651 2963 quod
1703 2902 1877 2963 ipsum
1919 2904 1970 2952 in
2013 2907 2413 2968 suspectissimo
2456 2921 2556 2959 suo

1507 2975 1637 3025 Cod.
1693 2975 1964 3027 Sorbonae
2015 2981 2317 3044 repperisse
2368 2994 2426 3032 se
2484 2983 2556 3033 ait

1505 3050 1701 3100 Valart.

1568 3201 1650 3250 27.
1690 3201 1877 3251 Audax
1909 3200 2150 3252 consulto
2183 3206 2458 3268 repetitur,
2494 3210 2555 3256 ut

1504 3275 1647 3325 notio
1678 3276 1957 3339 primaria3
1996 3275 2050 3325 id
2084 3276 2229 3340 quod
2252 3292 2356 3329 non
2387 3293 2554 3342 agno-

1500 3348 1591 3407 vit,
1640 3350 1730 3411 qui
1771 3352 2048 3413 proposuit
2088 3355 2257 3401 atrox.
2329 3356 2422 3403 Est
2455 3355 2551 3416 igi-

1504 3424 1613 3469 tur:
1656 3422 1887 3484 «Audax,
1926 3437 2110 3474 rursus
2145 3424 2292 3487 dico,
2330 3429 2554 3477 Prome-

1502 3496 1658 3546 theus
1692 3495 1796 3555 ille,
1833 3498 2085 3548 audaciae
2110 3503 2165 3548 et
2186 3499 2549 3551 fraudulentae

1501 3568 1766 3620 sollertiae
1810 3571 2111 3622 mortalium
2146 3575 2296 3635 quasi
2340 3575 2550 3636 species

1501 3645 1556 3692 et
1589 3644 1948 3706 symbolum.»
1979 3672 2033 3681 --
2070 3646 2228 3707 Iapeti
2260 3644 2396 3695 filius
2419 3649 2550 3697 Pro—

1500 3718 1765 3768 metheus.
1827 3718 2037 3769 Hesiod.
2077 3713 2243 3788 ’'Epy.
2281 3721 2370 3769 50:
2407 3717 2552 3784 Ζεὺς

1499 3788 1708 3862 Κρύψε
1740 3791 1802 3842 δὲ
1837 3790 1976 3862 πῦρ,
2021 3788 2091 3842 τὸ
2124 3793 2233 3856 μὲν
2265 3785 2429 3858 αὖτις
2450 3788 2549 3860 ἐΰς

1499 3863 1636 3928 ndig-
1695 3862 1973 3917 Ἰαπετοῖο
2012 3861 2261 3932 Ἴῖκλεᾳΐ
2317 3862 2548 3958 ἀνθρώ-

1499 3956 1662 3991 ποισι
1703 3937 1840 4004 Διὸς
1881 3937 2037 4012 πάρα
2075 3939 2416 4009 μητιόεντος
2463 3946 2548 3995 Εν

1497 4013 1673 4081 κοίλῳ
1694 4011 1962 4085 νάρθηκι,
1997 4014 2191 4067 λαθών
2212 4016 2322 4068 Δία
2353 4031 2549 4089 τερπι-

1496 4090 1796 4159 κέραυνον.
1828 4118 1883 4126 -
1918 4092 2089 4155 penus]
2126 4092 2210 4141 Sic
2245 4091 2430 4142 Catuli.
2458 4094 2544 4154 64,

1496 4164 1546 4212 2.
1586 4164 1958 4225 Hymenaeum
2002 4167 2223 4216 Uraniae
2258 4178 2416 4229 aenas
2446 4179 2550 4229 ap-

1496 4235 1673 4299 pellat.
1719 4274 1739 4291 ,
