3234 4975
624 380 750 444 2218

1393 380 1644 429 noum!
1684 380 2018 429 CARMINUM

1050 536 1298 603 Tellure
1344 537 1656 602 victorum
1703 546 1968 621 nepotes

1134 657 1387 724 Rettulit
1434 658 1693 723 inferias
1740 656 2100 743 Iugurthae.

966 818 1125 898 Quis
1170 839 1295 883 non
1342 816 1564 882 Latino
1612 816 1924 902 sanguine
1973 815 2270 901 pinguior

968 941 1247 1026 Campus
1291 937 1606 1025 sepulcris
1654 937 1848 1024 impia
1893 935 2138 1023 proelia

2704 937 2785 999 30

1048 1063 1337 1125 Testatur
1380 1057 1799 1145 auditumque
1845 1057 2046 1123 Medis

1135 1180 1489 1266 Hesperiae
1536 1179 1814 1245 sonitum
1861 1178 2131 1243 ruinae?

967 1339 1089 1417 Qui
1136 1358 1374 1425 gurges
1418 1348 1525 1404 aut
1569 1358 1739 1425 quae
1785 1336 2046 1403 flumina
2090 1335 2378 1423 lugubris

756 1501 838 1551 27.
878 1500 1029 1549 Hunc
1064 1510 1280 1548 versum
1317 1509 1422 1547 om.
1461 1497 1518 1546 T.
1562 1524 1617 1533 -
1655 1497 1733 1547 33.
1774 1497 1897 1556 Quis
1930 1497 2018 1545 Sd.

627 1648 839 1693 cesserat
882 1654 985 1692 nec
1025 1639 1257 1704 pertrahi
1301 1640 1479 1703 potest
1515 1636 1583 1687 ad
1616 1652 1667 1686 v.

630 1716 867 1780 Rettulit.)

693 1793 776 1842 27.
811 1789 1023 1854 nepotes]
1059 1791 1193 1838 Ante
1228 1785 1355 1836 alios
1391 1786 1457 1835 de
1493 1787 1555 1836 iis
1579 1798 1674 1835 co-

630 1867 826 1930 gitavit,
853 1866 943 1929 qui
961 1863 1030 1913 ad
1051 1864 1319 1926 Thapsum
1341 1861 1669 1922 occiderunt,

629 1941 722 1991 ubi
760 1941 1205 2003 Pompeianorum
1249 1936 1509 1986 interfecti
1550 1939 1676 1986 sunt

631 2016 691 2066 X.
729 2012 889 2063 milia.
927 2011 1054 2062 Bell.
1092 2010 1197 2061 Afr.
1235 2011 1315 2061 86.

694 2089 776 2139 28.
813 2086 1029 2150 Rettulit]
1069 2085 1331 2135 «vicissim
1357 2082 1545 2135 obtulit
1565 2084 1674 2146 pia-

630 2163 732 2214 culi
769 2176 928 2213 causa
964 2165 1237 2224 tamquam
1265 2161 1473 2224 inferias
1493 2161 1677 2223 Iugur-

631 2239 745 2287 thae
772 2235 1068 2287 Manibus»
1106 2237 1296 2286 Lucan.
1324 2233 1372 2295 4,
1411 2234 1531 2284 788:
1568 2235 1677 2282 Ea>-

630 2313 744 2362 cilet
764 2312 953 2360 invisas
974 2312 1116 2360 dirae
1130 2309 1456 2372 Karthayinis
1470 2307 1676 2357 umbras

630 2387 828 2449 Inferiis
848 2387 1075 2435 Fortuna
1095 2386 1262 2445 novit,
1297 2385 1431 2447 serat
1450 2384 1540 2432 iste
1559 2397 1675 2431 ενα-

631 2466 772 2511 eratus
819 2460 1071 2511 Hannibal
1113 2464 1159 2509 el
1206 2459 1354 2509 Poeni
1403 2463 1508 2508 tam
1557 2459 1676 2507 dira

626 2537 837 2598 piacula
876 2537 1066 2584 Manes.
1148 2533 1449 2596 Iugurtham
1493 2535 1673 2582 autem

633 2611 774 2673 (nam
809 2610 912 2659 hoc
946 2621 1161 2672 quoque
1198 2607 1524 2658 monendum
1553 2620 1677 2672 pro-

633 2687 754 2748 pter
788 2697 939 2743 eum,
989 2683 1079 2747 qui
1115 2686 1363 2746 quattuor
1394 2696 1480 2731 vv.
1517 2681 1673 2744 longe

631 2758 1023 2824 pulcherrimos
1092 2756 1414 2809 resecandos
1479 2755 1673 2818 suasit)

633 2836 688 2883 et
728 2833 973 2882 Horatius
1022 2834 1075 2880 et
1114 2832 1417 2895 Propertius
1453 2832 1504 2881 in
1540 2832 1676 2879 ima-

632 2907 751 2970 gine
786 2920 892 2956 non
928 2907 1103 2955 minus
1142 2907 1347 2969 poetica
1381 2905 1437 2965 3,
1474 2906 1531 2965 ὅ,
1578 2904 1672 2952 ⁴6:

633 2981 840 3032 Consule
869 2994 983 3030 eum
1016 2981 1212 3041 Mario,
1248 2985 1392 3042 capte
1410 2980 1673 3043 Iugurtha,

632 3057 792 3105 sedes:
840 3068 968 3119 prae
1024 3052 1136 3103 aliis
1186 3054 1401 3117 regibus
1452 3053 1675 3104 devictis

635 3142 964 3180 memorasse
1021 3128 1299 3190 videntur,
1360 3128 1504 3191 quod
1560 3131 1675 3178 tum

633 3203 873 3253 omnium
906 3215 1067 3252 manu
1102 3202 1375 3253 terebatur
1400 3200 1676 3267 praeclara

634 3276 841 3328 Salustii
877 3291 1034 3337 cura,
1089 3290 1154 3327 ex
1188 3291 1293 3341 qua
1327 3278 1441 3342 ipsa
1473 3279 1676 3342 primas

634 3352 895 3404 bellorum
929 3350 1159 3403 civilium
1194 3352 1421 3415 origines
1444 3367 1473 3401 a
1497 3353 1679 3415 Iugur·

634 3428 779 3478 thino
820 3424 960 3476 bello
1005 3439 1126 3478 esse
1160 3427 1484 3491 repetendas
1515 3429 1675 3491 poeta

634 3501 907 3552 didicerat.

697 3577 778 3626 29.
800 3576 1058 3640 pinquior]
1078 3577 1457 3639 Antiquissima
1480 3579 1672 3640 imago.

556 3671 573 3684 ‘
633 3649 895 3701 Plutarch.
934 3654 1062 3703 Mar.
1100 3653 1191 3701 2⁴:
1224 3645 1554 3722 Ἀρχίλοχος
1583 3649 1676 3702 λέ-

630 3741 716 3792 γει
749 3727 1079 3777 πιαίνεσθαι
1113 3723 1255 3799 πρὸς
1289 3725 1392 3778 τοῦ
1417 3725 1674 3792 πολέμου

631 3796 733 3863 τὰς
766 3794 1035 3872 ἀρούρας.
1086 3801 1334 3866 Aeschyl.
1374 3805 1519 3853 Pers.
1558 3802 1674 3852 806.

633 3875 701 3925 de
736 3876 921 3926 Xerxis
956 3878 1192 3928 exercitu
1227 3878 1279 3926 in
1313 3878 1529 3927 Graecia
1558 3875 1682 3926 reli·

632 3953 737 3999 cto:
763 3947 936 4009 φίλον
954 3952 1182 4015 πίασμα
1197 3948 1466 4001 Βοιωτῶν
1481 3951 1672 4011 χθονί.

636 4023 801 4086 (Adde
837 4026 887 4072 S.
928 4039 976 4073 c.
1015 4026 1108 4074 Th.
1147 4026 1272 4076 587:
1307 4019 1526 4091 Ἔγωγε
1568 4024 1678 4089 μὲν

633 4096 706 4163 δὴ
760 4093 926 4162 τήνδε
981 4095 1163 4148 πιανῶ
1216 4097 1422 4160 χθόνα.
1482 4101 1675 4162 Ihm.)

635 4174 772 4236 Virg.
801 4175 892 4223 Ge.
921 4174 940 4221 i
966 4209 978 4232 ‚
1004 4171 1093 4223 49⁴
1121 4190 1130 4221 ;
1167 4176 1268 4224 Nec
1300 4175 1398 4238 suit
1418 4175 1678 4239 indignum

1744 1643 1791 1687 et
1830 1638 1959 1687 latos
1989 1638 2165 1686 Haemi
2202 1639 2522 1700 pinquescere
2567 1652 2781 1701 campos.

1746 1713 2022 1761 Petronius
2057 1712 2115 1761 C.
2155 1712 2267 1760 424.
2307 1712 2488 1761 itidem
2533 1713 2601 1762 de
2647 1713 2787 1764 bello

1745 1784 1906 1836 civili:
1943 1787 2152 1835 horrida
2179 1787 2319 1835 lellus
2339 1787 2537 1837 Extulit
2557 1788 2610 1835 in
2632 1789 2789 1838 lucem

1743 1860 1960 1909 nutritas
1991 1862 2234 1923 sanquine
2271 1861 2457 1925 fruges.

1809 1961 1872 2010 30
1895 1988 1924 1998 -
1947 1962 2028 2011 32.
2100 1962 2361 2028 sepulcris]
2430 1963 2636 2013 ‘rumuli
2691 1977 2790 2029 per

1746 2049 1965 2100 campos
1984 2039 2253 2087 exstantes
2271 2038 2422 2101 quasi
2447 2040 2611 2089 testes
2635 2053 2793 2102 proe-

1743 2109 1935 2161 liorum
1971 2113 2109 2161 sunt.
2154 2139 2207 2146 —
2244 2112 2415 2175 Medis]
2455 2113 2616 2175 «Ipsis
2653 2126 2791 2176 quo-

1745 2198 1851 2248 que
1887 2185 2091 2236 Parthis
2126 2186 2264 2235 fama
2300 2188 2555 2237 nuntiavit
2583 2188 2789 2251 imperii

1747 2261 1969 2310 Romani
2000 2260 2231 2321 ruinam,
2271 2273 2537 2311 summam
2572 2261 2790 2312 calami—

1747 2337 1912 2385 tatem
1946 2348 2010 2385 ac
2044 2349 2210 2400 prope
2245 2336 2567 2386 interitum.»

1811 2438 1892 2489 32.
1931 2439 2212 2503 Hesperiae]
2248 2437 2571 2490 adiectivum
2607 2453 2655 2490 v.
2680 2442 2790 2490 rui-

1745 2528 1867 2575 nae,
1891 2514 1978 2564 hic
2002 2514 2069 2563 de
2093 2511 2254 2573 ltalia,
2279 2511 2403 2563 alibi
2426 2513 2494 2563 de
2519 2515 2786 2578 Hispania.

1750 2588 1860 2651 (Od.
1889 2590 1936 2649 ⁴,
1973 2589 2055 2649 36,
2092 2588 2160 2649 4.)
2201 2616 2256 2624 —
2292 2589 2522 2653 sonitum]
2553 2591 2602 2639 in
2628 2591 2794 2653 pede-

1748 2665 1840 2714 stri
1875 2666 2008 2713 orat.
2058 2662 2422 2726 «fragoremm
2474 2663 2666 2714 Similis
2710 2669 2794 2716 est

1747 2739 1922 2801 imago
1957 2737 2057 2788 Sal.
2095 2740 2203 2800 lug.
2242 2735 2329 2788 44:
2367 2739 2600 2788 dissensio
2633 2741 2793 2790 civilis

1748 2814 1892 2875 quasi
1928 2813 2202 2874 permixtio
2242 2817 2407 2862 terrae
2450 2813 2576 2862 oriri
2614 2816 2786 2877 coepit.

1750 2890 1891 2948 Quos
1936 2889 2117 2937 autem
2160 2886 2383 2937 affectus
2441 2887 2528 2938 hic
2575 2889 2790 2941 nuntius

1748 2964 1886 3012 inter
1940 2961 2162 3011 Parthos
2220 2962 2485 3020 excitarit,
2547 2963 2791 3014 consulto

1748 3050 1855 3086 non
1892 3034 2084 3085 clarius
2129 3034 2413 3097 significan
2463 3035 2612 3086 facile
2648 3039 2791 3088 enim

1750 3114 1864 3162 erat
1897 3108 2164 3161 intellectu
2195 3110 2367 3172 primo
2404 3112 2587 3161 nuntio
2620 3125 2788 3176 prope

1747 3184 2043 3237 incredibili
2077 3187 2300 3248 accepto
2334 3184 2447 3235 illos
2482 3185 2530 3235 in
2556 3185 2792 3237 ferocem

1751 3259 2153 3311 exsultationem
2186 3260 2444 3323 erupisse.

1813 3353 1893 3403 33.
1946 3353 2145 3417 gurges]
2182 3355 2375 3402 Poetae
2408 3353 2514 3403 hoc
2549 3366 2599 3401 v.
2634 3365 2793 3403 usur-

1748 3431 1879 3492 pant
1932 3427 2205 3477 communi
2261 3428 2474 3477 notione
2524 3431 2580 3476 et
2628 3428 2791 3477 maris

1752 3503 1906 3565 (virg.
1967 3503 2060 3552 Ge.
2114 3499 2174 3563 t,
2229 3502 2354 3552 387:
2412 3504 2466 3551 in
2521 3502 2793 3564 Carpathio

1747 3577 1966 3640 Neptuni
1997 3575 2237 3641 yuryile.)
2280 3579 2335 3627 et
2375 3577 2606 3627 fluminis
2643 3579 2787 3639 (Aen.

1751 3652 1811 3710 6,
1869 3652 1984 3702 296.
2043 3652 2112 3702 de
2168 3652 2496 3701 Acheronte:
2555 3652 2796 3701 Turbidus

1748 3726 1827 3775 hic
1867 3739 2018 3776 coeno
2057 3731 2301 3788 vastaque
2336 3728 2580 3790 voragine
2610 3739 2795 3790 qun-90³

1748 3802 1967 3850 Aestuat.
1979 3801 2028 3865 );
2081 3801 2205 3851 hinc
2251 3801 2301 3849 h.
2341 3799 2374 3850 1.
2419 3801 2611 3864 9¹ur9iti
2660 3800 2794 3850 sub-—

1754 3876 2037 3938 iunguntur
2082 3876 2296 3940 flumina
2345 3876 2400 3923 et
2445 3876 2639 3932 mar-&u
2691 3874 2794 3925 ad—

1752 3951 1891 3999 iecto
1926 3949 2083 3999 etiam
2119 3962 2168 3998 v.
2206 3962 2302 3999 ora
2334 3948 2578 3999 consulto
2601 3951 2795 3999 immo-

1751 4027 1899 4074 ratur
1947 4023 2080 4073 tristi
2125 4024 2250 4073 huic
2292 4024 2533 4087 imagini,
2593 4022 2792 4074 nullum

1754 4111 1873 4149 esse
1909 4101 2171 4149 terrarum
2202 4097 2410 4156 locum,
2448 4100 2538 4162 qui
2561 4099 2796 4148 Romano

1753 4173 2006 4235 sanguine
2032 4174 2256 4224 insectus
2282 4186 2387 4223 non
2411 4173 2494 4224 sit.
2531 4171 2711 4222 Florus
2734 4171 2790 4230 4,

632 4249 825 4309 superis
846 4247 917 4296 bis
937 4250 1181 4310 sanquine
1202 4254 1370 4298 nostro
1392 4250 1676 4299 Emathiam
1753 4249 1806 4300 2,
1845 4247 1902 4294 6:
1941 4248 1996 4296 Si
2028 4249 2188 4297 loetum
2222 4253 2267 4297 el
2288 4249 2506 4310 spatium
2526 4248 2789 4310 inspicias,
