3234 4975
1157 397 1279 447 LIB.
1320 396 1403 446 lv.
1475 397 1532 446 C.
1573 395 1704 447 XIV.

779 548 1141 637 Medusque
1184 560 1250 617 et
1290 549 1488 633 Indus
1507 601 1522 626 ,

2484 394 2554 459 64
2569 396 2609 457 9

1571 561 1633 616 te
1678 549 1989 638 profugus
2035 551 2312 640 Scythes

858 670 1122 736 Miratur
1147 722 1161 745 ,
1209 691 1249 736 o
1296 670 1493 737 tutela
1536 690 1850 758 praesens

943 790 1161 857 ltaliae
1205 790 1643 879 dominaeque
1688 795 1950 859 Romae.

776 967 896 1040 Te,
944 965 1212 1032 fontium
1254 967 1365 1054 qui
1411 965 1577 1034 celat
1632 966 1932 1053 origineS,

2527 969 2609 1032 45

771 1085 1083 1172 Nilusque
1127 1098 1192 1153 et
1235 1087 1434 1164 Ister,
1482 1097 1545 1153 te
1589 1085 1856 1174 rapidus
1900 1086 2136 1173 Tigris,

861 1209 947 1272 Te
991 1204 1303 1273 beluosus
1347 1207 1458 1294 qui
1502 1207 1766 1272 remotis

941 1325 1275 1414 obstrepit
1317 1327 1625 1394 Oceanus
1667 1328 2016 1402 Britannis,

563 1569 647 1623 44.
684 1570 976 1632 domumque
1008 1570 1065 1620 T.
1122 1596 1177 1606 ·-
1232 1568 1314 1620 46.
1350 1570 1517 1621 Hister
1548 1569 1678 1619 Tcd.
1729 1594 1786 1607 —
1848 1568 1930 1620 47.
1968 1569 2220 1620 bellicosus
2257 1569 2310 1620 d.
2351 1571 2544 1633 (Ceteri

499 1646 609 1696 mei
641 1644 897 1705 beluosus,
934 1656 1041 1694 non
1075 1643 1344 1707 belluam,
1381 1646 1441 1694 ut
1472 1642 1628 1705 Edd.)

437 1866 512 1915 ria
547 1866 691 1915 hei-sse
721 1866 830 1915 hier
860 1879 915 1915 so
947 1865 1069 1927 viel,
1105 1865 1182 1914 als
1213 1865 1293 1915 die
1323 1866 1482 1914 Herr-

433 1939 593 2003 sehaft
632 1940 756 1989 iiber
797 1940 895 1989 alle
941 1940 1115 1989 Volker
1146 1940 1480 1990 ausbreiten.»

438 2040 493 2049 —
530 2013 810 2077 arrogavit]
851 2012 1058 2063 «Rebus
1095 2014 1198 2064 iam
1230 2013 1355 2064 olim
1379 2014 1484 2063 tuis

434 2088 682 2151 auspiciis
725 2089 781 2137 et
823 2089 913 2137 tuo
957 2087 1119 2137 ductu
1159 2089 1320 2150 gestis
1354 2089 1484 2137 For-

432 2162 561 2211 tuna
612 2161 833 2212 devictis
879 2162 1055 2212 Raetis
1090 2161 1481 2224 Vindelicisque

432 2247 628 2285 novam
660 2237 768 2285 iam
802 2234 1018 2285 laudem
1053 2248 1116 2285 ac
1139 2233 1362 2297 gloriam
1384 2233 1484 2283 ad-

434 2308 615 2359 didit.»
668 2310 754 2358 Sic
788 2310 931 2359 enim
966 2309 1106 2359 malo
1145 2310 1483 2372 interpretari

435 2396 598 2446 quam
646 2396 770 2432 cum
821 2381 960 2433 aliis:
1017 2383 1297 2447 «Imperiis
1350 2382 1480 2441 tuis,

435 2470 573 2521 quae
634 2456 854 2508 feliciter
904 2455 1145 2508 Tiberius
1197 2458 1481 2509 exsecutus

435 2532 543 2592 est,
599 2531 815 2582 laudem
858 2531 1132 2594 decusque
1168 2532 1413 2595 praebuit
1433 2545 1480 2589 3»

433 2607 485 2656 in
538 2620 643 2669 qua
687 2604 1034 2671 explicatione
1078 2617 1185 2655 nou
1229 2606 1357 2656 satis
1392 2618 1483 2655 re-

433 2681 652 2744 spicitur
686 2681 763 2730 vis
796 2694 847 2729 v.
885 2679 1166 2742 arroqavit.

497 2753 705 2805 44-44.
762 2753 1035 2816 Cantaber]
1091 2751 1186 2802 od.
1224 2753 1286 2812 2,
1332 2751 1390 2812 6,
1427 2752 1477 2801 2.

432 2828 529 2878 Od.
568 2828 627 2888 3,
681 2828 740 2889 8,
786 2829 868 2877 22.
911 2854 965 2863 -
1010 2826 1280 2888 Medusque
1312 2829 1359 2873 et
1394 2825 1483 2874 In-

431 2902 538 2966 dus]
574 2903 719 2951 Suet.
758 2902 870 2951 Oct.
908 2900 1001 2950 2⁴:
1053 2900 1201 2949 Indos
1235 2898 1387 2949 etiam
1420 2912 1484 2948 ac

429 2976 641 3037 Scythas
689 2975 868 3024 auditu
912 2975 1060 3023 modo
1108 2973 1329 3037 coquitos
1368 2973 1482 3035 pel-

430 3050 554 3100 lexit
602 3049 672 3099 ad
715 3048 992 3098 amicitiam
1031 3060 1176 3097 suam
1208 3047 1483 3109 populique

429 3124 643 3174 Romam·
672 3122 808 3172 ultro
838 3135 934 3184 per
966 3121 1157 3185 legatos
1193 3121 1477 3183 petendam.

435 3197 558 3260 (Cir.
594 3196 665 3247 ad
700 3197 876 3247 Carm.
900 3208 1008 3245 sec.
1032 3195 1133 3256 56.)
1167 3195 1341 3245 Parthi
1363 3209 1486 3257 quo-

433 3284 528 3331 que
576 3275 623 3319 et
669 3270 960 3320 Armeniam
1006 3270 1284 3319 vindicanti
1331 3269 1483 3332 facile

431 3347 702 3403 cesserunt,
755 3348 802 3393 et
834 3345 981 3408 signa
1018 3342 1267 3393 militaria
1284 3382 1296 3403 ,
1352 3356 1484 3404 quae

430 3418 503 3467 Μ.
541 3416 719 3465 crasso
752 3421 798 3466 et
829 3419 899 3468 M.
931 3417 1144 3466 Antonio
1165 3418 1479 3477 ademerant,

431 3490 705 3551 reposcenti
736 3491 1074 3539 reddideram.
1116 3517 1172 3527 —
1212 3491 1480 3554 promus]

432 3563 528 3613 cd.
568 3563 623 3622 4,
678 3562 769 3622 35,
823 3562 871 3611 9.
934 3562 1029 3612 Od.
1067 3563 1128 3623 3,
1182 3562 1276 3624 24,
1330 3564 1379 3612 9.
1423 3589 1477 3599 -

431 3634 682 3699 Miratur]
742 3635 1078 3698 «potentiam
1133 3648 1197 3684 ac
1260 3634 1482 3698 gloriam

432 3712 580 3759 tuam
634 3707 962 3772 stupefactus
1021 3710 1360 3758 reveretur.»
1424 3738 1479 3745 —

434 3782 605 3846 tutela]
642 3795 756 3831 voc.
794 3795 973 3845 propr.
1002 3781 1069 3831 de
1104 3782 1271 3844 geniis
1304 3781 1481 3833 bonis.

437 3884 493 3893 —
521 3868 763 3919 praesens
793 3855 895 3905 hac
918 3855 1298 3918 significatione
1324 3858 1486 3905 Grae-

433 3931 510 3981 cis
556 3933 640 3981 est
684 3924 990 3994 ἐπιφανής.
1063 3929 1355 3980 Menander
1403 3931 1481 3979 Fr.

434 4006 537 4056 ine.
563 4006 686 4055 252:
725 3999 846 4055 Οὐκ
878 3998 1004 4055 ἔστι
1042 4000 1262 4069 τόλμης
1283 4003 1490 4065 ἐπιφα-

434 4081 676 4148 νεστέρα
726 4074 854 4129 θεά.
916 4107 967 4114 -
1028 4075 1285 4139 dominae]
1345 4076 1492 4127 orbis

432 4163 721 4211 terrarum.
781 4153 878 4203 Od.
929 4151 987 4214 4,
1042 4151 1102 4212 3,
1160 4151 1249 4201 43;
1311 4152 1496 4202 Romae

426 4227 673 4291 principis
704 4226 921 4279 muium.

1622 1863 1799 1915 45-48.
1837 1865 2069 1928 origines]
2110 1864 2293 1915 «cuius
2318 1863 2489 1915 tontes
2514 1865 2611 1915 ad-

1555 1938 1662 1988 huc
1696 1939 1858 2002 ignoti
1893 1941 2069 1989 suut.»
2107 1937 2291 1988 Tibull.
2322 1940 2379 1999 4,
2416 1940 2476 1999 7,
2514 1940 2610 1989 23:

1554 2014 1669 2063 Nile
1694 2018 1870 2075 pater,
1908 2026 2134 2075 quanam
2164 2014 2355 2075 possim
2377 2018 2425 2062 te
2449 2015 2615 2063 dicere

1555 2101 1713 2137 causa
1745 2092 1837 2137 aut
1867 2088 2043 2148 quibus
2083 2089 2138 2137 in
2171 2089 2321 2137 terris
2343 2088 2614 2137 occiduis-se

1555 2161 1744 2224 eaput?
1778 2162 2021 2213 Lucanus
2042 2162 2130 2222 40,
2158 2161 2252 2211 493
2269 2175 2375 2225 sq.,
2401 2161 2493 2211 ubi
2516 2175 2614 2211 ve-

1558 2238 1736 2285 terum
1781 2235 1849 2284 de
1893 2236 2007 2286 Nilo
2054 2236 2332 2299 opiniones
2372 2237 2610 2299 exponit,

1555 2322 1607 2357 v.
1636 2307 1765 2358 294:
1808 2307 1906 2357 Nili
1940 2308 2198 2357 Arcanum
2229 2310 2433 2358 Natura
2454 2314 2610 2370 eaput

1555 2396 1659 2431 non
1698 2382 1925 2443 prodidit
1972 2382 2078 2430 ulli.
2137 2407 2193 2417 —
2250 2380 2395 2431 Nilus
2446 2395 2615 2432 cornu

1558 2456 1745 2521 copiae
1792 2469 1953 2507 manu
1999 2458 2190 2507 tenens
2236 2469 2361 2506 cum
2403 2454 2613 2508 filiabus

1557 2530 1861 2594 Memphide
1881 2533 1936 2580 et
1952 2530 2279 2580 Auchirrhoe
2306 2531 2466 2593 atque
2492 2531 2614 2579 Ete-

1557 2605 1650 2654 siis
1684 2607 1767 2654 est
1800 2606 1852 2654 in
1888 2605 2227 2668 sardonyche
2263 2604 2407 2667 apud
2429 2602 2614 2654 Miniu-

1557 2691 1662 2741 gen
1693 2678 1815 2727 Aac.
1853 2680 1989 2728 Mon.
2027 2681 2090 2729 11.
2128 2680 2186 2728 Τ.
2227 2678 2306 2728 47.
2349 2704 2403 2715 -
2453 2678 2614 2741 Tim-is

1557 2751 1629 2802 ob
1655 2752 1991 2815 rapiditatem
2015 2765 2045 2801 a
2069 2752 2237 2804 Medis
2262 2750 2453 2810 dictuS,
2487 2753 2610 2814 quia

1556 2826 1703 2890 tiaris
1736 2838 1925 2875 eorum
1959 2824 2133 2888 lingua
2180 2826 2385 2889 sagitta.
2443 2826 2612 2875 Varro

1558 2900 1656 2949 LL.
1694 2901 1752 2960 5,
1791 2900 1873 2949 20.
1931 2900 2026 2949 Est
2058 2900 2241 2962 igitur:
2284 2899 2608 2962 «AegyptuS,

1556 2973 1747 3034 Dacia,
1784 2974 2036 3023 Armenia
2072 2976 2124 3023 te
2147 2974 2522 3022 venerantur.»
2552 3000 2607 3009 -

1556 3046 1795 3110 beluosus]
1832 3046 1926 3096 Od.
1968 3046 2023 3106 3,
2061 3048 2152 3106 27,
2196 3046 2291 3095 26:
2345 3051 2613 3096 scatentem

1555 3120 1723 3170 Beluis
1737 3126 1964 3183 pontum.
2011 3121 2133 3170 Siue
2160 3132 2320 3169 causa
2344 3121 2448 3170 ΗΡ.
2476 3120 2609 3170 hae-

1556 3195 1626 3245 sit
1669 3195 1721 3244 in
1770 3194 1913 3243 «hac
1953 3207 2089 3244 voce
2135 3194 2330 3244 dubiae
2382 3195 2616 3243 auctori-

1557 3269 1703 3328 tatis,
1775 3281 1912 3331 quae
1982 3281 2247 3332 nusquam
2314 3268 2415 3318 nisi
2470 3268 2613 3331 apud

1557 3343 1819 3392 Avienum
1866 3342 1977 3404 (Or.
2018 3355 2151 3392 mar.
2189 3341 2327 3404 204.)
2374 3341 2615 3391 invenia-

1559 3419 1705 3475 tur3»
1749 3429 1890 3465 nunc
1925 3414 2175 3478 quidem,
2214 3413 2478 3473 concedo,
2516 3412 2615 3463 sed

1559 3492 1693 3553 quot
1724 3492 1913 3553 poetae
1955 3489 2123 3539 Latini
2168 3488 2463 3551 perierunt!
2525 3486 2617 3536 Est

1558 3563 1776 3613 Homeri
1811 3558 2165 3628 μεγακήτης.
2201 3563 2436 3623 Theogn.
2486 3561 2610 3609 ⁴75:

1560 3636 1622 3699 ἐς
1665 3631 2005 3700 βαθυκήτεα
2050 3631 2281 3685 πόντον.
2353 3634 2618 3684 Beluosum

1560 3713 1743 3761 autem
1766 3710 1893 3760 dicit
1924 3723 1990 3759 ex
2021 3708 2221 3772 volgari
2256 3707 2413 3769 sama,
2453 3720 2616 3772 quam

1561 3787 1831 3834 memorat
1874 3786 2100 3833 Pausau.
2139 3784 2196 3844 4,
2242 3782 2299 3842 3,
2336 3783 2393 3831 5:
2447 3782 2617 3832 Ocea-

1563 3872 1665 3909 nus
1721 3856 1806 3908 ille
1860 3858 2173 3928 παρέχεται
2220 3855 2399 3926 θηρία
2448 3850 2616 3908 οὐδὲν

1563 3927 1801 3982 ἐοικότα
1818 3935 1940 3993 τοῖς
1956 3929 2018 3981 ἐν
2035 3926 2307 4000 θαλάσσῃ
2326 3926 2394 4002 τῇ
2421 3928 2611 4001 λοιπῇ.

1570 4033 1626 4041 -
1655 4004 1914 4067 obstrepit]
1951 4006 2009 4053 ut
2033 4004 2128 4054 Od.
2154 4005 2211 4065 2,
2251 4005 2337 4065 48,
2375 4005 2468 4054 20:
2504 4007 2618 4055 Ma-

1564 4079 1734 4140 risque
1766 4077 1906 4127 Baiis
1937 4077 2269 4140 obstrepentis.
2310 4105 2368 4115 —
2406 4080 2616 4128 Britan-

1566 4151 1662 4215 nis]
1698 4151 1792 4201 Od.
1836 4150 1889 4210 4,
1926 4151 2017 4211 24,
2058 4153 2135 4202 45.
2173 4152 2268 4202 Od.
2308 4154 2366 4214 4,
2404 4152 2493 4212 35,
2530 4151 2610 4201 30.

1569 4225 1665 4275 Od.
1711 4223 1768 4285 3,
1813 4226 1874 4284 5,
1920 4224 1967 4275 3.
2038 4225 2215 4291 virgil.
2261 4225 2366 4277 Ecl.
2417 4227 2471 4286 4,
2519 4225 2614 4274 67:
