3234 4975
649 370 718 436 61
732 368 772 436 8

1420 370 1677 424 HORATu
1715 372 2054 425 CAnfflNUM

985 527 1344 595 Praebente
1388 527 1594 594 divos.
1684 528 1842 593 Nam
1886 525 2027 604 tibi,
2075 546 2207 614 qno
2252 526 2359 593 die

1069 650 1298 714 Portus
1344 646 1752 715 Alexandrea
1793 645 2070 735 supplex

2736 647 2818 710 35

1154 769 1231 834 Et
1273 787 1549 835 vacuam
1591 767 1892 856 patefecit
1933 765 2178 841 aulam,

984 929 1261 992 Fortuna
1303 923 1506 991 lustro
1548 945 1864 1013 prospera
1905 924 2093 991 tertio

982 1046 1140 1113 Belli
1186 1044 1510 1113 secundos
1553 1044 1836 1111 reddidit
1875 1045 2082 1112 exitus
2107 1097 2121 1121 ‚

1063 1166 1486 1253 Laudemque
1532 1175 1598 1232 et
1642 1175 1935 1253 optatum
1975 1167 2257 1253 peractis

1152 1287 1444 1373 Imperiis
1489 1285 1695 1353 decus
1741 1286 2080 1374 arrogavit.

2734 1286 2816 1350 40

985 1446 1071 1512 Te
1116 1443 1434 1512 Cantaber
1474 1465 1605 1510 non
1649 1454 1796 1511 ante
1841 1442 2186 1510 domabilis

775 1661 856 1712 35.
891 1659 1206 1711 Alexandria
1237 1660 1335 1720 S,C
1357 1697 1370 1720 ,
1408 1659 1681 1709 alexandri
1718 1659 1829 1722 (sie)
1853 1660 1909 1709 T.
1948 1657 2292 1723 (Alexandrea
2323 1671 2593 1722 superscr.
2631 1658 2746 1722 ib.)

643 1844 857 1895 vehant.
936 1846 1070 1895 Hinc
1123 1845 1299 1894 duetus
1352 1846 1407 1894 et
1462 1844 1690 1907 auspicia
1767 1856 1828 1894 re
1861 1856 1990 1894 vera
2037 1843 2182 1894 idem
2224 1842 2321 1893 fuit
2358 1843 2501 1904 dies,
2553 1846 2637 1894 est
2676 1845 2816 1894 teste

643 1919 1035 1982 distinguuntur
1068 1931 1099 1966 a
1132 1918 1312 1968 Tacito
1334 1918 1470 1968 Anu.
1497 1920 1558 1979 2,
1601 1917 1685 1969 Η.

648 1996 797 2055 (Anu.
845 1993 902 2053 3,
951 1991 1040 2043 47:
1120 1991 1339 2040 liberius
1369 2018 1400 2028 -
1432 2019 1463 2029 -
1495 1993 1691 2042 senaeui

641 2068 841 2129 scripsit
873 2092 903 2102 -
937 2092 967 2102 -
996 2067 1094 2129 fide
1141 2078 1204 2114 ae
1251 2066 1435 2115 virtute
1482 2066 1686 2129 ἔθραυε,

640 2154 693 2191 se
731 2140 1032 2190 consiliis
1060 2138 1402 2203 superfuisse.)
1468 2141 1687 2191 Sueton.

647 2217 830 2266 Octav.
861 2215 918 2264 2⁴
945 2228 955 2263 ε
1014 2215 1222 2264 Domuit
1248 2215 1489 2276 -partim
1519 2215 1687 2277 ductu,

633 2290 831 2351 partim
873 2289 1113 2350 auspiciis
1152 2289 1255 2337 suis
1275 2316 1306 2327 -
1325 2313 1355 2324 -
1377 2288 1607 2338 Raetiam
1645 2292 1694 2337 et

648 2363 917 2413 Vindelicos
947 2376 1010 2411 ae
1048 2361 1292 2412 Salassos.
1347 2361 1494 2411 ovid.
1532 2362 1687 2412 Trist.

641 2437 700 2498 2,
739 2437 865 2487 ⁴7⁴:
907 2436 1167 2499 (Victoria)
1205 2436 1693 2498 Ausoniumqueda-

640 2523 747 2561 cem
800 2511 955 2561 solitis
1009 2511 1328 2562 eirmanuolet
1383 2511 1480 2559 alis
1498 2537 1528 2548 -
1548 2535 1579 2547 -
1597 2511 1693 2559 Per

641 2597 788 2645 quem
820 2584 948 2634 bella
977 2586 1130 2648 qen-is,
1165 2584 1308 2634 cuius
1327 2597 1460 2634 nane
1482 2596 1693 2646 corpore

634 2671 864 2723 pugnas,-
914 2659 1204 2721 Auspicium
1246 2660 1330 2709 eui
1362 2661 1455 2708 das
1497 2660 1692 2722 grande

640 2734 850 2795 deosque
881 2737 1007 2782 tuos.
1038 2761 1094 2770 --
1120 2746 1220 2794 qao
1252 2734 1345 2796 die]
1384 2733 1544 2792 «Quia
1569 2733 1691 2795 post

641 2806 947 2868 quindecim
999 2819 1168 2857 annos
1208 2818 1371 2869 quam
1421 2808 1689 2869 Augustus

638 2879 1012 2930 Alexandriam
1055 2881 1198 2944 cepit
1241 2880 1303 2942 (a.
1350 2892 1404 2930 u.
1443 2892 1490 2929 c.
1530 2879 1686 2942 Ὧι),

640 2953 882 3004 Tiberius
917 2954 1113 3004 devicit
1144 2953 1499 3005 Vindelicos.»
1539 2954 1602 3016 (a.
1630 2965 1684 3002 u.

641 3041 689 3078 c.
718 3027 850 3088 739.)
904 3029 1081 3077 Aenos
1129 3029 1327 3077 Ninum.
1385 3053 1441 3065 ·-
1492 3025 1685 3091 Ρονιυε]

642 3100 748 3152 Cl'r.
809 3099 999 3150 Strabo
1057 3102 1144 3162 ⁴7,
1205 3101 1254 3151 6.
1314 3101 1396 3151 VI.
1456 3114 1510 3164 p.
1569 3101 1686 3152 493.

641 3173 827 3224 Tzsch.
887 3173 1261 3226 Alexandriam
1327 3177 1509 3226 autem
1552 3175 1608 3226 h.
1649 3174 1684 3225 l.

639 3260 740 3311 per
784 3246 1259 3317 προσωποποιΐαν
1303 3248 1443 3312 finge
1490 3248 1583 3299 tibi
1620 3248 1687 3298 fi-

640 3334 769 3385 gura
804 3320 1077 3382 muliebri,
1134 3322 1591 3385 quemadmodum
1632 3324 1686 3374 in

640 3397 873 3447 nummis
906 3394 1071 3446 urbes
1110 3394 1284 3446 solent
1325 3397 1572 3460 exprimi,
1629 3398 1689 3446 ut

639 3469 783 3533 apud
837 3468 1041 3520 Rasche
1096 3469 1221 3519 Lex.
1276 3482 1422 3519 num.
1477 3470 1515 3518 l.
1560 3482 1681 3533 pag.

641 3543 755 3593 3⁴9.
811 3545 895 3593 est
926 3541 1246 3593 Alexandria
1301 3543 1443 3606 ipsa,
1495 3542 1688 3592 mulier

637 3617 818 3677 stans,
887 3619 1041 3666 veste
1099 3618 1372 3667 succincta
1394 3654 1406 3677 ‚
1475 3619 1685 3667 exserta

638 3690 824 3741 dextra
858 3702 1122 3750 mamma,
1176 3691 1349 3754 capite
1388 3687 1688 3752 elephanti-

637 3779 763 3815 nam
786 3763 996 3828 galeam
1018 3777 1239 3827 gerenS,
1265 3765 1317 3813 in
1336 3762 1438 3816 alio
1463 3777 1687 3815 nummo

637 3838 882 3890 eiusdem
931 3837 1080 3888 urbis
1131 3835 1257 3887 ibid.
1293 3850 1414 3901 pag.
1452 3837 1566 3887 323.
1604 3840 1690 3888 est

638 3913 832 3964 mulier
865 3913 1010 3963 humi
1047 3911 1319 3962 desidens.
1360 3939 1416 3948 —
1454 3912 1550 3961 Vv.
1588 3925 1689 3974 quo

636 3989 717 4038 die
761 3989 939 4038 Portus
980 3988 1083 4036 cet.
1137 3999 1245 4037 non
1311 3986 1469 4037 nimis
1524 3999 1690 4036 aceu-

636 4064 751 4111 rate
803 4060 871 4109 de
921 4072 1029 4109 uno
1064 4061 1368 4125 eodemque
1416 4061 1501 4111 die
1543 4062 1689 4111 acci-

637 4134 829 4199 pienda
862 4133 1136 4195 videntum
1179 4136 1279 4186 sed
1314 4138 1422 4187 est:
1462 4136 1689 4187 «eodem

635 4222 805 4275 prope
828 4209 1074 4273 tempore
1091 4213 1455 4263 recurrente.»
1487 4210 1688 4270 Quodsi

1764 1916 2078 1968 Kalendario
2110 1918 2376 1968 Antiatino
2392 1956 2405 1979 ,
2444 1917 2646 1968 Claudii
2682 1920 2816 1968 tem-
2847 1915 2851 1919 “

1762 2004 1922 2055 pore,
1959 1993 2019 2041 ut
2050 1991 2290 2051 videtur,
2336 1990 2580 2041 consecto
2616 1992 2811 2055 (Inscr.

1766 2077 1837 2115 m.
1889 2065 1998 2114 Lat.
2049 2067 2110 2116 11.
2146 2078 2200 2128 p.
2238 2064 2373 2127 397.)
2424 2067 2480 2115 et
2525 2066 2709 2116 Orosio
2751 2066 2810 2124 6,

1766 2139 1845 2188 ⁴9.
1885 2137 1995 2189 Kal.
2034 2137 2233 2199 sextil„
2269 2141 2330 2189 ut
2360 2138 2446 2189 alii
2478 2140 2654 2190 minus
2685 2150 2816 2203 pro-

1764 2212 2011 2264 babiliter
2026 2213 2267 2274 tradunt,
2304 2226 2371 2262 iv,
2399 2210 2508 2263 Kal.
2536 2214 2681 2276 Sept.
2711 2212 2809 2274 (29.

1765 2299 1839 2336 m.
1876 2287 2133 2350 Augusti.)
2179 2287 2286 2338 Cfr.
2331 2286 2533 2337 Franke
2577 2287 2714 2337 Fasti
2754 2297 2809 2349 p.

1763 2360 1878 2411 2⁴4.
1916 2363 2093 2424 Longe
2129 2359 2279 2410 aliter
2311 2361 2456 2411 hunc
2488 2358 2667 2411 locum
2691 2361 2816 2409 Sca-

1764 2432 1896 2498 liger
1929 2435 1996 2486 de
2033 2435 2254 2486 Emend.
2292 2436 2456 2499 temp.
2502 2434 2563 2483 V.
2602 2447 2656 2498 p.
2694 2432 2809 2484 453.

1764 2510 2167 2573 interpretatur:
2190 2510 2316 2560 «Hic
2339 2510 2622 2572 imperium
2639 2511 2814 2570 Augu-

1766 2585 1831 2634 sti
1866 2584 2073 2634 orditur
2105 2597 2135 2633 a
2171 2583 2339 2634 caede
2375 2583 2635 2642 Caesaris,
2671 2594 2813 2632 anno

1765 2658 2005 2709 secundo
2059 2658 2275 2709 Iuliano.
2352 2660 2538 2722 Itaque
2594 2656 2811 2707 tertium

1763 2730 1989 2784 lustrum
2012 2730 2315 2783 absolutum
2333 2771 2345 2792 ‚
2383 2731 2438 2782 id
2462 2734 2569 2792 est,
2595 2731 2811 2793 quintus

1765 2805 2008 2856 decimus
2057 2818 2229 2856 annus
2271 2818 2301 2854 a
2347 2805 2514 2856 caede
2566 2804 2811 2855 Caesaris

1763 2891 1934 2930 annus
1967 2881 2218 2943 receptae
2269 2878 2645 2937 Alexandriae,
2704 2876 2811 2926 hoc

1764 2956 1872 3014 est,
1932 2965 2102 3004 annus
2151 2952 2281 3003 XVI.
2330 2951 2577 3002 Iulianus.
2647 2951 2808 3000 Recte

1761 3028 1918 3091 igitur
1948 3027 2195 3077 Horatius
2224 3025 2460 3076 definivit
2481 3028 2691 3088 tempus
2714 3024 2813 3074 im-

1761 3102 1895 3166 perii
1939 3100 2160 3163 Augusti
2205 3100 2273 3149 ad
2317 3102 2590 3163 receptam
2634 3111 2809 3162 usque

1761 3173 2136 3226 Alexandriam
2152 3212 2165 3234 ,
2233 3186 2494 3223 annorum
2535 3173 2645 3238 XV.
2690 3170 2814 3223 soli·

1760 3248 2003 3300 dorum.»
2079 3247 2279 3297 Verum
2328 3247 2405 3296 sic
2454 3245 2595 3297 nulla
2643 3247 2813 3298 inter-

1761 3322 1906 3373 cedit
1948 3322 2083 3372 ratio
2125 3321 2264 3371 iuter
2302 3318 2678 3371 Alexandriam
2717 3333 2812 3371 ca-

1760 3399 1908 3461 ptam
1954 3398 2009 3447 et
2050 3392 2351 3445 Vindelicos
2394 3392 2706 3445 debellatos.
2745 3420 2806 3432 -

1758 3482 1976 3520 vacuam
1996 3496 2026 3506 -
2049 3468 2239 3529 aulam]
2283 3468 2541 3518 Antonius
2575 3468 2719 3517 enim
2754 3470 2812 3518 et

1763 3543 2073 3608 Cleopatra,
2120 3555 2246 3592 eum
2279 3553 2339 3591 se
2382 3540 2437 3590 in
2479 3538 2810 3591 Mausoleum

1759 3617 2116 3682 recepissent,
2155 3628 2278 3666 mox
2309 3617 2538 3665 mortem
2562 3613 2664 3664 sibi
2686 3627 2814 3664 con-

1760 3690 2048 3742 sciverunt.
2078 3716 2135 3726 —-
2159 3687 2392 3751 reddidit]
2420 3700 2636 3738 «rursus
2658 3699 2812 3751 prae-

1759 3765 1925 3815 buit.»
1964 3790 2021 3799 —
2051 3763 2272 3825 peractis
2295 3761 2539 3824 Imperiis]
2576 3758 2810 3812 «bellicis

1761 3837 2190 3903 expeditionibus
2226 3838 2280 3887 et
2328 3835 2432 3886 tuis
2482 3835 2710 3899 propriis
2756 3837 2813 3885 et

1761 3913 1959 3964 ducum
1993 3913 2205 3963 tuorum
2241 3913 2332 3960 tuo
2368 3908 2587 3960 consilio
2620 3908 2690 3959 ad
2729 3907 2812 3959 fe-

1759 3985 2072 4039 licissimum
2096 3987 2298 4036 exitum
2331 3985 2657 4049 perductis.»
2703 3983 2814 4034 Μο-

1762 4062 1995 4114 nendum
2018 4063 2124 4112 hoc
2148 4062 2266 4111 erat
2297 4062 2518 4124 propter
2540 4071 2691 4116 eum,
2718 4057 2810 4120 qui

1765 4149 1936 4201 nuper
1958 4137 2091 4185 mire
2116 4137 2493 4199 interpretatus
2516 4135 2622 4183 est:
2659 4143 2811 4195 «per-

1762 4211 1906 4274 igere
1951 4208 2180 4272 (soloece
2217 4222 2314 4275 pro
2340 4206 2606 4272 per-apere)
2644 4207 2814 4302 impe-
