3234 4975
1247 390 1363 438 LlB.
1404 390 1440 438 1.
1515 390 1572 437 C.
1611 389 1783 439 xxiv,

679 547 843 631 Ergo
888 542 1301 624 Quinctilium
1343 554 1702 631 perpetuus
1747 565 1944 631 sopor

2550 544 2588 605 U!
2553 385 2588 447 xl

677 667 896 753 Urget!
947 667 1050 731 cui
1095 665 1312 731 Pudor
1356 676 1420 732 et
1464 665 1748 732 Iustitiae
1793 687 2004 739 soror,

677 790 1052 875 incorrupta
1095 786 1324 861 Fides,
1376 787 1682 875 nudaque
1730 788 1976 853 Veritas

760 909 1033 988 Quando
1077 907 1277 974 ullum
1323 909 1605 975 inveniet
1648 908 1915 996 parem?

677 1068 883 1134 Multis
928 1067 1032 1133 ille
1074 1067 1263 1134 bonis
1307 1067 1538 1134 flebilis
1584 1067 1846 1135 occidit,

676 1188 838 1255 Nulli
884 1187 1159 1256 flebilior
1203 1211 1397 1276 quam
1442 1189 1584 1264 tibi,
1634 1188 1867 1276 virgili.

2508 1189 2587 1254 ⁴0

552 1427 600 1475 8.
639 1426 886 1475 invenient
918 1424 1112 1487 AlduS‚
1161 1426 1322 1476 LctF;
1361 1425 1594 1489 (inveniet
1626 1426 1793 1475 nostri
1828 1429 1883 1475 et
1919 1423 2069 1489 «plus
2103 1424 2324 1474 decem»
2360 1426 2524 1475 Bent—

487 1498 590 1559 leii,
630 1501 860 1549 Pottierii
894 1500 1122 1562 omneS.)
1172 1526 1227 1536 -
1275 1500 1322 1550 9.

487 1574 670 1624 Lamb.

419 1788 500 1838 1212·
533 1790 669 1837 dura
700 1790 837 1849 quies
867 1790 1034 1839 oculos
1075 1795 1122 1839 et
1150 1790 1344 1852 ferrcus
1373 1803 1469 1838 ur-

419 1867 503 1925 get
535 1863 763 1912 Somnus
822 1864 1072 1913 Moschus
1093 1880 1144 1929 y,
1184 1864 1304 1913 44οε
1329 1858 1467 1928 Αμ-

423 1951 531 2001 μες
569 1964 601 1975 -
635 1930 884 1987 Ὀππότε
937 1932 1125 2008 πρᾶτα
1177 1934 1462 2003 θάνωμες,

420 2004 669 2060 ἀνάκοοι
700 2010 762 2062 ἐν
795 2012 968 2070 χθονὶ
1008 2011 1178 2079 κοίλᾳ
1205 2007 1468 2077 Εὕδομες

428 2078 493 2137 εὖ
525 2083 687 2173 μῗίλα
717 2082 943 2157 μακρὸν
963 2081 1255 2157 ἀτέρμονα
1273 2085 1470 2159 νήγρε-

419 2176 525 2211 τον
559 2154 755 2211 ύπνον.
797 2188 852 2197 -
888 2161 1070 2225 Pudor]
1106 2161 1467 2214 Calumniatus

423 2240 508 2287 est
542 2238 602 2287 H.
629 2239 684 2286 P.
712 2250 763 2285 v.
793 2238 839 2286 4.
866 2250 918 2286 v.
939 2238 1107 2298 pudor
1126 2240 1347 2301 propter
1378 2251 1468 2288 re-

421 2313 646 2375 petitum
681 2311 787 2361 iam
820 2311 964 2361 idem
987 2311 1341 2363 vocabulum·
1330 2350 1342 2373 ‚
1377 2327 1470 2363 ve-

423 2400 544 2435 rum
577 2386 664 2435 hic
709 2388 792 2435 est
825 2385 1269 2455 προσωποποιῗα
1312 2401 1469 2452 pror-

427 2474 522 2511 sus
555 2460 783 2511 diversa.
822 2463 898 2512 Ex
931 2463 1290 2514 Romanorum
1325 2464 1467 2514 enim

423 2550 524 2586 usu
557 2537 804 2597 virtute8‚
842 2538 1066 2587 comites
1097 2550 1236 2601 quae
1262 2539 1471 2589 fuerant

425 2610 715 2671 Quinctilii,
773 2612 1052 2662 numinum
1094 2626 1354 2677 personas
1385 2614 1470 2662 in—

426 2685 612 2734 duunt.
668 2685 753 2734 Sic
774 2680 960 2748 Αἰδώς
982 2685 1083 2735 dea
1108 2686 1213 2737 iam
1237 2687 1468 2737 Hesiodo

425 2762 483 2808 Ο.
536 2762 591 2809 et
622 2761 684 2809 D.
731 2761 844 2809 200.
867 2799 879 2820 ,
933 2761 1160 2812 Pindaro
1211 2764 1362 2812 Nem.
1416 2761 1465 2822 9,

425 2834 508 2894 36.
546 2835 771 2898 eiusque
806 2848 897 2884 ara
921 2838 1037 2885 erat
1054 2836 1291 2886 Athenis.
1332 2837 1470 2886 Pau—

424 2921 536 2957 san.
594 2910 640 2968 4,
695 2909 774 2969 47,
830 2909 877 2958 4.
970 2911 1199 2974 Euripid.
1259 2912 1464 2974 Fragm.

429 2980 692 3046 Hippolyt.
718 2981 820 3033 vel.
855 2983 913 3035 4.
945 2975 1017 3033 Ὦ
1050 2981 1229 3034 πότνι’
1264 2982 1465 3046 Αἰδώς,

423 3054 542 3105 εἴθε
561 3062 686 3119 τοῖς
719 3053 894 3107 πᾶσιν
926 3056 1162 3129 βροτοῖς
1194 3056 1469 3111 Ξυνοῦσα

423 3122 847 3190 τάναίσχυντον
880 3128 1088 3204 ἑξῃροῦ
1124 3133 1366 3205 φρενῶν.
1408 3163 1465 3172 —-

425 3206 618 3255 Iustitia
650 3206 702 3255 h.
729 3205 763 3255 l.
802 3220 910 3257 non
945 3207 1117 3259 solum
1154 3223 1274 3261 eam
1307 3212 1471 3260 virtu-

424 3283 534 3329 tem
567 3279 854 3342 significat,
890 3283 1032 3331 cuius
1045 3284 1270 3344 primum
1289 3297 1471 3333 munus

423 3359 521 3412 est,
557 3359 612 3402 ut
643 3368 705 3404 ne
736 3356 818 3404 cui
851 3357 962 3417 quis
993 3360 1285 3408 noceatnisi
1318 3361 1471 3409 laces-

424 3429 549 3477 situs
579 3428 804 3490 inim-ia,
844 3431 1016 3480 deinde
1046 3436 1104 3480 ut
1134 3434 1471 3483 conmunibus

424 3507 602 3551 utatur
627 3516 726 3564 pro
758 3505 1120 3566 comunibus,
1163 3509 1381 3568 privatis
1414 3513 1471 3557 ut

421 3578 525 3625 suis
557 3591 618 3626 ac
665 3591 812 3627 suum
860 3580 1037 3641 cuique
1083 3582 1290 3630 reddat:
1338 3581 1466 3644 (Cic.

425 3650 520 3700 off.
561 3652 609 3710 4,
645 3651 713 3712 7.)
750 3651 849 3702 sed
882 3665 1044 3704 sensu
1079 3651 1233 3704 latius
1253 3657 1468 3719 patente

430 3726 619 3776 «totius
636 3728 774 3776 vitae
793 3729 1152 3779 innocentiam
1170 3733 1330 3793 atque
1348 3744 1471 3795 pro-

425 3800 696 3851 bitatem.»
731 3829 783 3836 -
804 3803 963 3866 soror]
991 3804 1100 3853 Cic.
1124 3802 1192 3853 de
1216 3805 1311 3855 Off.
1335 3806 1382 3865 4,
1409 3806 1464 3855 7:

421 3875 512 3925 Est
543 3876 674 3925 enim
692 3876 1073 3938 fundamentum
1094 3879 1313 3928 iustitiae
1328 3881 1464 3943 fides.

385 4013 392 4017 -
424 3950 657 4000 Virtutes
711 3953 890 4001 autem
941 3964 1156 4002 sorores
1199 3953 1305 4002 iam
1347 3954 1470 4002 Pin-

426 4022 556 4073 daro
591 4023 800 4088 Olymp
840 4026 919 4084 43,
959 4027 1017 4075 6;
1061 4026 1123 4076 ἐν
1155 4023 1228 4094 τᾷ
1264 4026 1469 4089 (Corin-

427 4099 515 4161 thi)
563 4093 673 4168 γὰρ
706 4093 970 4165 Εὐνομία
1011 4102 1158 4150 ναίει
1190 4102 1467 4166 κασίγνη-

424 4175 517 4224 ταί
550 4189 637 4234 τε,
672 4170 902 4261 βάθρον
935 4173 1150 4226 πολίων
1182 4170 1467 4239 ἀσφαλές,

423 4246 567 4299 Δίκα
599 4249 700 4300 καὶ
735 4243 1065 4320 ὁμότροπος
1097 4246 1333 4321 Εἰράνα.

1372 1501 1455 1549 illo
1498 1502 1694 1563 quidem
1737 1500 1912 1564 flebilis
1945 1499 2109 1550 Aldus
2144 1503 2198 1550 et
2230 1499 2362 1550 Edd.
2400 1503 2521 1550 ante

714 1602 768 1610 —-
808 1575 887 1624 40.
932 1576 1115 1638 Vergili
1147 1575 1238 1625 Bc.
1280 1575 1481 1639 (recte.)

1607 1790 1658 1839 7.
1699 1789 1854 1853 nuda]
1892 1789 2013 1853 quia
2050 1787 2276 1854 simplex
2310 1793 2365 1839 et
2382 1792 2585 1853 aperta.

1546 1889 1603 1899 -
1645 1864 1851 1927 Veritas]
1886 1864 2036 1913 Nicm
2067 1864 2192 1914 bloss
2222 1865 2302 1913 dio
2326 1864 2590 1926 Wahrhaf·

1541 1939 1712 2001 tiqkeic
1743 1940 1832 1988 dor
1862 1940 2007 1999 Rode,
2043 1942 2256 1989 scudem
2276 1940 2353 1988 die
2373 1939 2588 1989 Lautor-

1540 2013 1639 2063 keit
1705 2014 1794 2062 dor
1849 2014 2134 2077 Gesinmmq
2195 2015 2299 2063 und
2362 2014 2589 2063 schlichto

1544 2088 1784 2139 Gradheit
1816 2090 1900 2137 des
1936 2089 2109 2137 Thmae.
2148 2090 2367 2138 Liinsn.

1606 2163 1655 2212 8.
1715 2162 1943 2224 inveniet]
1991 2162 2075 2212 Sic
2111 2162 2359 2212 meliores
2394 2161 2584 2222 Codd.,

1542 2239 1597 2286 et
1630 2235 1766 2286 solet
1798 2237 2043 2286 Horatius
2078 2250 2203 2287 cum
2234 2234 2475 2299 pluribus
2496 2250 2582 2285 vv.

1542 2323 1687 2360 nom.
1759 2311 1891 2373 sing.
1960 2309 2191 2361 verbum
2246 2324 2390 2360 num.
2450 2311 2582 2372 sing.

1543 2386 1778 2447 iungere.
1864 2384 2117 2449 Exempla
2168 2385 2378 2448 collegit
2424 2385 2587 2434 Bent—

1542 2457 1711 2509 lelus:
1766 2459 1861 2510 od.
1899 2459 1948 2520 4,
1986 2460 2035 2518 2,
2073 2459 2153 2510 38.
2194 2460 2240 2520 4,
2277 2458 2327 2520 3,
2364 2459 2412 2509 3.
2451 2459 2500 2519 4,
2532 2457 2583 2521 4,

1544 2533 1625 2583 46.
1668 2534 1714 2594 4,
1754 2534 1802 2594 6,
1841 2535 1921 2583 40.
1960 2535 2008 2593 4,
2046 2534 2127 2594 35,
2165 2535 2246 2583 2⁴.
2285 2535 2387 2583 cet.

1609 2607 1658 2668 9,
1698 2608 1777 2657 40.
1844 2608 2033 2672 flebilis]
2076 2609 2251 2672 Epigr.
2304 2609 2357 2657 in
2403 2608 2586 2658 Museo

1543 2682 1710 2732 Rben.
1755 2681 1805 2742 4,
1850 2683 1898 2732 3.
1943 2695 1996 2746 p.
2047 2682 2171 2733 4⁴9:
2210 2675 2458 2742 Ἤλυθες
2507 2682 2588 2743 εἰς

1539 2750 1724 2821 Ἀΐδην
1744 2752 2111 2821 ζητούμενος,
2149 2747 2237 2817 οἷς
2268 2750 2584 2817 ἀπέλειπες·

1541 2826 1701 2880 Πᾶσι
1733 2825 1843 2900 γὰρ
1875 2824 2140 2896 ἀλγηδών
2173 2825 2384 2892 ἐσθλὸς
2416 2822 2588 2880 ἀποι-

1544 2901 1814 2970 χόμενος.
1856 2931 1911 2941 —-
1955 2904 2143 2968 Virgili]
2179 2906 2314 2955 Cum
2348 2905 2441 2954 Ph.
2467 2906 2590 2956 Wa-

1542 2995 1709 3046 gnero
1760 2981 2048 3030 rectiorem
2095 2981 2415 3043 scripturam
2466 2992 2586 3030 esse

1540 3055 1773 3106 arbitror
1811 3057 2018 3120 Vergili,
2067 3057 2190 3120 post
2221 3054 2368 3105 illum
2401 3068 2586 3106 rursus

1541 3132 1806 3182 firmatam
1864 3128 2031 3181 seculi
2085 3130 2339 3193 Augustei
2392 3130 2583 3180 inscri-

1542 3208 1723 3272 ptione
1775 3207 1827 3256 in
1872 3206 2033 3257 Iahnii
2069 3205 2364 3269 specimine
2403 3218 2456 3268 p.
2492 3205 2580 3254 29:

1541 3282 1596 3330 L.
1641 3282 1909 3332 Vmcaws
1940 3281 1996 3330 L.
2034 3281 2091 3330 L.
2129 3281 2387 3330 Gfflmms.

1609 3356 1691 3404 44.
1754 3356 1945 3415 «Tum,
1984 3367 2109 3404 cum
2141 3355 2278 3403 votis
2312 3367 2377 3403 ac
2409 3354 2588 3416 preci-

1541 3429 1647 3479 bus
1682 3427 2020 3488 Quinctilium
2054 3428 2278 3478 deorum
2313 3427 2436 3477 fidei
2458 3429 2589 3476 tam-

1544 3516 1709 3567 quam
1751 3517 1965 3553 sacrum
2007 3503 2310 3566 depositum
2361 3515 2588 3552 concre-

1545 3578 1715 3627 debas
1770 3576 2260 3640 (commendabas),
2320 3589 2428 3625 non
2482 3575 2587 3625 hoc

1545 3651 1924 3716 exspectabaS‚
1962 3653 2021 3700 ut
2051 3650 2145 3700 tibi
2182 3654 2290 3699 tam
2323 3649 2459 3698 duro
2480 3648 2587 3698 fato

1546 3729 1655 3776 tam
1706 3728 1813 3777 cito
1866 3727 2188 3790 eriperetur;
2247 3723 2345 3775 sed
2394 3723 2587 3773 frustra

1542 3802 1663 3865 pius
1699 3801 1839 3850 suisti
1873 3813 2048 3862 neque
2083 3813 2225 3849 nunc
2260 3811 2385 3848 eum
2422 3812 2454 3848 a
2488 3798 2588 3848 diis

1544 3888 1833 3940 reposcere
1859 3874 1952 3924 tihi
1976 3885 2297 3924 concessum
2319 3875 2452 3922 est.»
2506 3873 2588 3922 Si-

1543 3949 1739 4000 militer
1793 3948 2021 4012 explicat
2072 3948 2179 3998 iam
2235 3947 2585 4011 Porphyrion,

1544 4025 1645 4076 nisi
1679 4024 1825 4089 quod
1870 4025 2047 4073 minus
2097 4025 2245 4074 recte
2287 4023 2451 4086 iungit
2479 4023 2590 4085 fru-

1541 4105 1652 4150 stra
1696 4099 1875 4161 poscis.
1967 4098 2174 4148 Etenim
2228 4099 2340 4162 ipsa
2394 4109 2586 4147 versus

1545 4174 1860 4239 compositio
1894 4186 1944 4222 ν.
1979 4174 2176 4236 fiwtra
2207 4187 2254 4223 a.
2292 4186 2341 4222 v,
2371 4172 2492 4235 pius
2512 4171 2589 4220 di·

1542 4248 1739 4300 vellere
1798 4251 1956 4299 vetat.
2049 4248 2337 4300 Lambinus
2404 4248 2585 4298 contra
