3234 4975
641 403 764 469 5⁴8
816 491 825 501 κ

1147 407 1403 456 HORA‘l'll
1440 406 1778 458 CARmNUM
1831 407 1930 457 [ΑΒ
1965 409 2048 457 111.
2089 408 2146 458 C.
2187 408 2335 457 XXX.

806 559 1169 627 Deduxisse
1214 560 1460 627 modos.
1551 561 1748 627 Sume
1791 560 2165 648 superbiam

809 682 1181 761 Quaesitam
1225 681 1471 747 meritis
1515 691 1581 747 et
1624 679 1777 746 mihi
1821 680 2134 768 Delphica

2730 683 2813 749 ⁴5

804 803 1015 867 Lauro
1061 802 1247 886 cinge
1292 800 1548 877 volem,
1595 800 2001 888 Melpomene
2023 854 2037 880 ,
2085 823 2357 870 comam.

767 1001 845 1049 45.
885 1000 1098 1061 Delphin
1130 995 1163 1047 δ
1196 1010 1282 1062 ap.
1319 998 1529 1048 Kirchn.
1568 998 1631 1047 N.
1661 999 1720 1057 Q.
1751 998 1876 1049 Hor.
1903 1010 1956 1062 p.
1984 999 2066 1049 56.

639 1178 722 1226 est
744 1176 1067 1227 constructio
1103 1187 1277 1240 nuper
1312 1188 1342 1225 a
1374 1176 1557 1226 nescio
1579 1186 1688 1237 quo

638 1250 1009 1301 commendata
1033 1265 1045 1300 ε
1073 1263 1178 1312 qua
1198 1251 1431 1314 regnavit
1449 1251 1686 1308 Daunus,

638 1337 705 1374 ex
737 1324 912 1374 mmai
936 1328 1116 1388 potens
1140 1324 1462 1387 populorum,

706 1396 787 1449 ⁴4.
824 1397 1121 1463 Doduoeisse]
1161 1396 1544 1460 «transtulisse,
1582 1398 1691 1461 pri-

639 1484 790 1522 mum
824 1484 1019 1522 ausum
1053 1485 1175 1523 esse
1221 1472 1274 1521 in
1315 1472 1465 1536 poesi
1507 1473 1689 1521 Latina

639 1545 713 1594 uti
735 1542 914 1607 lyricis
932 1548 1259 1597 Graecorum
1284 1546 1519 1596 metris.»
1558 1547 1692 1595 Pau-

638 1619 866 1671 cissimis
901 1621 1045 1671 enim
1079 1620 1128 1670 ei
1161 1618 1324 1670 veluti
1356 1618 1692 1684 praeluserat

637 1692 892 1744 Catullus,
955 1692 1086 1758 (Noli
1131 1695 1313 1743 autem
1360 1694 1544 1743 nescio
1579 1705 1686 1757 qua

635 1778 894 1831 perversa
928 1768 1231 1817 inversione
1257 1764 1547 1831 explicare,
1582 1765 1686 1829 vel,

641 1839 787 1903 quod
831 1840 993 1891 etiam
1035 1841 1191 1904 peius
1226 1841 1338 1900 est,
1393 1842 1691 1904 transposi-

639 1914 841 1964 tionem
890 1927 1194 1979 proponere
1260 1914 1691 1977 (Zimmermanni

638 1987 869 2037 zeitschr.
925 1986 1072 2039 4840.
1126 2000 1179 2052 p.
1234 1987 1435 2051 4046.);
1500 1988 1693 2038 Aeolios

637 2061 811 2110 modos
842 2073 1048 2111 camon
1079 2060 1149 2110 ad
1178 2061 1379 2111 Italmn.
1448 2061 1555 2111 Sed
1587 2064 1687 2123 est,

638 2134 835 2185 Latinis
885 2132 1066 2185 verbis
1130 2134 1202 2185 ita
1260 2135 1451 2186 imitari
1518 2137 1690 2186 metra

640 2208 968 2258 Graecorum
1040 2205 1234 2272 lyrica,
1310 2211 1369 2258 ut
1423 2222 1690 2273 nusquam

637 2280 892 2344 violetur,
930 2282 1029 2334 sed
1061 2284 1325 2348 perpetuo
1362 2284 1541 2334 Latina
1577 2283 1693 2348 syl-

638 2355 884 2407 labarum
919 2357 1184 2420 quantitas
1237 2370 1467 2428 vocum,
1528 2360 1690 2422 atque

640 2430 693 2480 in
728 2430 976 2482 omnibus
1010 2433 1218 2483 sincera
1254 2434 1467 2483 Latinae
1510 2432 1691 2497 poesis

642 2509 888 2557 servetur
929 2506 1169 2569 indoles,
1226 2506 1278 2557 id
1315 2506 1460 2570 quod
1514 2508 1694 2557 effecit

1763 1174 2047 1238 Horatius.)
2105 1202 2159 1212 —
2214 1176 2391 1241 Sume]
2445 1179 2733 1237 «Assume,
2779 1191 2814 1227 o

1762 1249 1910 1299 Musa
1941 1261 2092 1309 mea,
2144 1248 2495 1312 (Melpomene,
2531 1253 2592 1300 ut
2622 1250 2719 1300 Od.
2759 1250 2810 1312 4,

1761 1321 1819 1382 3,
1849 1322 1916 1384 4.)
1951 1322 2169 1387 spiritus
2192 1323 2391 1384 iustos,
2430 1324 2630 1388 quippe
2664 1324 2814 1387 inge-

1760 1396 1847 1445 nio
1883 1408 2006 1446 meo
2040 1398 2448 1457 convenienteS,
2488 1403 2537 1447 et
2568 1398 2812 1460 Delphica

1762 1470 1934 1530 cet»,
1988 1469 2041 1520 id
2093 1471 2206 1532 est,
2272 1470 2490 1534 dempta
2543 1472 2808 1535 imagine:

1764 1542 1886 1593 «fac
1908 1581 1920 1604 ,
1972 1545 2032 1593 ut
2065 1555 2257 1594 omnes
2300 1543 2605 1595 facultatem
2639 1546 2815 1610 poeti-

1763 1628 1912 1678 cam,
1950 1617 2104 1667 cuius
2124 1618 2253 1667 mihi
2276 1619 2523 1669 conscius
2547 1632 2697 1681 sum,
2735 1618 2814 1670 ul-

1762 1692 1844 1741 tro
1878 1692 2221 1754 agnoscant.»

1829 1766 1908 1815 45.
1948 1766 2028 1815 46.
2073 1764 2312 1828 Delphica
2335 1766 2523 1832 Lauro]
2551 1766 2815 1830 Apollina-

1760 1852 1869 1890 rem
1903 1838 2031 1890 dicit
2052 1838 2148 1889 Od.
2193 1839 2250 1902 4,
2292 1841 2354 1900 2,
2397 1840 2446 1890 9.
2505 1868 2560 1877 -
2615 1841 2813 1907 volens]

1761 1913 2002 1965 Verbum
2029 1912 2286 1965 sollemne
2305 1916 2359 1964 in
2377 1913 2648 1979 precibus,
2686 1916 2816 1966 Ser-

1761 1988 1881 2038 v1us
1904 1987 1973 2038 ad
1995 1990 2125 2038 Aen.
2171 1988 2192 2037 4
2219 2026 2231 2049 ,
2272 1987 2362 2038 ’734
2393 2003 2405 2037 :
2446 1988 2532 2038 Sic
2562 1989 2693 2039 onim
2726 1989 2811 2038 di-

1762 2068 1912 2113 cunt:
1985 2060 2210 2113 «Volens
2260 2063 2627 2127 propitiusque
2679 2064 2808 2114 sis.»

1766 2136 1896 2186 Cato
1947 2137 2006 2185 R.
2053 2137 2112 2187 R.
2167 2136 2289 2187 ⁴42:
2342 2137 2488 2187 Mars
2528 2142 2714 2201 pater,
2767 2142 2815 2187 ιο

1758 2223 1944 2272 precor
1997 2222 2303 2272 quaesoque,
2372 2211 2448 2260 uti
2504 2211 2599 2261 stes
2644 2211 2815 2261 volens

1759 2283 2010 2347 propitius
2029 2283 2179 2346 mihi,
2228 2284 2396 2346 domo,
2439 2284 2669 2347 familiae
2702 2288 2807 2335 cet.

1766 2358 1873 2408 Liv.
1919 2358 1975 2417 7,
2016 2357 2385 2407 26:1²rocatus
2416 2359 2616 2417 deindo,
2654 2359 2698 2408 si
2730 2359 2812 2408 di—

1760 2446 1881 2493 vus,
1933 2431 1975 2480 si
2008 2431 2128 2481 diva
2160 2437 2306 2495 osset,
2351 2432 2439 2494 qui
2471 2432 2563 2482 sibi
2589 2445 2810 2496 praepo-

1764 2512 1861 2557 tom
1881 2506 2116 2567 misisset,
2150 2507 2319 2555 volens
2336 2507 2584 2570 propitius
2604 2508 2807 2558 adesset
