3234 4975
664 421 786 484 (324

1168 579 1242 643 Et
1285 580 1556 647 miseras
1600 581 1884 647 inimicat
1926 580 2144 649 urbeS.

1424 426 1682 477 nolum
1716 427 2052 480 cARfflNUM

2745 584 2832 647 20

992 737 1163 813 Non,
1211 738 1323 823 qui
1367 736 1756 823 profundum
1801 738 2167 804 Danubium
2212 736 2468 812 bibunt,

996 856 1220 923 Edicta
1263 869 1564 945 rumpent
1606 857 1802 933 Iulia,
1853 879 1980 922 non
2027 858 2265 931 Getae.

1081 979 1221 1043 Non
1266 979 1462 1044 Seres
1512 976 1774 1044 infidive
1822 978 2095 1051 Persae,

1171 1099 1310 1163 Non
1354 1100 1590 1164 Tana‘in
1634 1118 1839 1185 prope
1884 1095 2124 1165 flumen
2167 1100 2308 1165 orti.

1006 1257 1269 1342 Nosque
1312 1265 1376 1321 et
1418 1255 1718 1342 profestis
1769 1253 2023 1322 lucibus
2068 1267 2133 1322 et
2175 1257 2377 1324 sacris

2749 1261 2833 1326 25

788 1435 869 1486 23.
907 1435 1146 1499 infidique
1178 1434 1274 1496 bc,
1303 1435 1583 1500 perfidiquo
1615 1433 1669 1483 d.
1710 1434 1791 1497 (Ut
1824 1446 1923 1483 nos
1945 1472 1957 1494 ,
1994 1434 2105 1494 ST.)

656 1602 883 1665 ὄναβιᾰι,
918 1600 1703 1661 ηοηὺοαα,ποοοηεοιπ1ηιηοᾶεᾱ

1850 1599 2062 1649 25-28.
2115 1599 2321 1663 lucibus]
2378 1601 2562 1651 «Lucos
2608 1605 2663 1652 et
2708 1604 2836 1653 soles

656 1689 832 1726 saevus
864 1676 1085 1725 duxerat
1125 1680 1238 1724 arte
1276 1675 1437 1738 faber.
1485 1702 1541 1711 —
1600 1676 1706 1724 ini—
1784 1686 1883 1738 pro
1933 1671 2126 1723 diebus
2175 1674 2300 1736 poni
2350 1671 2585 1725 solent.»
2642 1677 2828 1728 senon.

654 1750 823 1813 micat]
861 1752 923 1802 Ut
954 1749 1211 1800 Laberius
1233 1749 1466 1811 iniquam
1487 1762 1585 1813 pro
1610 1749 1709 1798 ini-

1782 1747 1875 1798 Est
1923 1747 2104 1809 igitur:
2167 1747 2421 1811 «singulis
2470 1748 2715 1800 diebus.»
2772 1779 2829 1789 -

656 1838 810 1886 quum
829 1825 1038 1875 reddero
1058 1823 1290 1883 dixerat,
1329 1823 1406 1873 sic
1437 1824 1701 1884 Horatius,
1781 1821 2059 1883 appr-ocati]
2095 1822 2302 1872 Primus
2326 1824 2432 1884 sic,
2470 1824 2616 1887 quod
2640 1826 2828 1887 sciam,

655 1897 801 1962 quod
850 1899 1047 1959 sciam,
1106 1898 1311 1961 primus
1364 1899 1430 1959 (v.
1481 1896 1700 1947 Forcell.
1780 1894 2052 1954 Horatius,
2091 1895 2286 1945 deiude
2309 1896 2461 1960 Apul.
2489 1899 2612 1948 Met.
2638 1898 2687 1949 4.
2715 1900 2827 1950 init.

655 1971 751 2022 Ed.
794 1972 991 2033 Germ.)
1044 1973 1150 2022 hoc
1182 1984 1234 2020 v.
1262 1972 1540 2035 usurpavit
1572 1983 1699 2035 pro:

656 2046 926 2095 «inimicas
961 2046 1098 2095 inter
1131 2059 1191 2096 se
1227 2045 1429 2107 reddit,
1469 2045 1536 2095 ad
1562 2043 1700 2095 bella

653 2120 948 2169 domestica
983 2119 1227 2179 excitam
1263 2132 1398 2169 uon:
1439 2121 1702 2170 «hostium

652 2192 771 2245 loco
805 2191 996 2254 habet,
1015 2209 1040 2236 ι»
1092 2195 1154 2243 ut
1185 2191 1478 2257 explicatur
1509 2208 1542 2243 a
1574 2194 1704 2244 For—

653 2265 861 2317 cellino.

716 2340 894 2392 ‘zi-24.
922 2342 1009 2404 qui
1025 2341 1353 2391 -Danubium
1373 2342 1559 2405 bibunt]
1580 2342 1706 2390 Vin-

653 2414 826 2475 delici,
855 2416 1122 2466 Pannonii.
1166 2418 1270 2467 Cfr.
1299 2417 1394 2467 Od.
1421 2418 1477 2478 2,
1504 2417 1587 2471 20.
1614 2417 1696 2466 20.

654 2493 799 2541 «Non
834 2490 1055 2541 dubium
1109 2493 1213 2552 est,
1269 2493 1396 2555 quin
1447 2492 1700 2541 victoriae

652 2564 1028 2627 respiciantur,
1067 2578 1201 2627 quas
1233 2565 1451 2615 Romani
1483 2578 1582 2628 per
1605 2577 1703 2613 an—

652 2650 751 2687 nos
785 2637 899 2687 738.
937 2637 1018 2687 39.
1044 2637 1127 2689 40.
1167 2638 1234 2688 de
1271 2639 1584 2688 Germaniae
1608 2651 1704 2701 po-

651 2709 788 2775 pulis
846 2713 1305 2774 reportaverunt.»
1365 2713 1581 2761 Fiunt.
1645 2736 1699 2747 -

650 2785 832 2834 Edicta
853 2811 881 2821 -
902 2785 1059 2848 Iulia]
1115 2785 1292 2848 «leges
1343 2788 1503 2848 atque
1557 2786 1702 2834 iussa

650 2859 895 2921 Augusti,
934 2860 1276 2909 condiciones
1300 2859 1579 2909 foederum
1602 2871 1703 2922 pa-

650 2934 968 2995 ctorumque
987 2946 1110 2983 cum
1128 2931 1373 2984 barbaris
1396 2934 1701 2983 initorum.»

650 3006 748 3055 Dio
782 3005 871 3067 54,
911 3007 1002 3056 4οε
1054 3002 1194 3069 τούς
1225 3021 1288 3056 τε
1322 3004 1542 3072 νόμους
1563 3001 1702 3067 τοὺς

648 3080 1138 3148 γραφησομένους
1162 3075 1254 3130 ὑπ’
1279 3075 1459 3131 αὑτοῦ
1484 3074 1704 3146 Αὐγού-

649 3166 793 3203 στου
829 3152 1050 3203 ἐκεῖθεν
1092 3149 1204 3220 ἤδη
1241 3152 1697 3225 προσηγόρευον.

652 3229 719 3290 (a.
744 3240 797 3276 u.
826 3240 873 3277 c.
902 3227 1036 3289 735.)
1071 3227 1219 3278 ovid.
1248 3229 1401 3279 Trist.
1430 3230 1477 3290 4,
1506 3230 1555 3289 2,
1583 3229 1698 3278 ⁴02:

647 3302 857 3365 Δαριιεεὶ
882 3301 1087 3363 publica
1106 3303 1258 3352 iussa.
1292 3328 1348 3338 —
1374 3302 1542 3366 Getae]
1569 3301 1697 3352 Plin.

650 3377 786 3427 H.N.
808 3375 856 3436 4,
877 3377 968 3425 ⁴2:
995 3377 1306 3437 aliasGetao,
1323 3377 1704 3427 Daciflomanis

648 3451 783 3500 dicti.
823 3451 1017 3500 Contra
1042 3449 1232 3500 Strabo
1255 3451 1314 3511 7,
1352 3451 1410 3511 3,
1451 3452 1531 3501 42.
1574 3451 1704 3499 Kra-

648 3537 793 3575 mer:
821 3524 1027 3590 Γέγονε
1048 3521 1109 3574 δὲ
1131 3525 1231 3575 καὶ
1254 3520 1431 3587 ἄλλος
1450 3523 1558 3589 τῆς
1578 3520 1700 3583 χώ-

647 3613 754 3669 ρας
784 3593 1075 3668 μερισμός
1095 3625 1125 3635 -
1147 3613 1207 3636 -·
1266 3594 1407 3661 τοὺς
1436 3596 1546 3663 μὲν
1588 3592 1701 3668 γὰρ

646 3669 877 3735 Δακούς
906 3669 1407 3743 προσαγορεύωσι
1424 3709 1438 3733 ,
1474 3667 1615 3733 τοὺς
1637 3669 1698 3721 δὲ

646 3746 840 3810 Γέτας.
900 3747 1075 3809 Γέτας
1105 3747 1214 3811 μὲν
1247 3742 1386 3810 τοὺς
1419 3742 1564 3817 πρὸς
1594 3741 1701 3797 τὸν

646 3817 875 3870 Πόντον
907 3820 1278 3886 κεκλιμένους
1304 3821 1404 3870 καὶ
1426 3815 1570 3907 πρὸς
1589 3816 1699 3885 τὴν

647 3886 754 3942 ἓω·
790 3890 1021 3957 Δακοὺς
1053 3891 1114 3945 δὲ
1146 3890 1286 3958 τοὺς
1320 3895 1402 3957 εἰς
1422 3897 1699 3945 ταναντία

648 3965 793 4037 πρὸς
824 3964 931 4032 τὴν
959 3969 1282 4039 Γερμανίαν
1314 3969 1415 4020 καὶ
1446 3964 1552 4032 τὰς
1589 3966 1697 4020 τοῦ

634 4036 859 4112 Ἴστρου
876 4039 1080 4108 πηγάς.
1101 4044 1232 4094 Vide
1247 4044 1316 4094 ad
1335 4044 1430 4094 Od.
1444 4043 1493 4104 3,
1513 4043 1595 4106 24,
1613 4045 1693 4095 44.

652 4143 706 4151 --
745 4114 915 4178 Seres]
961 4114 1127 4166 ultimi
1174 4118 1400 4169 Orientis
1445 4117 1692 4182 populus.

645 4190 764 4240 Vid.
801 4189 870 4238 ad
906 4189 1001 4238 Od.
1035 4189 1095 4250 3,
1131 4191 1223 4250 29,
1261 4192 1343 4241 27.
1388 4220 1442 4231 --
1502 4192 1698 4242 Tanain

638 4278 694 4326 p.
719 4266 773 4330 fl.
801 4262 916 4327 orti]
954 4263 1201 4326 scythae.

1841 1968 2039 2018 29-32.
2109 1969 2297 2019 Virtute
2341 1970 2565 2034 functos]
2617 1973 2832 2024 Dictum

1778 2045 1884 2102 est,
1936 2044 1998 2091 ut
2037 2043 2147 2091 vita
2192 2044 2394 2106 mactus
2426 2047 2481 2094 et
2514 2045 2663 2095 ovid.
2702 2049 2826 2098 Met.

1781 2117 1869 2177 44,
1907 2118 2020 2167 558.
2054 2117 2165 2180 sato
2195 2118 2374 2180 functa
2400 2132 2508 2176 mo.
2546 2119 2681 2170 lbid.
2708 2121 2825 2171 583.

1774 2190 1945 2253 fimeto
1974 2196 2151 2252 morte,
2189 2195 2351 2255 atque
2386 2193 2530 2256 apud
2555 2195 2830 2246 Horatium

1776 2265 1949 2327 ipsum
1985 2265 2080 2314 Od.
2119 2266 2179 2326 2,
2215 2265 2272 2325 9,
2314 2267 2401 2316 ⁴3:
2440 2272 2517 2317 tor
2548 2283 2672 2318 aevo
2705 2270 2829 2333 sun—

1774 2343 1898 2387 ctus.
1973 2340 2101 2398 «Qui
2147 2340 2199 2390 in
2238 2341 2344 2389 vita
2377 2342 2603 2393 virtutes
2637 2356 2829 2394 omnes

1774 2424 1873 2476 pro
1908 2411 2040 2462 virili
2073 2416 2226 2478 parte
2251 2416 2307 2463 et
2332 2418 2609 2479 tamquam
2633 2430 2829 2468 munus

1775 2498 1932 2537 suum
1970 2491 2378 2539 exercuerunt.»
2432 2491 2544 2541 Cic.
2581 2492 2738 2542 Tusc.
2770 2493 2826 2550 4,

1777 2559 1864 2610 45ε
1901 2574 2045 2612 nuno
2071 2576 2262 2624 partam
2294 2565 2384 2613 diu
2413 2566 2572 2626 vicit,
2610 2567 2828 2627 quivis·-

1773 2634 1893 2683 tutis
1936 2637 2190 2697 perfectae
2236 2637 2457 2701 perfecto
2506 2639 2710 2702 timolus
2757 2645 2830 2689 ost

1773 2721 1993 2759 munere.
2059 2736 2114 2746 ·-
2172 2723 2312 2761 more
2357 2712 2598 2777 patr-mn]
2656 2712 2825 2763 Varro

1775 2781 1918 2845 apud
1969 2784 2197 2833 Nonium
2233 2785 2288 2834 in
2320 2786 2446 2834 Assa
2493 2799 2613 2835 voce
2643 2798 2698 2849 p.
2740 2787 2823 2837 76.

1774 2856 1959 2906 Merca
2017 2857 2076 2905 In
2130 2858 2372 2907 conviviis
2417 2861 2570 2921 pueri
2619 2861 2829 2910 modesti

1773 2934 1830 2979 ut
1876 2935 2140 2980 cantarent
2188 2933 2425 2982 carmina
2475 2935 2715 2996 antiqua,
2771 2935 2830 2983 in

1775 3003 1952 3064 quibus
1973 3006 2145 3054 laudes
2166 3011 2316 3056 erant
2334 3008 2606 3068 maiorum,
2643 3012 2690 3057 οι
2710 3021 2830 3057 assa

1771 3092 1891 3128 voco
1922 3084 1970 3128 et
2001 3092 2116 3129 cum
2150 3080 2362 3130 tibicine.
2435 3082 2543 3132 Cic.
2577 3082 2729 3132 Tusc.
2766 3083 2785 3130 4
2812 3119 2826 3142 ,

1774 3154 1836 3203 2:
1871 3154 1961 3203 Est
1991 3154 2047 3203 in
2080 3154 2367 3218 mnibus
2392 3156 2637 3219 (Catonis)
2660 3156 2831 3206 solitos

1774 3240 1875 3277 esso
1906 3228 1959 3276 in
1993 3229 2151 3291 epulis
2180 3242 2362 3279 canere
2392 3231 2629 3279 convivas
2660 3231 2729 3279 ad
2759 3231 2831 3279 ti-

1774 3301 1983 3351 bicinam
2016 3304 2076 3352 de
2104 3303 2364 3353 clar-onom
2394 3304 2650 3354 hemmam
2668 3305 2832 3353 virtu·-

1773 3374 1917 3424 tibus.
1990 3375 2096 3426 Cir.
2149 3378 2304 3428 Tuse.
2360 3377 2392 3428 4
2414 3416 2426 3438 ,
2478 3378 2528 3427 2.
2588 3378 2825 3428 Perizon.

1775 3449 2052 3499 Animadv.
2103 3450 2223 3502 hist.
2275 3452 2334 3501 C.
2386 3452 2433 3501 6.
2471 3464 2526 3516 p.
2571 3452 2688 3502 2⁴2.
2745 3452 2828 3501 De

1773 3520 2165 3575 laudationibus
2200 3524 2514 3576 funebribus
2547 3525 2685 3576 haec
2721 3526 2829 3574 mi-

1774 3598 1917 3647 nime
1953 3599 2352 3662 interpretanda
2388 3612 2514 3649 cum
2549 3599 2675 3660 Fea,
2725 3598 2826 3649 sed

1775 3671 1843 3721 de
1880 3672 1941 3721 iis
1976 3671 2303 3724 carminibus
2334 3671 2710 3737 popularibuS,
2759 3686 2828 3722 ex

1775 3744 1969 3808 quibus
2018 3744 2290 3809 paullatim
2342 3749 2458 3796 orta
2508 3747 2590 3795 est
2633 3758 2826 3808 magna

1775 3831 1900 3882 pars
1924 3819 2175 3869 historiae
2199 3820 2468 3869 Romanae
2492 3819 2823 3881 antiquioris.

1776 3892 1880 3942 Cfr.
1919 3892 2080 3942 Munk
2113 3892 2182 3942 de
2207 3892 2459 3943 Atellanis
2482 3906 2536 3955 p.
2564 3892 2613 3942 3.
2662 3892 2827 3942 Cors-

1773 3979 1869 4016 sen
1930 3966 2103 4029 origg.
2156 3966 2334 4030 poesis
2394 3967 2543 4017 Rom.
2596 3962 2828 4015 Berolini

1775 4040 1920 4091 4846.
1946 4053 1999 4105 p.
2030 4042 2143 4090 ΗΞ.
2181 4040 2443 4090 Differunt
2465 4038 2534 4089 ab
2556 4039 2639 4089 his
2661 4039 2824 4090 etiam

1771 4116 2027 4165 incondita
2048 4115 2283 4165 carmina
2311 4114 2587 4174 ”vitiem-ia,
2626 4112 2824 4177 quibus

1773 4191 1908 4240 teste
1933 4190 2081 4240 Livio
2105 4191 2194 4252 ⁴0,
2222 4190 2304 4240 30.
2344 4190 2403 4249 Q.
2430 4187 2576 4239 Fabii
2603 4188 2825 4238 victoria

1772 4263 2048 4328 Publiique
2072 4265 2218 4316 Decii
2239 4262 2512 4328 praeclara
2550 4274 2696 4313 mors
2729 4274 2827 4311 ce-
