3234 4975
639 365 764 429 294

1413 366 1671 416 HORATu
1708 366 2044 417 CARMINUM

975 521 1237 587 Evincet
1277 519 1522 596 ulmos;
1572 529 1706 584 tum
1748 517 2015 584 violaria
2060 529 2124 583 et
2770 524 2811 586 5

974 642 1218 730 Myrtus
1264 650 1328 705 et
1370 640 1578 705 omnis
1623 638 1812 725 copia
1856 639 2107 704 narium

1060 761 1375 847 Spargent
1417 758 1669 824 olivetis
1712 758 1981 825 odorem

1143 879 1484 946 Fertilibus
1529 878 1792 944 domino
1837 880 2077 967 priori3

970 1041 1127 1127 Tum
1172 1039 1384 1125 spissa
1428 1036 1625 1102 ramis
1669 1035 1891 1104 laurea
1935 1037 2217 1105 fervidos

971 1158 1282 1226 Excludet
1326 1158 1507 1225 ictus.
1595 1159 1735 1223 Non
1781 1158 1868 1225 ita
1908 1158 2162 1225 Romuli

2717 1161 2801 1228 46

764 1358 842 1406 40.
882 1361 1046 1405 aestus
1078 1351 1322 1420 ἀ,δμξχ,
1369 1369 1480 1405 var.
1519 1353 1640 1405 lect.
1680 1370 1732 1405 κ.
1782 1355 2010 1419 (Habent
2040 1357 2167 1406 ictus
2197 1356 2360 1407 bS'l'c.
2415 1358 2621 1408 Excidit
2651 1360 2739 1409 hic

701 1445 751 1480 v.
791 1445 857 1481 ex
891 1432 963 1491 B,
1002 1432 1053 1481 in
1090 1444 1197 1495 quo
1231 1431 1446 1481 ultimus
1482 1445 1532 1479 v.
1573 1430 1675 1492 ⁴2.)

631 1620 801 1672 aquae
842 1605 1038 1657 vitibus
1082 1607 1320 1656 maritari
1359 1619 1463 1655 non
1500 1608 1679 1669 potest
1754 1606 1815 1655 H.
1856 1606 1936 1665 43,
1975 1608 2035 1655 ⁴:
2073 1599 2301 1657 ἀνθέων
2323 1608 2406 1670 εἰς
2427 1603 2635 1679 ἑορτὴν
2658 1600 2805 1673 ὅψε-

628 1685 851 1745 propter
883 1694 1064 1731 ramos
1099 1681 1297 1731 densos
1331 1679 1542 1744 lateque
1582 1694 1680 1729 ex-

630 1758 867 1805 tentos.»
961 1755 1078 1804 Noti
1142 1757 1265 1804 sunt
1318 1756 1677 1804 Romanorum

631 1827 943 1893 platanones
979 1829 1148 1891 opaci.
1222 1827 1348 1877 Plin.
1377 1828 1508 1890 Epp.
1538 1828 1586 1887 4,
1625 1827 1675 1876 3.

630 1902 778 1953 Adeo
814 1905 994 1953 autem
1030 1903 1079 1951 in
1112 1902 1299 1965 geniali
1339 1902 1441 1951 hac
1484 1899 1678 1950 arbore

634 1976 797 2039 (ovid.
835 1978 957 2025 Met.
997 1978 1085 2037 40,
1136 1977 1236 2037 95.)
1272 1975 1496 2025 colenda
1535 1976 1681 2025 insa-

631 2049 874 2110 niebant,
928 2052 988 2099 ut
1036 2051 1097 2109 Q.
1140 2050 1452 2100 Hortensius
1503 2052 1684 2099 orator

631 2125 814 2174 vinum
849 2123 1086 2187 piatam,
1123 2138 1285 2188 quam
1309 2125 1362 2174 in
1384 2124 1681 2175 Tusculano

635 2201 914 2263 posuerat,
937 2199 1050 2262 ipse
1071 2198 1414 2249 suffunderet.
1441 2199 1677 2249 Macrob.

631 2274 738 2322 Sat.
777 2273 836 2331 2,
874 2272 922 2322 9.
959 2286 1012 2336 p.
1039 2273 1152 2323 353.

698 2348 747 2395 5.
785 2347 1006 2411 Evincec]
1045 2348 1270 2398 «cedere
1308 2350 1463 2411 coget
1485 2349 1678 2411 agris‚»

632 2421 690 2468 ut
712 2419 839 2470 Plin.
863 2421 923 2470 H.
946 2423 1005 2471 N.
1029 2423 1115 2483 48,
1142 2423 1197 2472 2⁴
1221 2435 1232 2469 ε
1273 2422 1683 2486 Faba--evincit

629 2494 807 2544 herbas
839 2494 1211 2560 (verdrdnqen).
1250 2495 1382 2548 Uimi
1425 2499 1481 2546 et
1499 2496 1681 2560 populi

632 2567 912 2631 diligenter
945 2573 1157 2633 putatae
1192 2570 1570 2620 mutilabantur
1598 2572 1681 2620 vi-

628 2641 786 2693 tibus.
828 2643 953 2694 Plin.
987 2645 1068 2705 46,
1099 2646 1176 2695 47.
1214 2646 1350 2695 Inter
1380 2646 1471 2695 has
1501 2645 1681 2708 (arbo-

628 2730 715 2766 res
734 2717 957 2780 steriles)
983 2724 1131 2780 atque
1161 2721 1439 2784 frugiferas
1471 2720 1682 2768 materie

623 2791 898 2853 vitiumque
940 2793 1165 2842 amicitia
1206 2795 1455 2856 accipitur
1493 2794 1674 2843 ulmus.

625 2863 799 2915 Manil.
827 2865 884 2924 3,
922 2865 1035 2915 662.
1075 2867 1366 2928 (auctumni
1389 2869 1674 2931 tempore):

633 2939 764 2988 Tunc
797 2939 943 2988 Liber
981 2943 1200 3003 gravida
1233 2943 1477 2992 descondit
1504 2943 1683 3004 planus

629 3011 693 3061 ab
739 3012 891 3060 ulmo.
946 3039 999 3047 —
1047 3018 1154 3063 tum
1180 3041 1206 3051 -
1232 3040 1258 3050 -
1283 3014 1426 3078 Tum]
1475 3029 1611 3079 quae
1648 3029 1680 3065 a

628 3085 878 3136 divitibus
906 3083 1002 3137 illis
1026 3100 1188 3151 porro
1221 3090 1408 3153 perfici
1442 3089 1675 3152 soleant,

631 3161 936 3210 enumerat:
975 3161 1112 3210 darm
1142 3188 1173 3199 -
1205 3189 1236 3199 -
1264 3165 1427 3223 daun,
1468 3166 1558 3227 poi
1591 3192 1623 3202 -
1649 3192 1680 3203 -

623 3236 728 3296 poi,
766 3234 941 3297 potius
976 3249 1137 3299 quam
1163 3239 1355 3288 «modo
1375 3265 1400 3276 -
1417 3265 1443 3276 -
1463 3239 1678 3300 modo‚»

626 3310 687 3359 ut
720 3305 803 3358 alii
841 3308 1119 3372 explicant.
1163 3338 1217 3348 —
1256 3313 1494 3377 violaria]
1523 3314 1677 3363 Varr.

626 3383 686 3432 R.
713 3383 772 3434 R.
800 3384 858 3444 4,
896 3383 986 3434 35:
1022 3385 1244 3435 violatia
1265 3388 1683 3452 infimdosacere

624 3472 726 3508 non
756 3463 827 3507 est
859 3460 997 3509 utile.

688 3533 736 3583 6.
790 3534 1004 3598 Myrtus]
1058 3548 1283 3585 numero
1328 3535 1679 3589 multitudinis

624 3610 685 3657 ut
716 3607 857 3670 Virg.
884 3610 976 3657 Ge.
1002 3610 1061 3668 2,
1098 3608 1189 3659 64:
1223 3611 1675 3674 Paphiae-myrtum

625 3682 876 3743 quocirca
945 3682 1162 3734 minime
1230 3697 1352 3733 cum
1420 3684 1679 3737 Glareano

623 3752 726 3816 leg.
779 3761 1086 3819 myrtusque.
1145 3784 1200 3794 --
1253 3760 1400 3820 copia
1452 3762 1675 3826 navim]

626 3829 854 3879 «Omnes
896 3831 1060 3882 flores
1104 3833 1388 3896 omniaque
1422 3835 1673 3898 virgulta,

624 3913 688 3949 ex
724 3901 919 3964 quibus
955 3907 1132 3957 suavis
1167 3907 1302 3958 odor
1334 3909 1554 3960 naribus
1602 3909 1679 3959 af·

623 3975 831 4024 fiatur.»
902 3978 1106 4029 Schol.:
1170 3979 1355 4032 «luxus
1388 3982 1669 4033 odorum.»

624 4050 767 4098 Nove
827 4049 1049 4102 fortasse
1107 4053 1338 4116 dictum,
1407 4057 1503 4107 sed
1559 4059 1673 4108 tam

622 4120 900 4192 ἐναργῶς,
938 4126 995 4173 ut
1027 4124 1288 4179 lectorum
1324 4131 1498 4191 quivis
1534 4129 1671 4181 illico

622 4195 910 4261 intelligere
946 4197 1186 4252 deberet.
1228 4202 1332 4254 Cir.
1371 4204 1566 4255 Aelian.
1604 4206 1664 4254 V.

1753 1695 1831 1741 ως
1864 1679 2153 1731 συντελεῖν
2186 1679 2536 1746 δυναμένων.

1819 1755 1867 1803 7.
1905 1756 2111 1820 olivetis]
2151 1757 2266 1806 «Ex
2295 1756 2510 1808 utilibus
2533 1758 2688 1807 antea
2712 1757 2806 1807 oli-

1753 1829 1888 1879 vetis
1914 1830 2019 1879 iam
2037 1829 2233 1880 sterilia
2258 1831 2387 1881 fient
2403 1830 2634 1891 violaria,
2660 1844 2806 1894 myr-

1752 1905 1890 1964 teta,
1928 1905 2155 1964 rosaria,
2193 1904 2395 1955 laureta
2428 1906 2539 1956 sive
2568 1905 2806 1969 daphno-

1757 1991 1904 2028 nes.»
1973 1980 2177 2028 Seneca
2213 1978 2281 2028 de
2315 1980 2431 2029 Vita
2452 1979 2508 2029 b.
2552 1981 2641 2030 ⁴7:
2701 1981 2805 2031 Gur

1756 2053 1962 2102 arbores
1984 2058 2196 2114 praeter
2226 2053 2459 2103 umbram
2494 2054 2619 2103 nvait
2650 2056 2805 2103 datu-

1754 2140 1848 2176 rae
1879 2126 2246 2176 conseruntur?
2302 2126 2509 2187 Quintil.
2547 2127 2606 2189 8,
2643 2129 2704 2189 3,
2740 2128 2797 2179 8;

1754 2200 1831 2250 An
1879 2214 1970 2264 ⁰9⁰
2018 2201 2232 2264 fundum
2279 2202 2538 2251 cultiorem
2594 2208 2793 2264 puzan,

1754 2275 1809 2324 in
1855 2289 1952 2336 quo
1996 2277 2119 2325 mim
2164 2276 2277 2338 quis
2318 2276 2583 2325 ostenderit
2615 2276 2724 2331 lilia
2756 2282 2803 2328 et

1751 2350 1912 2398 violas
1944 2354 1990 2399 et
2012 2362 2313 2410 anonzonas,
2343 2351 2503 2412 sontes
2530 2356 2800 2414 summates,

1757 2437 1910 2486 quam
1959 2423 2044 2473 ubi
2082 2424 2236 2486 plena
2283 2423 2452 2473 mss-is
2495 2430 2585 2473 aut
2616 2438 2801 2488 aravos

1752 2500 1923 2562 fructu
1963 2498 2087 2547 vites
2130 2497 2316 2547 mat?
2366 2499 2594 2548 Sterilem
2625 2500 2803 2560 plata—

1752 2587 1875 2622 num
1895 2577 2158 2634 tonsasque
2176 2577 2368 2633 murcos
2388 2586 2543 2634 quam
2561 2575 2805 2624 maritam

1752 2646 1945 2695 ulvnum
1965 2651 2011 2695 et
2026 2645 2198 2695 uberes
2219 2647 2354 2696 oleas
2367 2647 2801 2709 praeoptavortm?

1819 2720 1867 2769 9.
1920 2720 2115 2784 laurea]
2160 2733 2259 2784 pro
2296 2719 2445 2770 lauro
2480 2721 2606 2771 dixit
2640 2723 2801 2772 etiam

1753 2795 1863 2844 Liv.
1902 2793 1991 2853 32,
2032 2795 2076 2842 4.
2116 2794 2265 2844 Ovid.
2304 2795 2427 2844 Met.
2468 2796 2569 2855 4ογ
2595 2795 2685 2844 92:
2726 2796 2803 2845 in-

1752 2868 1890 2917 nuba
1931 2869 2123 2917 laurus.
2205 2869 2283 2918 De
2327 2868 2458 2918 lauri
2495 2881 2596 2919 usu
2629 2870 2681 2919 in
2717 2871 2803 2918 to-

1754 2943 1921 3007 piario
1956 2955 2120 3007 opere
2155 2956 2206 2991 v,
2244 2941 2372 2993 Plin.
2412 2943 2474 2992 H.
2502 2944 2562 2992 N.
2591 2944 2679 3004 ⁴5,
2715 2944 2796 2993 30.

1753 3019 1813 3069 In
1846 3015 2171 3067 Violantillae
2209 3016 2371 3066 domo
2412 3018 2539 3066 Stat.
2577 3017 2700 3067 Silva
2740 3019 2798 3078 4,

1753 3093 1812 3152 2,
1851 3090 1973 3142 ⁴54:
2021 3091 2312 3141 Eaecludmat
2341 3091 2515 3139 radios
2544 3092 2680 3141 silvis
2712 3092 2801 3142 do-

1751 3166 1906 3216 missa
1934 3167 2137 3215 vetustis
2170 3166 2411 3229 Frigora,
2467 3166 2519 3215 id
2556 3169 2663 3228 est,
2710 3180 2801 3216 ar-

1752 3239 1915 3291 bores
1947 3239 2140 3290 umbra
2174 3253 2271 3290 sua
2295 3240 2455 3303 frigus
2477 3239 2800 3304 praebentes

1755 3329 1820 3365 ex
1852 3315 2074 3364 vetustis
2096 3312 2239 3364 silvis
2275 3311 2396 3364 illuc
2429 3316 2794 3378 transpositae.

1752 3388 1892 3440 'ralia
1927 3387 2177 3438 arboreta
2211 3390 2267 3439 et
2297 3389 2450 3438 silvas
2476 3390 2801 3440 etviridaria

1752 3465 1865 3514 sive
1898 3463 2089 3512 viridia
2120 3460 2402 3512 vocabant.

1819 3538 1898 3587 40.
1926 3536 2068 3600 ictus]
2098 3537 2299 3586 Eadem
2322 3537 2654 3600 metaphora,
2691 3550 2796 3601 qua

1750 3613 1968 3678 poetae,
2007 3611 2266 3675 imprimis
2299 3611 2601 3672 LucretiuS,
2647 3612 2799 3661 lumi-

1748 3689 1828 3736 nis
1874 3687 2027 3748 iem,
2079 3685 2291 3736 verbera
2336 3684 2477 3746 solis,
2532 3686 2632 3734 tola
2681 3686 2794 3736 diei.

1750 3762 1948 3811 Lucan.
2003 3762 2059 3820 7,
2113 3760 2235 3809 2⁴5:
2293 3759 2438 3809 Miles
2484 3764 2541 3808 ut
2589 3760 2799 3810 advorso

1747 3834 1923 3884 Phoebi
1969 3834 2202 3883 radiatus
2250 3831 2315 3882 ab
2364 3833 2467 3881 ictu
2516 3836 2651 3894 cet.‚
2705 3831 2799 3882 ubi

1750 3908 1915 3959 multa
1965 3906 2208 3970 exempla
2259 3908 2526 3970 congessit
2567 3908 2793 3959 Cottius.

1746 3984 1925 4047 Eurip.
1992 3981 2264 4033 Phoeniss.
2318 3982 2437 4031 ⁴69:
2501 3980 2798 4048 φλεγέθων

1745 4055 1952 4119 βολαῖς
1986 4051 2173 4121 ἡλίου.
2210 4057 2380 4106 Anon.
2408 4056 2460 4105 in
2484 4055 2631 4106 Stob.
2660 4054 2792 4106 Flor.

1746 4134 1890 4182 Grot.
1917 4131 2041 4181 393:
2068 4132 2234 4201 θέρμ’
2261 4124 2427 4197 ἡλίου
2450 4127 2793 4195 τοξεύματα,

1744 4206 1844 4256 nisi
1889 4204 2033 4268 quod
2079 4206 2324 4257 Horatius
2364 4206 2541 4256 omisit
2572 4219 2622 4256 v.
2658 4205 2792 4266 solis,
