<?xml version="1.0" encoding="UTF-8"?>
<!DOCTYPE html PUBLIC "-//W3C//DTD XHTML 1.0 Transitional//EN"
    "http://www.w3.org/TR/xhtml1/DTD/xhtml1-transitional.dtd">
<html xmlns="http://www.w3.org/1999/xhtml" xml:lang="en" lang="en">
 <head>
  <title>
</title>
<meta http-equiv="Content-Type" content="text/html;charset=utf-8" />
  <meta name='ocr-system' content='tesseract 3.04.00' />
  <meta name='ocr-capabilities' content='ocr_page ocr_carea ocr_par ocr_line ocrx_word'/>
</head>
<body>
  <div class='ocr_page' id='page_1' title='image "./qhoratiusflaccu05baitgoog_0217.png"; bbox 0 0 3234 4975; ppageno 0'>
   <div class='ocr_carea' id='block_1_1' title="bbox 1168 400 1728 452">
    <p class='ocr_par' dir='ltr' id='par_1_1' title="bbox 1168 400 1728 452">
     <span class='ocr_line' id='line_1_1' title="bbox 1168 400 1728 452; baseline -0.009 0"><span class='ocrx_word' id='word_1_1' title='bbox 1168 401 1285 452; x_wconf 76' lang='lat' dir='ltr'><strong>Lm.</strong></span> <span class='ocrx_word' id='word_1_2' title='bbox 1326 400 1361 449; x_wconf 93' lang='lat' dir='ltr'><strong>l.</strong></span> <span class='ocrx_word' id='word_1_3' title='bbox 1436 400 1493 449; x_wconf 89' lang='lat' dir='ltr'><strong>C.</strong></span> <span class='ocrx_word' id='word_1_4' title='bbox 1534 400 1728 450; x_wconf 77' lang='lat' dir='ltr'><strong>XXXV.</strong></span> 
     </span>
    </p>
   </div>
   <div class='ocr_carea' id='block_1_2' title="bbox 2489 394 2609 458">
    <p class='ocr_par' dir='ltr' id='par_1_2' title="bbox 2489 394 2609 458">
     <span class='ocr_line' id='line_1_2' title="bbox 2489 394 2609 458; baseline 0 0"><span class='ocrx_word' id='word_1_5' title='bbox 2489 394 2609 458; x_wconf 70' lang='lat'><strong>⁴89</strong></span> 
     </span>
    </p>
   </div>
   <div class='ocr_carea' id='block_1_3' title="bbox 862 555 1956 766">
    <p class='ocr_par' dir='ltr' id='par_1_3' title="bbox 862 555 1956 766">
     <span class='ocr_line' id='line_1_3' title="bbox 862 555 1872 644; baseline -0.004 -21"><span class='ocrx_word' id='word_1_6' title='bbox 862 558 1248 644; x_wconf 77' lang='lat' dir='ltr'><strong>Quicunque</strong></span> <span class='ocrx_word' id='word_1_7' title='bbox 1291 555 1567 643; x_wconf 84' lang='lat' dir='ltr'><strong>Bithyna</strong></span> <span class='ocrx_word' id='word_1_8' title='bbox 1609 555 1872 622; x_wconf 82' lang='lat' dir='ltr'><strong>lacessit</strong></span> 
     </span>
     <span class='ocr_line' id='line_1_4' title="bbox 947 677 1956 766; baseline -0.004 -20"><span class='ocrx_word' id='word_1_9' title='bbox 947 677 1362 765; x_wconf 80' lang='lat' dir='ltr'><strong>Carpathium</strong></span> <span class='ocrx_word' id='word_1_10' title='bbox 1402 677 1675 766; x_wconf 82' lang='lat' dir='ltr'><strong>pelagus</strong></span> <span class='ocrx_word' id='word_1_11' title='bbox 1720 677 1956 743; x_wconf 89' lang='lat' dir='ltr'><strong>carina.</strong></span> 
     </span>
    </p>
   </div>
   <div class='ocr_carea' id='block_1_4' title="bbox 774 822 2130 925">
    <p class='ocr_par' dir='ltr' id='par_1_4' title="bbox 774 822 2130 925">
     <span class='ocr_line' id='line_1_5' title="bbox 774 822 2130 925; baseline -0.001 -22"><span class='ocrx_word' id='word_1_12' title='bbox 774 840 858 905; x_wconf 84' lang='lat' dir='ltr'><strong>Te</strong></span> <span class='ocrx_word' id='word_1_13' title='bbox 902 839 1116 904; x_wconf 86' lang='lat' dir='ltr'><strong>Dacus</strong></span> <span class='ocrx_word' id='word_1_14' title='bbox 1161 859 1355 925; x_wconf 87' lang='lat' dir='ltr'><strong>asper</strong></span> <span class='ocrx_word' id='word_1_15' title='bbox 1378 822 1403 912; x_wconf 44' lang='lat'><strong>,⁸</strong></span> <span class='ocrx_word' id='word_1_16' title='bbox 1440 848 1503 903; x_wconf 90' lang='lat' dir='ltr'><strong>te</strong></span> <span class='ocrx_word' id='word_1_17' title='bbox 1548 835 1801 924; x_wconf 80' lang='lat' dir='ltr'><strong>profugi</strong></span> <span class='ocrx_word' id='word_1_18' title='bbox 1848 833 2130 924; x_wconf 80' lang='lat' dir='ltr'><strong>Scythae</strong></span> 
     </span>
    </p>
   </div>
   <div class='ocr_carea' id='block_1_5' title="bbox 776 952 2146 1046">
    <p class='ocr_par' dir='ltr' id='par_1_5' title="bbox 776 952 2146 1046">
     <span class='ocr_line' id='line_1_6' title="bbox 776 952 2146 1046; baseline -0.004 -20"><span class='ocrx_word' id='word_1_19' title='bbox 776 958 1113 1046; x_wconf 89' lang='lat' dir='ltr'><strong>Urbesque</strong></span> <span class='ocrx_word' id='word_1_20' title='bbox 1158 952 1516 1046; x_wconf 82' lang='lat' dir='ltr'><strong>gentesque</strong></span> <span class='ocrx_word' id='word_1_21' title='bbox 1561 967 1628 1025; x_wconf 87' lang='lat' dir='ltr'><strong>et</strong></span> <span class='ocrx_word' id='word_1_22' title='bbox 1669 957 1919 1023; x_wconf 88' lang='lat' dir='ltr'><strong>Latium</strong></span> <span class='ocrx_word' id='word_1_23' title='bbox 1964 956 2146 1022; x_wconf 80' lang='lat' dir='ltr'><strong>ferox</strong></span> 
     </span>
    </p>
   </div>
   <div class='ocr_carea' id='block_1_6' title="bbox 2528 956 2607 1020">
    <p class='ocr_par' dir='ltr' id='par_1_6' title="bbox 2528 956 2607 1020">
     <span class='ocr_line' id='line_1_7' title="bbox 2528 956 2607 1020; baseline 0 0"><span class='ocrx_word' id='word_1_24' title='bbox 2528 956 2607 1020; x_wconf 71' lang='lat'><strong>⁴0</strong></span> 
     </span>
    </p>
   </div>
   <div class='ocr_carea' id='block_1_7' title="bbox 862 1077 2105 1290">
    <p class='ocr_par' dir='ltr' id='par_1_7' title="bbox 862 1077 2105 1290">
     <span class='ocr_line' id='line_1_8' title="bbox 862 1077 2105 1168; baseline -0.003 -22"><span class='ocrx_word' id='word_1_25' title='bbox 862 1082 1240 1168; x_wconf 80' lang='lat' dir='ltr'><strong>Regumque</strong></span> <span class='ocrx_word' id='word_1_26' title='bbox 1288 1088 1524 1146; x_wconf 86' lang='lat' dir='ltr'><strong>matres</strong></span> <span class='ocrx_word' id='word_1_27' title='bbox 1568 1077 1995 1145; x_wconf 86' lang='lat' dir='ltr'><strong>barbarorum</strong></span> <span class='ocrx_word' id='word_1_28' title='bbox 2040 1088 2105 1143; x_wconf 90' lang='lat' dir='ltr'><strong>et</strong></span> 
     </span>
     <span class='ocr_line' id='line_1_9' title="bbox 940 1200 1924 1290; baseline -0.002 -24"><span class='ocrx_word' id='word_1_29' title='bbox 940 1200 1257 1288; x_wconf 89' lang='lat' dir='ltr'><strong>Purpurei</strong></span> <span class='ocrx_word' id='word_1_30' title='bbox 1302 1209 1594 1267; x_wconf 89' lang='lat' dir='ltr'><strong>metuunt</strong></span> <span class='ocrx_word' id='word_1_31' title='bbox 1636 1200 1924 1290; x_wconf 84' lang='lat' dir='ltr'><strong>tyranni,</strong></span> 
     </span>
    </p>
   </div>
   <div class='ocr_carea' id='block_1_8' title="bbox 420 1433 1483 4331">
    <p class='ocr_par' dir='ltr' id='par_1_8' title="bbox 428 1433 1483 2170">
     <span class='ocr_line' id='line_1_10' title="bbox 431 1433 1480 1498; baseline -0.004 -10"><span class='ocrx_word' id='word_1_32' title='bbox 431 1442 607 1488; x_wconf 90' lang='lat' dir='ltr'><strong>terum</strong></span> <span class='ocrx_word' id='word_1_33' title='bbox 630 1442 676 1487; x_wconf 82' lang='lat' dir='ltr'><strong>te</strong></span> <span class='ocrx_word' id='word_1_34' title='bbox 691 1437 946 1487; x_wconf 78' lang='lat' dir='ltr'><strong>dominam</strong></span> <span class='ocrx_word' id='word_1_35' title='bbox 967 1436 1202 1497; x_wconf 74' lang='lat' dir='ltr'><strong>aequoris</strong></span> <span class='ocrx_word' id='word_1_36' title='bbox 1216 1433 1480 1498; x_wconf 79' lang='lat' dir='ltr'><strong>generalis</strong></span> 
     </span>
     <span class='ocr_line' id='line_1_11' title="bbox 432 1508 1475 1574; baseline -0.004 -13"><span class='ocrx_word' id='word_1_37' title='bbox 432 1514 515 1561; x_wconf 88' lang='lat' dir='ltr'><strong>est</strong></span> <span class='ocrx_word' id='word_1_38' title='bbox 536 1512 796 1561; x_wconf 85' lang='lat' dir='ltr'><strong>sententia</strong></span> <span class='ocrx_word' id='word_1_39' title='bbox 820 1523 995 1574; x_wconf 89' lang='lat' dir='ltr'><strong>neque</strong></span> <span class='ocrx_word' id='word_1_40' title='bbox 1019 1522 1148 1559; x_wconf 86' lang='lat' dir='ltr'><strong>vero</strong></span> <span class='ocrx_word' id='word_1_41' title='bbox 1172 1508 1277 1558; x_wconf 90' lang='lat' dir='ltr'><strong>ullo</strong></span> <span class='ocrx_word' id='word_1_42' title='bbox 1300 1511 1475 1573; x_wconf 86' lang='lat' dir='ltr'><strong>pacto,</strong></span> 
     </span>
     <span class='ocr_line' id='line_1_12' title="bbox 431 1583 1481 1645; baseline -0.004 -10"><span class='ocrx_word' id='word_1_43' title='bbox 431 1587 492 1635; x_wconf 90' lang='lat' dir='ltr'><strong>ut</strong></span> <span class='ocrx_word' id='word_1_44' title='bbox 546 1583 776 1635; x_wconf 81' lang='lat' dir='ltr'><strong>nonnulli</strong></span> <span class='ocrx_word' id='word_1_45' title='bbox 839 1583 1120 1634; x_wconf 77' lang='lat' dir='ltr'><strong>voluerunt</strong></span> <span class='ocrx_word' id='word_1_46' title='bbox 1142 1621 1154 1643; x_wconf 91' lang='lat'><em>,</em></span> <span class='ocrx_word' id='word_1_47' title='bbox 1221 1583 1481 1645; x_wconf 82' lang='lat' dir='ltr'><strong>significat</strong></span> 
     </span>
     <span class='ocr_line' id='line_1_13' title="bbox 428 1659 1482 1723; baseline -0.001 -15"><span class='ocrx_word' id='word_1_48' title='bbox 428 1660 661 1723; x_wconf 82' lang='lat' dir='ltr'><strong>priscam</strong></span> <span class='ocrx_word' id='word_1_49' title='bbox 706 1660 988 1710; x_wconf 81' lang='lat' dir='ltr'><strong>Antiatium</strong></span> <span class='ocrx_word' id='word_1_50' title='bbox 1023 1671 1053 1707; x_wconf 87' lang='lat' dir='ltr'><strong>a</strong></span> <span class='ocrx_word' id='word_1_51' title='bbox 1089 1659 1316 1708; x_wconf 78' lang='lat' dir='ltr'><strong>Fortuna</strong></span> <span class='ocrx_word' id='word_1_52' title='bbox 1353 1670 1482 1721; x_wconf 88' lang='lat' dir='ltr'><strong>pro-</strong></span> 
     </span>
     <span class='ocr_line' id='line_1_14' title="bbox 431 1729 1480 1799; baseline -0.001 -16"><span class='ocrx_word' id='word_1_53' title='bbox 431 1736 691 1784; x_wconf 88' lang='lat' dir='ltr'><strong>tectorum</strong></span> <span class='ocrx_word' id='word_1_54' title='bbox 727 1735 1017 1799; x_wconf 86' lang='lat' dir='ltr'><strong>potentiam</strong></span> <span class='ocrx_word' id='word_1_55' title='bbox 1050 1733 1371 1783; x_wconf 87' lang='lat' dir='ltr'><strong>maritimam</strong></span> <span class='ocrx_word' id='word_1_56' title='bbox 1394 1729 1480 1782; x_wconf 83' lang='lat' dir='ltr'><strong>vel</strong></span> 
     </span>
     <span class='ocr_line' id='line_1_15' title="bbox 432 1806 1479 1859; baseline 0 -2"><span class='ocrx_word' id='word_1_57' title='bbox 432 1809 593 1858; x_wconf 88' lang='lat' dir='ltr'><strong>etiam</strong></span> <span class='ocrx_word' id='word_1_58' title='bbox 630 1810 975 1859; x_wconf 82' lang='lat' dir='ltr'><strong>Fortunarum</strong></span> <span class='ocrx_word' id='word_1_59' title='bbox 1009 1808 1296 1857; x_wconf 81' lang='lat' dir='ltr'><strong>Antiatium</strong></span> <span class='ocrx_word' id='word_1_60' title='bbox 1330 1806 1479 1857; x_wconf 85' lang='lat' dir='ltr'><strong>aedis</strong></span> 
     </span>
     <span class='ocr_line' id='line_1_16' title="bbox 430 1880 1483 1947; baseline -0.002 -14"><span class='ocrx_word' id='word_1_61' title='bbox 430 1883 592 1933; x_wconf 87' lang='lat' dir='ltr'><strong>situm</strong></span> <span class='ocrx_word' id='word_1_62' title='bbox 610 1883 677 1932; x_wconf 88' lang='lat' dir='ltr'><strong>ad</strong></span> <span class='ocrx_word' id='word_1_63' title='bbox 697 1896 862 1933; x_wconf 83' lang='lat' dir='ltr'><strong>mare.</strong></span> <span class='ocrx_word' id='word_1_64' title='bbox 892 1880 1157 1947; x_wconf 79' lang='lat' dir='ltr'><strong>(Martialis</strong></span> <span class='ocrx_word' id='word_1_65' title='bbox 1170 1883 1218 1939; x_wconf 78' lang='lat'><strong>5,</strong></span> <span class='ocrx_word' id='word_1_66' title='bbox 1243 1883 1290 1942; x_wconf 83' lang='grc'><strong>4,</strong></span> <span class='ocrx_word' id='word_1_67' title='bbox 1311 1881 1359 1931; x_wconf 86' lang='lat'><strong>3:</strong></span> <span class='ocrx_word' id='word_1_68' title='bbox 1382 1881 1483 1931; x_wconf 82' lang='lat' dir='ltr'><strong>Seu</strong></span> 
     </span>
     <span class='ocr_line' id='line_1_17' title="bbox 430 1958 1477 2019; baseline -0.002 -13"><span class='ocrx_word' id='word_1_69' title='bbox 430 1962 520 2006; x_wconf 81' lang='lat' dir='ltr'><strong>tua</strong></span> <span class='ocrx_word' id='word_1_70' title='bbox 536 1958 787 2006; x_wconf 71' lang='lat' dir='ltr'><strong>veridicae</strong></span> <span class='ocrx_word' id='word_1_71' title='bbox 802 1958 995 2006; x_wconf 72' lang='lat' dir='ltr'><strong>discunt</strong></span> <span class='ocrx_word' id='word_1_72' title='bbox 1011 1970 1247 2019; x_wconf 76' lang='lat' dir='ltr'><strong>responsa</strong></span> <span class='ocrx_word' id='word_1_73' title='bbox 1264 1969 1477 2017; x_wconf 76' lang='lat' dir='ltr'><strong>sorores,</strong></span> 
     </span>
     <span class='ocr_line' id='line_1_18' title="bbox 429 2031 1474 2094; baseline -0.001 -13"><span class='ocrx_word' id='word_1_74' title='bbox 429 2032 590 2081; x_wconf 80' lang='lat' dir='ltr'><strong>Plana</strong></span> <span class='ocrx_word' id='word_1_75' title='bbox 610 2032 883 2081; x_wconf 73' lang='lat' dir='ltr'><strong>suburbani</strong></span> <span class='ocrx_word' id='word_1_76' title='bbox 906 2044 1007 2094; x_wconf 84' lang='lat' dir='ltr'><strong>qua</strong></span> <span class='ocrx_word' id='word_1_77' title='bbox 1026 2031 1175 2080; x_wconf 78' lang='lat' dir='ltr'><strong>cubat</strong></span> <span class='ocrx_word' id='word_1_78' title='bbox 1189 2032 1328 2080; x_wconf 77' lang='lat' dir='ltr'><strong>unda</strong></span> <span class='ocrx_word' id='word_1_79' title='bbox 1341 2031 1474 2092; x_wconf 77' lang='lat' dir='ltr'><strong>freti.</strong></span> 
     </span>
     <span class='ocr_line' id='line_1_19' title="bbox 430 2105 1437 2170; baseline -0.002 -14"><span class='ocrx_word' id='word_1_80' title='bbox 430 2105 548 2156; x_wconf 92' lang='lat' dir='ltr'><strong>coll.</strong></span> <span class='ocrx_word' id='word_1_81' title='bbox 577 2105 752 2170; x_wconf 85' lang='lat' dir='ltr'><strong>Nibby</strong></span> <span class='ocrx_word' id='word_1_82' title='bbox 780 2107 875 2156; x_wconf 80' lang='lat'><strong>689</strong></span> <span class='ocrx_word' id='word_1_83' title='bbox 906 2107 1113 2169; x_wconf 66' lang='lat' dir='ltr'><strong>Wayqio</strong></span> <span class='ocrx_word' id='word_1_84' title='bbox 1137 2107 1197 2155; x_wconf 93' lang='lat'><strong>11.</strong></span> <span class='ocrx_word' id='word_1_85' title='bbox 1222 2118 1273 2169; x_wconf 89' lang='lat' dir='ltr'><strong>p.</strong></span> <span class='ocrx_word' id='word_1_86' title='bbox 1303 2106 1437 2168; x_wconf 76' lang='lat'><strong>235.)</strong></span> 
     </span>
    </p>

    <p class='ocr_par' dir='ltr' id='par_1_9' title="bbox 425 2181 1478 2987">
     <span class='ocr_line' id='line_1_20' title="bbox 494 2181 1478 2245; baseline -0.003 -14"><span class='ocrx_word' id='word_1_87' title='bbox 494 2181 542 2231; x_wconf 82' lang='lat'><strong>7.</strong></span> <span class='ocrx_word' id='word_1_88' title='bbox 580 2181 811 2245; x_wconf 71' lang='lat' dir='ltr'><strong>Bithyna]</strong></span> <span class='ocrx_word' id='word_1_89' title='bbox 848 2182 961 2230; x_wconf 91' lang='lat' dir='ltr'><strong>Non</strong></span> <span class='ocrx_word' id='word_1_90' title='bbox 1006 2181 1128 2244; x_wconf 88' lang='lat' dir='ltr'><strong>quia</strong></span> <span class='ocrx_word' id='word_1_91' title='bbox 1174 2192 1241 2228; x_wconf 87' lang='lat' dir='ltr'><strong>ex</strong></span> <span class='ocrx_word' id='word_1_92' title='bbox 1283 2192 1345 2228; x_wconf 90' lang='lat' dir='ltr'><strong>ea</strong></span> <span class='ocrx_word' id='word_1_93' title='bbox 1386 2192 1478 2229; x_wconf 90' lang='lat' dir='ltr'><strong>re-</strong></span> 
     </span>
     <span class='ocr_line' id='line_1_21' title="bbox 428 2253 1478 2318; baseline -0.002 -14"><span class='ocrx_word' id='word_1_94' title='bbox 428 2256 582 2318; x_wconf 81' lang='lat' dir='ltr'><strong>gione</strong></span> <span class='ocrx_word' id='word_1_95' title='bbox 628 2254 823 2305; x_wconf 88' lang='lat' dir='ltr'><strong>multae</strong></span> <span class='ocrx_word' id='word_1_96' title='bbox 870 2268 1081 2305; x_wconf 82' lang='lat' dir='ltr'><strong>merces</strong></span> <span class='ocrx_word' id='word_1_97' title='bbox 1122 2256 1343 2304; x_wconf 86' lang='lat' dir='ltr'><strong>Romam</strong></span> <span class='ocrx_word' id='word_1_98' title='bbox 1379 2253 1478 2303; x_wconf 90' lang='lat' dir='ltr'><strong>ad-</strong></span> 
     </span>
     <span class='ocr_line' id='line_1_22' title="bbox 426 2326 1477 2392; baseline -0.003 -14"><span class='ocrx_word' id='word_1_99' title='bbox 426 2328 788 2390; x_wconf 82' lang='lat' dir='ltr'><strong>vehebantur,</strong></span> <span class='ocrx_word' id='word_1_100' title='bbox 825 2329 922 2380; x_wconf 90' lang='lat' dir='ltr'><strong>sed</strong></span> <span class='ocrx_word' id='word_1_101' title='bbox 957 2330 1106 2379; x_wconf 85' lang='lat' dir='ltr'><strong>navis</strong></span> <span class='ocrx_word' id='word_1_102' title='bbox 1140 2330 1253 2392; x_wconf 88' lang='lat' dir='ltr'><strong>ipsa</strong></span> <span class='ocrx_word' id='word_1_103' title='bbox 1285 2326 1477 2377; x_wconf 86' lang='lat' dir='ltr'><strong>dicitur</strong></span> 
     </span>
     <span class='ocr_line' id='line_1_23' title="bbox 430 2401 1475 2466; baseline -0.002 -13"><span class='ocrx_word' id='word_1_104' title='bbox 430 2406 731 2453; x_wconf 85' lang='lat' dir='ltr'><strong>constructa</strong></span> <span class='ocrx_word' id='word_1_105' title='bbox 756 2417 819 2453; x_wconf 82' lang='lat' dir='ltr'><strong>ex</strong></span> <span class='ocrx_word' id='word_1_106' title='bbox 842 2403 1120 2466; x_wconf 80' lang='lat' dir='ltr'><strong>Bithynico</strong></span> <span class='ocrx_word' id='word_1_107' title='bbox 1144 2401 1310 2465; x_wconf 87' lang='lat' dir='ltr'><strong>ligno;</strong></span> <span class='ocrx_word' id='word_1_108' title='bbox 1350 2414 1475 2452; x_wconf 89' lang='lat' dir='ltr'><strong>nam</strong></span> 
     </span>
     <span class='ocr_line' id='line_1_24' title="bbox 427 2475 1476 2543; baseline -0.002 -16"><span class='ocrx_word' id='word_1_109' title='bbox 427 2479 707 2529; x_wconf 87' lang='lat' dir='ltr'><strong>materiem</strong></span> <span class='ocrx_word' id='word_1_110' title='bbox 759 2480 939 2543; x_wconf 85' lang='lat' dir='ltr'><strong>aptam</strong></span> <span class='ocrx_word' id='word_1_111' title='bbox 985 2478 1054 2528; x_wconf 90' lang='lat' dir='ltr'><strong>ad</strong></span> <span class='ocrx_word' id='word_1_112' title='bbox 1100 2491 1266 2528; x_wconf 78' lang='lat' dir='ltr'><strong>naves</strong></span> <span class='ocrx_word' id='word_1_113' title='bbox 1310 2475 1476 2527; x_wconf 86' lang='lat' dir='ltr'><strong>sabri-</strong></span> 
     </span>
     <span class='ocr_line' id='line_1_25' title="bbox 428 2552 1472 2617; baseline -0.002 -15"><span class='ocrx_word' id='word_1_114' title='bbox 428 2552 628 2602; x_wconf 86' lang='lat' dir='ltr'><strong>candas</strong></span> <span class='ocrx_word' id='word_1_115' title='bbox 650 2553 983 2617; x_wconf 87' lang='lat' dir='ltr'><strong>praebebant</strong></span> <span class='ocrx_word' id='word_1_116' title='bbox 1008 2552 1171 2604; x_wconf 87' lang='lat' dir='ltr'><strong>silvae</strong></span> <span class='ocrx_word' id='word_1_117' title='bbox 1196 2552 1472 2614; x_wconf 79' lang='lat' dir='ltr'><strong>Bithyniae</strong></span> 
     </span>
     <span class='ocr_line' id='line_1_26' title="bbox 429 2626 1473 2692; baseline -0.003 -15"><span class='ocrx_word' id='word_1_118' title='bbox 429 2629 483 2677; x_wconf 89' lang='lat' dir='ltr'><strong>et</strong></span> <span class='ocrx_word' id='word_1_119' title='bbox 529 2629 693 2676; x_wconf 88' lang='lat' dir='ltr'><strong>Ponti.</strong></span> <span class='ocrx_word' id='word_1_120' title='bbox 749 2655 803 2663; x_wconf 94' lang='lat'>—</span> <span class='ocrx_word' id='word_1_121' title='bbox 851 2628 1059 2692; x_wconf 76' lang='lat' dir='ltr'><strong>lacessit]</strong></span> <span class='ocrx_word' id='word_1_122' title='bbox 1107 2627 1290 2677; x_wconf 86' lang='lat' dir='ltr'><strong>Omnis</strong></span> <span class='ocrx_word' id='word_1_123' title='bbox 1329 2626 1473 2676; x_wconf 90' lang='lat' dir='ltr'><strong>enim</strong></span> 
     </span>
     <span class='ocr_line' id='line_1_27' title="bbox 428 2701 1475 2766; baseline -0.002 -16"><span class='ocrx_word' id='word_1_124' title='bbox 428 2704 587 2750; x_wconf 84' lang='lat' dir='ltr'><strong>nauta</strong></span> <span class='ocrx_word' id='word_1_125' title='bbox 630 2701 822 2752; x_wconf 83' lang='lat' dir='ltr'><strong>fluctus</strong></span> <span class='ocrx_word' id='word_1_126' title='bbox 861 2705 1159 2766; x_wconf 87' lang='lat' dir='ltr'><strong>ventosque</strong></span> <span class='ocrx_word' id='word_1_127' title='bbox 1195 2701 1263 2750; x_wconf 89' lang='lat' dir='ltr'><strong>ad</strong></span> <span class='ocrx_word' id='word_1_128' title='bbox 1298 2701 1475 2750; x_wconf 82' lang='lat' dir='ltr'><strong>certa-</strong></span> 
     </span>
     <span class='ocr_line' id='line_1_28' title="bbox 425 2775 1478 2837; baseline -0.003 -13"><span class='ocrx_word' id='word_1_129' title='bbox 425 2785 552 2825; x_wconf 89' lang='lat' dir='ltr'><strong>men</strong></span> <span class='ocrx_word' id='word_1_130' title='bbox 570 2788 755 2825; x_wconf 90' lang='lat' dir='ltr'><strong>secum</strong></span> <span class='ocrx_word' id='word_1_131' title='bbox 772 2775 1064 2826; x_wconf 89' lang='lat' dir='ltr'><strong>ineundum</strong></span> <span class='ocrx_word' id='word_1_132' title='bbox 1082 2776 1338 2826; x_wconf 88' lang='lat' dir='ltr'><strong>audacter</strong></span> <span class='ocrx_word' id='word_1_133' title='bbox 1355 2787 1478 2837; x_wconf 90' lang='lat' dir='ltr'><strong>pro-</strong></span> 
     </span>
     <span class='ocr_line' id='line_1_29' title="bbox 426 2848 1477 2910; baseline -0.001 -13"><span class='ocrx_word' id='word_1_134' title='bbox 426 2850 598 2898; x_wconf 83' lang='lat' dir='ltr'><strong>vocat.</strong></span> <span class='ocrx_word' id='word_1_135' title='bbox 668 2850 815 2899; x_wconf 81' lang='lat' dir='ltr'><strong>Ovid.</strong></span> <span class='ocrx_word' id='word_1_136' title='bbox 854 2852 1067 2901; x_wconf 79' lang='lat' dir='ltr'><strong>Metam.</strong></span> <span class='ocrx_word' id='word_1_137' title='bbox 1108 2850 1162 2910; x_wconf 84' lang='grc'><strong>4,</strong></span> <span class='ocrx_word' id='word_1_138' title='bbox 1201 2848 1322 2900; x_wconf 69' lang='grc' dir='ltr'><strong>434ι</strong></span> <span class='ocrx_word' id='word_1_139' title='bbox 1360 2849 1477 2898; x_wconf 72' lang='lat' dir='ltr'><strong>Flu»-</strong></span> 
     </span>
     <span class='ocr_line' id='line_1_30' title="bbox 425 2923 1386 2987; baseline 0 -16"><span class='ocrx_word' id='word_1_140' title='bbox 425 2923 584 2972; x_wconf 75' lang='lat' dir='ltr'><strong>ettbus</strong></span> <span class='ocrx_word' id='word_1_141' title='bbox 612 2924 796 2987; x_wconf 66' lang='lat' dir='ltr'><strong>iynotis</strong></span> <span class='ocrx_word' id='word_1_142' title='bbox 829 2926 1130 2974; x_wconf 79' lang='lat' dir='ltr'><strong>insultavere</strong></span> <span class='ocrx_word' id='word_1_143' title='bbox 1161 2925 1386 2973; x_wconf 78' lang='lat' dir='ltr'><strong>carinae.</strong></span> 
     </span>
    </p>

    <p class='ocr_par' dir='ltr' id='par_1_10' title="bbox 424 2997 1473 3289">
     <span class='ocr_line' id='line_1_31' title="bbox 491 2997 1468 3064; baseline 0.001 -18"><span class='ocrx_word' id='word_1_144' title='bbox 491 2997 539 3046; x_wconf 89' lang='lat'><strong>8.</strong></span> <span class='ocrx_word' id='word_1_145' title='bbox 610 2999 952 3064; x_wconf 69' lang='lat' dir='ltr'><strong>Carpathium]</strong></span> <span class='ocrx_word' id='word_1_146' title='bbox 997 3013 1027 3048; x_wconf 89' lang='lat' dir='ltr'><strong>a</strong></span> <span class='ocrx_word' id='word_1_147' title='bbox 1071 3000 1335 3062; x_wconf 86' lang='lat' dir='ltr'><strong>Carpatho</strong></span> <span class='ocrx_word' id='word_1_148' title='bbox 1390 2997 1468 3060; x_wconf 92' lang='lat' dir='ltr'><strong>(h.</strong></span> 
     </span>
     <span class='ocr_line' id='line_1_32' title="bbox 425 3072 1473 3138; baseline 0.001 -17"><span class='ocrx_word' id='word_1_149' title='bbox 425 3072 729 3138; x_wconf 70' lang='lat' dir='ltr'><strong>Scan-panto)</strong></span> <span class='ocrx_word' id='word_1_150' title='bbox 762 3073 931 3125; x_wconf 90' lang='lat' dir='ltr'><strong>insula</strong></span> <span class='ocrx_word' id='word_1_151' title='bbox 966 3076 1104 3125; x_wconf 88' lang='lat' dir='ltr'><strong>inter</strong></span> <span class='ocrx_word' id='word_1_152' title='bbox 1135 3073 1381 3125; x_wconf 87' lang='lat' dir='ltr'><strong>Rhodum</strong></span> <span class='ocrx_word' id='word_1_153' title='bbox 1419 3075 1473 3122; x_wconf 88' lang='lat' dir='ltr'><strong>et</strong></span> 
     </span>
     <span class='ocr_line' id='line_1_33' title="bbox 427 3144 1472 3219; baseline 0.002 -23"><span class='ocrx_word' id='word_1_154' title='bbox 427 3147 666 3206; x_wconf 79' lang='lat' dir='ltr'><strong>Cretam3</strong></span> <span class='ocrx_word' id='word_1_155' title='bbox 715 3150 875 3199; x_wconf 88' lang='lat' dir='ltr'><strong>etiam</strong></span> <span class='ocrx_word' id='word_1_156' title='bbox 910 3150 1097 3199; x_wconf 90' lang='lat' dir='ltr'><strong>Graeci</strong></span> <span class='ocrx_word' id='word_1_157' title='bbox 1130 3144 1472 3219; x_wconf 75' lang='grc' dir='ltr'><strong><em>Καρπὰθιον</em></strong></span> 
     </span>
     <span class='ocr_line' id='line_1_34' title="bbox 424 3219 687 3289; baseline 0.004 -18"><span class='ocrx_word' id='word_1_158' title='bbox 424 3219 687 3289; x_wconf 77' lang='grc' dir='ltr'><strong>πέλαγος.</strong></span> 
     </span>
    </p>

    <p class='ocr_par' dir='ltr' id='par_1_11' title="bbox 420 3297 1476 4331">
     <span class='ocr_line' id='line_1_35' title="bbox 488 3297 1473 3361; baseline 0 -15"><span class='ocrx_word' id='word_1_159' title='bbox 488 3298 536 3346; x_wconf 89' lang='grc'><strong>9.</strong></span> <span class='ocrx_word' id='word_1_160' title='bbox 574 3299 704 3347; x_wconf 80' lang='lat' dir='ltr'><strong>Daci</strong></span> <span class='ocrx_word' id='word_1_161' title='bbox 747 3300 872 3347; x_wconf 88' lang='lat' dir='ltr'><strong>tunc</strong></span> <span class='ocrx_word' id='word_1_162' title='bbox 918 3298 1176 3361; x_wconf 87' lang='lat' dir='ltr'><strong>temporis</strong></span> <span class='ocrx_word' id='word_1_163' title='bbox 1216 3297 1473 3347; x_wconf 88' lang='lat' dir='ltr'><strong>incursio-</strong></span> 
     </span>
     <span class='ocr_line' id='line_1_36' title="bbox 425 3369 1472 3422; baseline -0.001 -1"><span class='ocrx_word' id='word_1_164' title='bbox 425 3370 581 3422; x_wconf 86' lang='lat' dir='ltr'><strong>nibus</strong></span> <span class='ocrx_word' id='word_1_165' title='bbox 619 3385 814 3422; x_wconf 80' lang='lat' dir='ltr'><strong>vexare</strong></span> <span class='ocrx_word' id='word_1_166' title='bbox 853 3369 1100 3422; x_wconf 88' lang='lat' dir='ltr'><strong>solebant</strong></span> <span class='ocrx_word' id='word_1_167' title='bbox 1132 3374 1333 3422; x_wconf 88' lang='lat' dir='ltr'><strong>vicinas</strong></span> <span class='ocrx_word' id='word_1_168' title='bbox 1367 3372 1472 3420; x_wconf 86' lang='lat' dir='ltr'><strong>im-</strong></span> 
     </span>
     <span class='ocr_line' id='line_1_37' title="bbox 422 3446 1471 3510; baseline 0 -14"><span class='ocrx_word' id='word_1_169' title='bbox 422 3447 556 3510; x_wconf 88' lang='lat' dir='ltr'><strong>perii</strong></span> <span class='ocrx_word' id='word_1_170' title='bbox 590 3447 811 3497; x_wconf 84' lang='lat' dir='ltr'><strong>Romani</strong></span> <span class='ocrx_word' id='word_1_171' title='bbox 857 3448 1119 3510; x_wconf 84' lang='lat' dir='ltr'><strong>regiones.</strong></span> <span class='ocrx_word' id='word_1_172' title='bbox 1202 3449 1374 3510; x_wconf 80' lang='lat' dir='ltr'><strong>Atque</strong></span> <span class='ocrx_word' id='word_1_173' title='bbox 1418 3446 1471 3496; x_wconf 92' lang='lat' dir='ltr'><strong>in</strong></span> 
     </span>
     <span class='ocr_line' id='line_1_38' title="bbox 422 3520 1466 3584; baseline -0.003 -12"><span class='ocrx_word' id='word_1_174' title='bbox 422 3521 491 3572; x_wconf 74' lang='lat' dir='ltr'><strong>M.</strong></span> <span class='ocrx_word' id='word_1_175' title='bbox 518 3520 726 3571; x_wconf 82' lang='lat' dir='ltr'><strong>Antonii</strong></span> <span class='ocrx_word' id='word_1_176' title='bbox 750 3522 909 3571; x_wconf 85' lang='lat' dir='ltr'><strong>sociis</strong></span> <span class='ocrx_word' id='word_1_177' title='bbox 946 3521 1168 3570; x_wconf 74' lang='lat' dir='ltr'><strong>fuerant.</strong></span> <span class='ocrx_word' id='word_1_178' title='bbox 1205 3521 1347 3584; x_wconf 79' lang='lat' dir='ltr'><strong>virg.</strong></span> <span class='ocrx_word' id='word_1_179' title='bbox 1376 3523 1466 3570; x_wconf 90' lang='lat' dir='ltr'><strong>Ge.</strong></span> 
     </span>
     <span class='ocr_line' id='line_1_39' title="bbox 421 3594 1475 3656; baseline -0.002 -10"><span class='ocrx_word' id='word_1_180' title='bbox 421 3596 473 3656; x_wconf 69' lang='grc' dir='ltr'><strong>Ξ,</strong></span> <span class='ocrx_word' id='word_1_181' title='bbox 495 3594 618 3645; x_wconf 77' lang='lat'>497:</span> <span class='ocrx_word' id='word_1_182' title='bbox 654 3596 753 3645; x_wconf 75' lang='lat' dir='ltr'><strong>Aut</strong></span> <span class='ocrx_word' id='word_1_183' title='bbox 773 3596 1036 3645; x_wconf 77' lang='lat' dir='ltr'><strong>coniurato</strong></span> <span class='ocrx_word' id='word_1_184' title='bbox 1059 3596 1350 3644; x_wconf 78' lang='lat' dir='ltr'><strong>descendens</strong></span> <span class='ocrx_word' id='word_1_185' title='bbox 1365 3595 1475 3644; x_wconf 79' lang='lat' dir='ltr'><strong>Da·-</strong></span> 
     </span>
     <span class='ocr_line' id='line_1_40' title="bbox 421 3668 1469 3733; baseline -0.001 -14"><span class='ocrx_word' id='word_1_186' title='bbox 421 3683 511 3719; x_wconf 81' lang='lat' dir='ltr'><strong>cus</strong></span> <span class='ocrx_word' id='word_1_187' title='bbox 532 3668 595 3718; x_wconf 88' lang='lat' dir='ltr'><strong>ab</strong></span> <span class='ocrx_word' id='word_1_188' title='bbox 621 3669 763 3718; x_wconf 81' lang='lat' dir='ltr'><strong>Istro.</strong></span> <span class='ocrx_word' id='word_1_189' title='bbox 796 3669 877 3719; x_wconf 87' lang='lat' dir='ltr'><strong>Ad</strong></span> <span class='ocrx_word' id='word_1_190' title='bbox 905 3671 1090 3730; x_wconf 82' lang='lat' dir='ltr'><strong>Dacos,</strong></span> <span class='ocrx_word' id='word_1_191' title='bbox 1114 3682 1240 3733; x_wconf 92' lang='lat' dir='ltr'><strong>pop.</strong></span> <span class='ocrx_word' id='word_1_192' title='bbox 1269 3672 1469 3729; x_wconf 73' lang='lat' dir='ltr'><strong>Germ,</strong></span> 
     </span>
     <span class='ocr_line' id='line_1_41' title="bbox 422 3727 1474 3810; baseline -0.003 -15"><span class='ocrx_word' id='word_1_193' title='bbox 422 3746 596 3796; x_wconf 74' lang='lat' dir='ltr'><strong>Dauos</strong></span> <span class='ocrx_word' id='word_1_194' title='bbox 608 3743 843 3810; x_wconf 88' lang='lat' dir='ltr'><strong>quodam</strong></span> <span class='ocrx_word' id='word_1_195' title='bbox 854 3727 1019 3795; x_wconf 63' lang='lat' dir='ltr'><strong>Pnodo</strong></span> <span class='ocrx_word' id='word_1_196' title='bbox 1031 3745 1299 3810; x_wconf 87' lang='lat' dir='ltr'><strong>pertinere</strong></span> <span class='ocrx_word' id='word_1_197' title='bbox 1315 3744 1474 3794; x_wconf 90' lang='lat' dir='ltr'><strong>docet</strong></span> 
     </span>
     <span class='ocr_line' id='line_1_42' title="bbox 420 3819 1472 3883; baseline -0.001 -14"><span class='ocrx_word' id='word_1_198' title='bbox 420 3821 467 3869; x_wconf 84' lang='lat' dir='ltr'><strong>J.</strong></span> <span class='ocrx_word' id='word_1_199' title='bbox 496 3822 696 3870; x_wconf 90' lang='lat' dir='ltr'><strong>Grimm</strong></span> <span class='ocrx_word' id='word_1_200' title='bbox 733 3820 903 3869; x_wconf 71' lang='lat' dir='ltr'><strong>Geseh.</strong></span> <span class='ocrx_word' id='word_1_201' title='bbox 931 3820 977 3868; x_wconf 86' lang='lat' dir='ltr'><strong>d.</strong></span> <span class='ocrx_word' id='word_1_202' title='bbox 1006 3820 1054 3869; x_wconf 82' lang='lat' dir='ltr'><strong>d.</strong></span> <span class='ocrx_word' id='word_1_203' title='bbox 1082 3819 1198 3881; x_wconf 80' lang='lat' dir='ltr'><strong>Spr.</strong></span> <span class='ocrx_word' id='word_1_204' title='bbox 1228 3820 1265 3868; x_wconf 92' lang='lat' dir='ltr'><strong>l.</strong></span> <span class='ocrx_word' id='word_1_205' title='bbox 1294 3833 1347 3883; x_wconf 91' lang='lat' dir='ltr'><strong>p.</strong></span> <span class='ocrx_word' id='word_1_206' title='bbox 1376 3819 1472 3868; x_wconf 77' lang='lat'><strong>492</strong></span> 
     </span>
     <span class='ocr_line' id='line_1_43' title="bbox 422 3893 1468 3957; baseline -0.001 -14"><span class='ocrx_word' id='word_1_207' title='bbox 422 3895 565 3957; x_wconf 88' lang='lat' dir='ltr'><strong>sqq.)</strong></span> <span class='ocrx_word' id='word_1_208' title='bbox 622 3921 677 3930; x_wconf 90' lang='lat'><strong>-·</strong></span> <span class='ocrx_word' id='word_1_209' title='bbox 712 3893 946 3957; x_wconf 68' lang='lat' dir='ltr'><strong>proruqi]</strong></span> <span class='ocrx_word' id='word_1_210' title='bbox 1001 3893 1096 3943; x_wconf 90' lang='lat' dir='ltr'><strong>Od.</strong></span> <span class='ocrx_word' id='word_1_211' title='bbox 1150 3893 1212 3953; x_wconf 86' lang='lat'><strong>3,</strong></span> <span class='ocrx_word' id='word_1_212' title='bbox 1265 3893 1357 3954; x_wconf 64' lang='lat'><strong>24,</strong></span> <span class='ocrx_word' id='word_1_213' title='bbox 1410 3893 1468 3942; x_wconf 83' lang='lat'><strong>9:</strong></span> 
     </span>
     <span class='ocr_line' id='line_1_44' title="bbox 424 3968 1476 4031; baseline -0.003 -11"><span class='ocrx_word' id='word_1_214' title='bbox 424 3969 735 4030; x_wconf 75' lang='lat' dir='ltr'><strong>Campestres</strong></span> <span class='ocrx_word' id='word_1_215' title='bbox 750 3995 810 4005; x_wconf 92' lang='lat'><strong>--</strong></span> <span class='ocrx_word' id='word_1_216' title='bbox 825 3969 1054 4030; x_wconf 70' lang='lat' dir='ltr'><strong>Scythae,</strong></span> <span class='ocrx_word' id='word_1_217' title='bbox 1083 3970 1309 4031; x_wconf 77' lang='lat' dir='ltr'><strong>Quorum</strong></span> <span class='ocrx_word' id='word_1_218' title='bbox 1323 3968 1476 4031; x_wconf 79' lang='lat' dir='ltr'><strong>plau-</strong></span> 
     </span>
     <span class='ocr_line' id='line_1_45' title="bbox 420 4044 1474 4106; baseline 0.001 -14"><span class='ocrx_word' id='word_1_219' title='bbox 420 4049 533 4093; x_wconf 82' lang='lat' dir='ltr'><strong>stra</strong></span> <span class='ocrx_word' id='word_1_220' title='bbox 562 4056 725 4106; x_wconf 65' lang='lat' dir='ltr'><strong>vagas</strong></span> <span class='ocrx_word' id='word_1_221' title='bbox 754 4044 852 4093; x_wconf 78' lang='lat' dir='ltr'><strong>rito</strong></span> <span class='ocrx_word' id='word_1_222' title='bbox 872 4044 1080 4093; x_wconf 66' lang='lat' dir='ltr'><strong>trahunt</strong></span> <span class='ocrx_word' id='word_1_223' title='bbox 1100 4044 1286 4092; x_wconf 65' lang='lat' dir='ltr'><strong>aornos.</strong></span> <span class='ocrx_word' id='word_1_224' title='bbox 1336 4044 1474 4094; x_wconf 88' lang='lat' dir='ltr'><strong>Dicit</strong></span> 
     </span>
     <span class='ocr_line' id='line_1_46' title="bbox 422 4112 1471 4181; baseline 0.001 -14"><span class='ocrx_word' id='word_1_225' title='bbox 422 4113 560 4180; x_wconf 80' lang='grc' dir='ltr'><strong><em>τοὺς</em></strong></span> <span class='ocrx_word' id='word_1_226' title='bbox 615 4112 850 4179; x_wconf 77' lang='grc' dir='ltr'><strong><em>Σκύθας</em></strong></span> <span class='ocrx_word' id='word_1_227' title='bbox 913 4115 1321 4181; x_wconf 72' lang='grc' dir='ltr'><strong><em>πλανωμένους</em></strong></span> <span class='ocrx_word' id='word_1_228' title='bbox 1376 4117 1471 4168; x_wconf 79' lang='grc' dir='ltr'><strong>ἐπὶ</strong></span> 
     </span>
     <span class='ocr_line' id='line_1_47' title="bbox 422 4185 1471 4258; baseline 0 -17"><span class='ocrx_word' id='word_1_229' title='bbox 422 4187 534 4242; x_wconf 84' lang='grc' dir='ltr'><strong><em>τῶν</em></strong></span> <span class='ocrx_word' id='word_1_230' title='bbox 567 4185 813 4258; x_wconf 74' lang='grc' dir='ltr'><strong><em>ἁμαξῶν</em></strong></span> <span class='ocrx_word' id='word_1_231' title='bbox 846 4193 1060 4243; x_wconf 90' lang='lat' dir='ltr'><strong>Lucian.</strong></span> <span class='ocrx_word' id='word_1_232' title='bbox 1088 4193 1219 4243; x_wconf 85' lang='lat' dir='ltr'><strong>lcar.</strong></span> <span class='ocrx_word' id='word_1_233' title='bbox 1249 4193 1351 4252; x_wconf 88' lang='grc'><strong>46.,</strong></span> <span class='ocrx_word' id='word_1_234' title='bbox 1380 4193 1471 4256; x_wconf 91' lang='lat' dir='ltr'><strong>qui</strong></span> 
     </span>
     <span class='ocr_line' id='line_1_48' title="bbox 421 4266 1474 4331; baseline 0.002 -16"><span class='ocrx_word' id='word_1_235' title='bbox 421 4268 881 4331; x_wconf 87' lang='lat' dir='ltr'><strong>appropinquante</strong></span> <span class='ocrx_word' id='word_1_236' title='bbox 915 4266 1070 4318; x_wconf 89' lang='lat' dir='ltr'><strong>hoste</strong></span> <span class='ocrx_word' id='word_1_237' title='bbox 1107 4267 1158 4316; x_wconf 92' lang='lat' dir='ltr'><strong>in</strong></span> <span class='ocrx_word' id='word_1_238' title='bbox 1182 4266 1474 4317; x_wconf 86' lang='lat' dir='ltr'><strong>immensas</strong></span> 
     </span>
    </p>
   </div>
   <div class='ocr_carea' id='block_1_9' title="bbox 1543 1433 2605 4253">
    <p class='ocr_par' dir='ltr' id='par_1_12' title="bbox 1549 1433 2605 2602">
     <span class='ocr_line' id='line_1_49' title="bbox 1555 1433 2600 1501; baseline 0.003 -16"><span class='ocrx_word' id='word_1_239' title='bbox 1555 1447 1681 1485; x_wconf 88' lang='lat' dir='ltr'><strong>suas</strong></span> <span class='ocrx_word' id='word_1_240' title='bbox 1726 1433 2038 1487; x_wconf 88' lang='lat' dir='ltr'><strong>solitudines</strong></span> <span class='ocrx_word' id='word_1_241' title='bbox 2083 1434 2337 1501; x_wconf 61' lang='grc' dir='ltr'><strong>(δίφρου)</strong></span> <span class='ocrx_word' id='word_1_242' title='bbox 2382 1435 2600 1499; x_wconf 76' lang='lat' dir='ltr'><strong>abeunt,</strong></span> 
     </span>
     <span class='ocr_line' id='line_1_50' title="bbox 1556 1510 2599 1573; baseline 0.002 -14"><span class='ocrx_word' id='word_1_243' title='bbox 1556 1523 1623 1559; x_wconf 82' lang='lat' dir='ltr'><strong>ex</strong></span> <span class='ocrx_word' id='word_1_244' title='bbox 1656 1511 1827 1573; x_wconf 81' lang='lat' dir='ltr'><strong>gentis</strong></span> <span class='ocrx_word' id='word_1_245' title='bbox 1862 1518 1992 1560; x_wconf 85' lang='lat' dir='ltr'><strong>suae</strong></span> <span class='ocrx_word' id='word_1_246' title='bbox 2026 1524 2178 1561; x_wconf 89' lang='lat' dir='ltr'><strong>more</strong></span> <span class='ocrx_word' id='word_1_247' title='bbox 2212 1510 2409 1562; x_wconf 89' lang='lat' dir='ltr'><strong>nullam</strong></span> <span class='ocrx_word' id='word_1_248' title='bbox 2433 1513 2485 1561; x_wconf 89' lang='lat' dir='ltr'><strong>in</strong></span> <span class='ocrx_word' id='word_1_249' title='bbox 2511 1512 2599 1562; x_wconf 90' lang='lat' dir='ltr'><strong>tali</strong></span> 
     </span>
     <span class='ocr_line' id='line_1_51' title="bbox 1554 1584 2599 1650; baseline 0.002 -16"><span class='ocrx_word' id='word_1_250' title='bbox 1554 1584 1675 1648; x_wconf 83' lang='lat' dir='ltr'><strong>fuga</strong></span> <span class='ocrx_word' id='word_1_251' title='bbox 1721 1585 2063 1647; x_wconf 83' lang='lat' dir='ltr'><strong>ignominiam</strong></span> <span class='ocrx_word' id='word_1_252' title='bbox 2109 1599 2230 1637; x_wconf 87' lang='lat' dir='ltr'><strong>esse</strong></span> <span class='ocrx_word' id='word_1_253' title='bbox 2273 1588 2599 1650; x_wconf 87' lang='lat' dir='ltr'><strong>reputantes.</strong></span> 
     </span>
     <span class='ocr_line' id='line_1_52' title="bbox 1554 1657 2603 1723; baseline 0.004 -15"><span class='ocrx_word' id='word_1_254' title='bbox 1554 1657 1649 1708; x_wconf 81' lang='lat' dir='ltr'><strong>Alii</strong></span> <span class='ocrx_word' id='word_1_255' title='bbox 1700 1662 2055 1723; x_wconf 85' lang='lat' dir='ltr'><strong>provocantes</strong></span> <span class='ocrx_word' id='word_1_256' title='bbox 2105 1659 2171 1709; x_wconf 89' lang='lat' dir='ltr'><strong>ad</strong></span> <span class='ocrx_word' id='word_1_257' title='bbox 2229 1659 2504 1710; x_wconf 87' lang='lat' dir='ltr'><strong>Platonem</strong></span> <span class='ocrx_word' id='word_1_258' title='bbox 2549 1661 2603 1712; x_wconf 86' lang='lat' dir='ltr'><strong>ln</strong></span> 
     </span>
     <span class='ocr_line' id='line_1_53' title="bbox 1553 1734 2604 1798; baseline 0.005 -16"><span class='ocrx_word' id='word_1_259' title='bbox 1553 1734 1783 1783; x_wconf 88' lang='lat' dir='ltr'><strong>Lachete</strong></span> <span class='ocrx_word' id='word_1_260' title='bbox 1819 1747 1871 1798; x_wconf 92' lang='lat' dir='ltr'><strong>p.</strong></span> <span class='ocrx_word' id='word_1_261' title='bbox 1912 1734 2025 1784; x_wconf 81' lang='grc'><strong>494.</strong></span> <span class='ocrx_word' id='word_1_262' title='bbox 2063 1737 2124 1785; x_wconf 88' lang='lat' dir='ltr'><strong>A.</strong></span> <span class='ocrx_word' id='word_1_263' title='bbox 2171 1737 2470 1798; x_wconf 77' lang='lat' dir='ltr'><strong>exponunt:</strong></span> <span class='ocrx_word' id='word_1_264' title='bbox 2520 1738 2604 1787; x_wconf 80' lang='lat' dir='ltr'><strong>«iu</strong></span> 
     </span>
     <span class='ocr_line' id='line_1_54' title="bbox 1554 1806 2604 1872; baseline 0.003 -16"><span class='ocrx_word' id='word_1_265' title='bbox 1554 1806 1801 1870; x_wconf 76' lang='lat' dir='ltr'><strong>fugiendo</strong></span> <span class='ocrx_word' id='word_1_266' title='bbox 1835 1807 2141 1870; x_wconf 87' lang='lat' dir='ltr'><strong>iaculantes,</strong></span> <span class='ocrx_word' id='word_1_267' title='bbox 2180 1808 2410 1872; x_wconf 89' lang='lat' dir='ltr'><strong>ideoque</strong></span> <span class='ocrx_word' id='word_1_268' title='bbox 2433 1809 2604 1859; x_wconf 89' lang='lat' dir='ltr'><strong>hosti-</strong></span> 
     </span>
     <span class='ocr_line' id='line_1_55' title="bbox 1552 1880 2603 1947; baseline 0.004 -17"><span class='ocrx_word' id='word_1_269' title='bbox 1552 1880 1655 1932; x_wconf 87' lang='lat' dir='ltr'><strong>bus</strong></span> <span class='ocrx_word' id='word_1_270' title='bbox 1679 1881 2055 1941; x_wconf 77' lang='lat' dir='ltr'><strong>iormidolosi»;</strong></span> <span class='ocrx_word' id='word_1_271' title='bbox 2093 1896 2198 1946; x_wconf 90' lang='lat' dir='ltr'><strong>qua</strong></span> <span class='ocrx_word' id='word_1_272' title='bbox 2222 1884 2603 1947; x_wconf 82' lang='lat' dir='ltr'><strong>significatione</strong></span> 
     </span>
     <span class='ocr_line' id='line_1_56' title="bbox 1553 1956 2603 2020; baseline 0.005 -15"><span class='ocrx_word' id='word_1_273' title='bbox 1553 1959 1798 2007; x_wconf 86' lang='lat' dir='ltr'><strong>Lucanus</strong></span> <span class='ocrx_word' id='word_1_274' title='bbox 1846 1958 1921 2019; x_wconf 90' lang='grc'><strong>(6,</strong></span> <span class='ocrx_word' id='word_1_275' title='bbox 1971 1958 2074 2020; x_wconf 76' lang='lat'><strong>50.)</strong></span> <span class='ocrx_word' id='word_1_276' title='bbox 2123 1956 2190 2007; x_wconf 90' lang='lat' dir='ltr'><strong>de</strong></span> <span class='ocrx_word' id='word_1_277' title='bbox 2230 1959 2437 2009; x_wconf 87' lang='lat' dir='ltr'><strong>Parthis</strong></span> <span class='ocrx_word' id='word_1_278' title='bbox 2472 1972 2603 2010; x_wconf 90' lang='lat' dir='ltr'><strong>usus</strong></span> 
     </span>
     <span class='ocr_line' id='line_1_57' title="bbox 1553 2029 2605 2095; baseline 0.004 -14"><span class='ocrx_word' id='word_1_279' title='bbox 1553 2034 1636 2081; x_wconf 89' lang='lat' dir='ltr'><strong>est</strong></span> <span class='ocrx_word' id='word_1_280' title='bbox 1653 2029 1916 2081; x_wconf 88' lang='lat' dir='ltr'><strong>adiectivo</strong></span> <span class='ocrx_word' id='word_1_281' title='bbox 1939 2032 2121 2095; x_wconf 64' lang='lat' dir='ltr'><strong>refugi.</strong></span> <span class='ocrx_word' id='word_1_282' title='bbox 2160 2033 2359 2083; x_wconf 85' lang='lat' dir='ltr'><strong>Rursus</strong></span> <span class='ocrx_word' id='word_1_283' title='bbox 2382 2032 2467 2082; x_wconf 89' lang='lat' dir='ltr'><strong>alii</strong></span> <span class='ocrx_word' id='word_1_284' title='bbox 2492 2033 2605 2085; x_wconf 90' lang='lat' dir='ltr'><strong>iun-</strong></span> 
     </span>
     <span class='ocr_line' id='line_1_58' title="bbox 1551 2106 2604 2170; baseline 0.002 -17"><span class='ocrx_word' id='word_1_285' title='bbox 1551 2107 1709 2167; x_wconf 84' lang='lat' dir='ltr'><strong>gunt:</strong></span> <span class='ocrx_word' id='word_1_286' title='bbox 1748 2106 1961 2166; x_wconf 70' lang='lat' dir='ltr'><strong>Scythae</strong></span> <span class='ocrx_word' id='word_1_287' title='bbox 1996 2106 2132 2169; x_wconf 83' lang='lat' dir='ltr'><strong>(gen.</strong></span> <span class='ocrx_word' id='word_1_288' title='bbox 2170 2108 2303 2170; x_wconf 83' lang='lat' dir='ltr'><strong>sing.</strong></span> <span class='ocrx_word' id='word_1_289' title='bbox 2343 2120 2440 2170; x_wconf 88' lang='lat' dir='ltr'><strong>pro</strong></span> <span class='ocrx_word' id='word_1_290' title='bbox 2475 2108 2604 2168; x_wconf 76' lang='lat' dir='ltr'><strong>Scy-</strong></span> 
     </span>
     <span class='ocr_line' id='line_1_59' title="bbox 1549 2179 2603 2243; baseline 0.002 -15"><span class='ocrx_word' id='word_1_291' title='bbox 1549 2180 1772 2243; x_wconf 75' lang='lat' dir='ltr'><strong>tharum)</strong></span> <span class='ocrx_word' id='word_1_292' title='bbox 1805 2179 1952 2230; x_wconf 81' lang='lat' dir='ltr'><strong>urbes</strong></span> <span class='ocrx_word' id='word_1_293' title='bbox 1971 2185 2260 2243; x_wconf 62' lang='lat' dir='ltr'><strong>gentesque,</strong></span> <span class='ocrx_word' id='word_1_294' title='bbox 2305 2180 2447 2229; x_wconf 89' lang='lat' dir='ltr'><strong>haud</strong></span> <span class='ocrx_word' id='word_1_295' title='bbox 2484 2194 2603 2231; x_wconf 91' lang='lat' dir='ltr'><strong>me-</strong></span> 
     </span>
     <span class='ocr_line' id='line_1_60' title="bbox 1553 2253 2596 2315; baseline 0.001 -13"><span class='ocrx_word' id='word_1_296' title='bbox 1553 2265 1732 2303; x_wconf 88' lang='lat' dir='ltr'><strong>mores</strong></span> <span class='ocrx_word' id='word_1_297' title='bbox 1750 2254 1975 2315; x_wconf 80' lang='lat' dir='ltr'><strong>Scythas</strong></span> <span class='ocrx_word' id='word_1_298' title='bbox 2009 2267 2114 2304; x_wconf 92' lang='lat' dir='ltr'><strong>non</strong></span> <span class='ocrx_word' id='word_1_299' title='bbox 2139 2253 2390 2305; x_wconf 85' lang='lat' dir='ltr'><strong>habuisse</strong></span> <span class='ocrx_word' id='word_1_300' title='bbox 2417 2253 2596 2304; x_wconf 88' lang='lat' dir='ltr'><strong>urbes.</strong></span> 
     </span>
     <span class='ocr_line' id='line_1_61' title="bbox 1554 2326 2601 2391; baseline 0.002 -16"><span class='ocrx_word' id='word_1_301' title='bbox 1554 2353 1609 2362; x_wconf 89' lang='lat'><strong>—</strong></span> <span class='ocrx_word' id='word_1_302' title='bbox 1649 2327 1967 2390; x_wconf 83' lang='lat' dir='ltr'><strong>Scytharum</strong></span> <span class='ocrx_word' id='word_1_303' title='bbox 1998 2327 2225 2377; x_wconf 85' lang='lat' dir='ltr'><strong>formam</strong></span> <span class='ocrx_word' id='word_1_304' title='bbox 2252 2326 2601 2391; x_wconf 87' lang='lat' dir='ltr'><strong>habitumque</strong></span> 
     </span>
     <span class='ocr_line' id='line_1_62' title="bbox 1550 2402 2600 2466; baseline 0 -15"><span class='ocrx_word' id='word_1_305' title='bbox 1550 2402 1823 2465; x_wconf 89' lang='lat' dir='ltr'><strong>quomodo</strong></span> <span class='ocrx_word' id='word_1_306' title='bbox 1859 2403 2220 2466; x_wconf 86' lang='lat' dir='ltr'><strong>expresserint</strong></span> <span class='ocrx_word' id='word_1_307' title='bbox 2253 2402 2484 2452; x_wconf 80' lang='lat' dir='ltr'><strong>artifices</strong></span> <span class='ocrx_word' id='word_1_308' title='bbox 2508 2415 2600 2451; x_wconf 92' lang='lat' dir='ltr'><strong>an-</strong></span> 
     </span>
     <span class='ocr_line' id='line_1_63' title="bbox 1550 2474 2597 2541; baseline 0.002 -15"><span class='ocrx_word' id='word_1_309' title='bbox 1550 2477 1706 2541; x_wconf 88' lang='lat' dir='ltr'><strong>tiqui,</strong></span> <span class='ocrx_word' id='word_1_310' title='bbox 1742 2474 1864 2527; x_wconf 82' lang='lat' dir='ltr'><strong>vide</strong></span> <span class='ocrx_word' id='word_1_311' title='bbox 1901 2477 1953 2527; x_wconf 90' lang='lat' dir='ltr'><strong>in</strong></span> <span class='ocrx_word' id='word_1_312' title='bbox 1987 2476 2228 2528; x_wconf 90' lang='lat' dir='ltr'><strong>Gerhard</strong></span> <span class='ocrx_word' id='word_1_313' title='bbox 2268 2478 2473 2541; x_wconf 72' lang='lat' dir='ltr'><strong>Vasenq.</strong></span> <span class='ocrx_word' id='word_1_314' title='bbox 2513 2477 2597 2528; x_wconf 86' lang='lat'><strong>111.</strong></span> 
     </span>
     <span class='ocr_line' id='line_1_64' title="bbox 1549 2551 1875 2602; baseline -0.006 0"><span class='ocrx_word' id='word_1_315' title='bbox 1549 2553 1606 2602; x_wconf 93' lang='grc' dir='ltr'><strong>Τ.</strong></span> <span class='ocrx_word' id='word_1_316' title='bbox 1662 2551 1875 2601; x_wconf 78' lang='lat' dir='ltr'><strong>CLXVI.</strong></span> 
     </span>
    </p>

    <p class='ocr_par' dir='ltr' id='par_1_13' title="bbox 1546 2623 2601 2988">
     <span class='ocr_line' id='line_1_65' title="bbox 1619 2623 2596 2688; baseline -0.001 -14"><span class='ocrx_word' id='word_1_317' title='bbox 1619 2626 1696 2674; x_wconf 84' lang='grc'><strong>40.</strong></span> <span class='ocrx_word' id='word_1_318' title='bbox 1773 2624 1937 2688; x_wconf 83' lang='lat' dir='ltr'><strong>Urbes]</strong></span> <span class='ocrx_word' id='word_1_319' title='bbox 1985 2627 2208 2674; x_wconf 89' lang='lat' dir='ltr'><strong>Pausan.</strong></span> <span class='ocrx_word' id='word_1_320' title='bbox 2257 2623 2321 2686; x_wconf 76' lang='lat'><strong>4,</strong></span> <span class='ocrx_word' id='word_1_321' title='bbox 2376 2625 2476 2685; x_wconf 86' lang='lat'><strong>30,</strong></span> <span class='ocrx_word' id='word_1_322' title='bbox 2532 2625 2596 2674; x_wconf 82' lang='lat'><strong>6:</strong></span> 
     </span>
     <span class='ocr_line' id='line_1_66' title="bbox 1548 2693 2601 2770; baseline 0 -21"><span class='ocrx_word' id='word_1_323' title='bbox 1548 2696 1837 2770; x_wconf 76' lang='grc' dir='ltr'><strong><em>Πίνδαρος</em></strong></span> <span class='ocrx_word' id='word_1_324' title='bbox 1884 2694 1991 2763; x_wconf 81' lang='grc' dir='ltr'><strong><em>τὴν</em></strong></span> <span class='ocrx_word' id='word_1_325' title='bbox 2041 2693 2236 2764; x_wconf 80' lang='grc' dir='ltr'><strong><em>Τύχην</em></strong></span> <span class='ocrx_word' id='word_1_326' title='bbox 2279 2700 2378 2749; x_wconf 75' lang='grc' dir='ltr'><strong>καὶ.</strong></span> <span class='ocrx_word' id='word_1_327' title='bbox 2427 2701 2601 2770; x_wconf 75' lang='grc' dir='ltr'><em>φερέ-</em></span> 
     </span>
     <span class='ocr_line' id='line_1_67' title="bbox 1548 2767 2601 2837; baseline 0 -14"><span class='ocrx_word' id='word_1_328' title='bbox 1548 2774 1717 2825; x_wconf 75' lang='grc' dir='ltr'><strong><em>πολιν</em></strong></span> <span class='ocrx_word' id='word_1_329' title='bbox 1761 2767 2124 2822; x_wconf 80' lang='grc' dir='ltr'><strong><em>ἀνεκάλεσεν.</em></strong></span> <span class='ocrx_word' id='word_1_330' title='bbox 2175 2799 2230 2809; x_wconf 91' lang='lat'><em>-</em></span> <span class='ocrx_word' id='word_1_331' title='bbox 2280 2773 2482 2823; x_wconf 75' lang='lat' dir='ltr'><strong>Latium</strong></span> <span class='ocrx_word' id='word_1_332' title='bbox 2519 2774 2601 2837; x_wconf 71' lang='lat' dir='ltr'><strong>se-</strong></span> 
     </span>
     <span class='ocr_line' id='line_1_68' title="bbox 1546 2846 2601 2915; baseline -0.002 -15"><span class='ocrx_word' id='word_1_333' title='bbox 1546 2851 1674 2915; x_wconf 67' lang='lat' dir='ltr'><strong>rox]</strong></span> <span class='ocrx_word' id='word_1_334' title='bbox 1722 2849 2094 2909; x_wconf 75' lang='lat' dir='ltr'><strong>«animosum,</strong></span> <span class='ocrx_word' id='word_1_335' title='bbox 2148 2846 2493 2908; x_wconf 83' lang='lat' dir='ltr'><strong>bellicosum,</strong></span> <span class='ocrx_word' id='word_1_336' title='bbox 2548 2848 2601 2898; x_wconf 89' lang='lat' dir='ltr'><strong>in</strong></span> 
     </span>
     <span class='ocr_line' id='line_1_69' title="bbox 1546 2922 2598 2988; baseline -0.008 -14"><span class='ocrx_word' id='word_1_337' title='bbox 1546 2938 1654 2988; x_wconf 91' lang='lat' dir='ltr'><strong>quo</strong></span> <span class='ocrx_word' id='word_1_338' title='bbox 1689 2922 1837 2973; x_wconf 88' lang='lat' dir='ltr'><strong>orbis</strong></span> <span class='ocrx_word' id='word_1_339' title='bbox 1869 2924 2136 2972; x_wconf 88' lang='lat' dir='ltr'><strong>terrarum</strong></span> <span class='ocrx_word' id='word_1_340' title='bbox 2159 2924 2341 2985; x_wconf 86' lang='lat' dir='ltr'><strong>caput,</strong></span> <span class='ocrx_word' id='word_1_341' title='bbox 2381 2923 2598 2972; x_wconf 80' lang='lat' dir='ltr'><strong>Roma.»</strong></span> 
     </span>
    </p>

    <p class='ocr_par' dir='ltr' id='par_1_14' title="bbox 1543 2996 2603 4253">
     <span class='ocr_line' id='line_1_70' title="bbox 1612 2996 2600 3062; baseline -0.003 -14"><span class='ocrx_word' id='word_1_342' title='bbox 1612 2999 1693 3048; x_wconf 88' lang='grc'><strong>44.</strong></span> <span class='ocrx_word' id='word_1_343' title='bbox 1735 2998 1814 3047; x_wconf 72' lang='grc'><strong>42.</strong></span> <span class='ocrx_word' id='word_1_344' title='bbox 1869 2997 2152 3060; x_wconf 63' lang='lat' dir='ltr'><strong>Remumque</strong></span> <span class='ocrx_word' id='word_1_345' title='bbox 2198 2997 2401 3062; x_wconf 70' lang='lat' dir='ltr'><strong>matres]</strong></span> <span class='ocrx_word' id='word_1_346' title='bbox 2455 2996 2600 3061; x_wconf 88' lang='lat' dir='ltr'><strong>apud</strong></span> 
     </span>
     <span class='ocr_line' id='line_1_71' title="bbox 1545 3072 2603 3136; baseline -0.002 -13"><span class='ocrx_word' id='word_1_347' title='bbox 1545 3074 1769 3124; x_wconf 87' lang='lat' dir='ltr'><strong>Asianos</strong></span> <span class='ocrx_word' id='word_1_348' title='bbox 1793 3072 2080 3136; x_wconf 87' lang='lat' dir='ltr'><strong>praecipue</strong></span> <span class='ocrx_word' id='word_1_349' title='bbox 2104 3072 2414 3133; x_wconf 88' lang='lat' dir='ltr'><strong>honoratae,</strong></span> <span class='ocrx_word' id='word_1_350' title='bbox 2447 3075 2504 3121; x_wconf 90' lang='lat' dir='ltr'><strong>ut</strong></span> <span class='ocrx_word' id='word_1_351' title='bbox 2526 3072 2603 3121; x_wconf 82' lang='lat' dir='ltr'><strong>vi·</strong></span> 
     </span>
     <span class='ocr_line' id='line_1_72' title="bbox 1545 3144 2595 3209; baseline -0.002 -12"><span class='ocrx_word' id='word_1_352' title='bbox 1545 3148 1738 3197; x_wconf 89' lang='lat' dir='ltr'><strong>demus</strong></span> <span class='ocrx_word' id='word_1_353' title='bbox 1772 3148 2017 3197; x_wconf 89' lang='lat' dir='ltr'><strong>Atossam</strong></span> <span class='ocrx_word' id='word_1_354' title='bbox 2051 3146 2104 3195; x_wconf 90' lang='lat' dir='ltr'><strong>in</strong></span> <span class='ocrx_word' id='word_1_355' title='bbox 2127 3144 2374 3209; x_wconf 85' lang='lat' dir='ltr'><strong>Aeschyli</strong></span> <span class='ocrx_word' id='word_1_356' title='bbox 2399 3148 2595 3197; x_wconf 86' lang='lat' dir='ltr'><strong>Persis.</strong></span> 
     </span>
     <span class='ocr_line' id='line_1_73' title="bbox 1546 3220 2599 3285; baseline -0.004 -12"><span class='ocrx_word' id='word_1_357' title='bbox 1546 3224 1657 3273; x_wconf 87' lang='lat' dir='ltr'><strong>Hae</strong></span> <span class='ocrx_word' id='word_1_358' title='bbox 1700 3223 1856 3285; x_wconf 84' lang='lat' dir='ltr'><strong>igitur</strong></span> <span class='ocrx_word' id='word_1_359' title='bbox 1897 3223 2085 3272; x_wconf 88' lang='lat' dir='ltr'><strong>timent</strong></span> <span class='ocrx_word' id='word_1_360' title='bbox 2118 3220 2261 3281; x_wconf 86' lang='lat' dir='ltr'><strong>filiis,</strong></span> <span class='ocrx_word' id='word_1_361' title='bbox 2318 3234 2387 3271; x_wconf 88' lang='lat' dir='ltr'><strong>ne</strong></span> <span class='ocrx_word' id='word_1_362' title='bbox 2422 3234 2452 3269; x_wconf 89' lang='lat' dir='ltr'><strong>a</strong></span> <span class='ocrx_word' id='word_1_363' title='bbox 2488 3221 2599 3270; x_wconf 86' lang='lat' dir='ltr'><strong>Ro-</strong></span> 
     </span>
     <span class='ocr_line' id='line_1_74' title="bbox 1547 3292 2599 3359; baseline -0.004 -12"><span class='ocrx_word' id='word_1_364' title='bbox 1547 3298 1718 3347; x_wconf 88' lang='lat' dir='ltr'><strong>manis</strong></span> <span class='ocrx_word' id='word_1_365' title='bbox 1768 3309 1933 3359; x_wconf 82' lang='lat' dir='ltr'><strong>regno</strong></span> <span class='ocrx_word' id='word_1_366' title='bbox 1985 3292 2296 3359; x_wconf 88' lang='lat' dir='ltr'><strong>spolientur.</strong></span> <span class='ocrx_word' id='word_1_367' title='bbox 2378 3295 2599 3359; x_wconf 86' lang='lat' dir='ltr'><strong>Propria</strong></span> 
     </span>
     <span class='ocr_line' id='line_1_75' title="bbox 1543 3369 2600 3433; baseline -0.003 -13"><span class='ocrx_word' id='word_1_368' title='bbox 1543 3369 1791 3422; x_wconf 86' lang='lat' dir='ltr'><strong>videlicet</strong></span> <span class='ocrx_word' id='word_1_369' title='bbox 1823 3370 2201 3433; x_wconf 82' lang='lat' dir='ltr'><strong>significatione</strong></span> <span class='ocrx_word' id='word_1_370' title='bbox 2243 3369 2448 3432; x_wconf 87' lang='lat' dir='ltr'><strong>accipio</strong></span> <span class='ocrx_word' id='word_1_371' title='bbox 2483 3382 2600 3417; x_wconf 88' lang='lat' dir='ltr'><strong>ma-</strong></span> 
     </span>
     <span class='ocr_line' id='line_1_76' title="bbox 1545 3442 2600 3507; baseline -0.005 -12"><span class='ocrx_word' id='word_1_372' title='bbox 1545 3451 1661 3507; x_wconf 78' lang='lat' dir='ltr'><strong>tres,</strong></span> <span class='ocrx_word' id='word_1_373' title='bbox 1688 3459 1795 3496; x_wconf 90' lang='lat' dir='ltr'><strong>non</strong></span> <span class='ocrx_word' id='word_1_374' title='bbox 1825 3457 1950 3495; x_wconf 90' lang='lat' dir='ltr'><strong>cum</strong></span> <span class='ocrx_word' id='word_1_375' title='bbox 1979 3442 2092 3493; x_wconf 85' lang='lat' dir='ltr'><strong>aliis</strong></span> <span class='ocrx_word' id='word_1_376' title='bbox 2118 3445 2438 3501; x_wconf 74' lang='lat' dir='ltr'><strong>«matronas,</strong></span> <span class='ocrx_word' id='word_1_377' title='bbox 2466 3454 2600 3491; x_wconf 90' lang='lat' dir='ltr'><strong>con-</strong></span> 
     </span>
     <span class='ocr_line' id='line_1_77' title="bbox 1546 3514 2594 3583; baseline -0.006 -13"><span class='ocrx_word' id='word_1_378' title='bbox 1546 3522 1759 3583; x_wconf 69' lang='lat' dir='ltr'><strong>iuges»</strong></span> <span class='ocrx_word' id='word_1_379' title='bbox 1836 3519 1940 3570; x_wconf 84' lang='lat' dir='ltr'><strong>Cfr.</strong></span> <span class='ocrx_word' id='word_1_380' title='bbox 1995 3518 2236 3568; x_wconf 88' lang='lat' dir='ltr'><strong>Iudicum</strong></span> <span class='ocrx_word' id='word_1_381' title='bbox 2288 3518 2347 3566; x_wconf 94' lang='lat' dir='ltr'><strong>C.</strong></span> <span class='ocrx_word' id='word_1_382' title='bbox 2395 3518 2454 3575; x_wconf 79' lang='lat'><strong>5,</strong></span> <span class='ocrx_word' id='word_1_383' title='bbox 2502 3514 2594 3564; x_wconf 71' lang='lat'><strong>28:</strong></span> 
     </span>
     <span class='ocr_line' id='line_1_78' title="bbox 1543 3591 2602 3658; baseline -0.006 -13"><span class='ocrx_word' id='word_1_384' title='bbox 1543 3597 1638 3645; x_wconf 85' lang='lat' dir='ltr'><strong>Per</strong></span> <span class='ocrx_word' id='word_1_385' title='bbox 1666 3595 1938 3658; x_wconf 71' lang='lat' dir='ltr'><strong>fenestram</strong></span> <span class='ocrx_word' id='word_1_386' title='bbox 1959 3593 2187 3642; x_wconf 63' lang='lat' dir='ltr'><strong>mutabat</strong></span> <span class='ocrx_word' id='word_1_387' title='bbox 2205 3596 2372 3641; x_wconf 80' lang='lat' dir='ltr'><strong>mater</strong></span> <span class='ocrx_word' id='word_1_388' title='bbox 2393 3591 2602 3640; x_wconf 73' lang='lat' dir='ltr'><strong>Sisarae</strong></span> 
     </span>
     <span class='ocr_line' id='line_1_79' title="bbox 1547 3663 2601 3728; baseline -0.008 -8"><span class='ocrx_word' id='word_1_389' title='bbox 1547 3674 1593 3720; x_wconf 79' lang='lat' dir='ltr'><strong>et</strong></span> <span class='ocrx_word' id='word_1_390' title='bbox 1639 3670 1699 3719; x_wconf 86' lang='lat' dir='ltr'><strong>de</strong></span> <span class='ocrx_word' id='word_1_391' title='bbox 1747 3668 2016 3718; x_wconf 85' lang='lat' dir='ltr'><strong>coenaculo</strong></span> <span class='ocrx_word' id='word_1_392' title='bbox 2067 3665 2398 3728; x_wconf 81' lang='lat' dir='ltr'><strong>loquebatur:</strong></span> <span class='ocrx_word' id='word_1_393' title='bbox 2455 3682 2480 3708; x_wconf 77' lang='grc' dir='ltr'><strong>ιι</strong></span> <span class='ocrx_word' id='word_1_394' title='bbox 2497 3663 2601 3714; x_wconf 83' lang='lat' dir='ltr'><strong>Cur</strong></span> 
     </span>
     <span class='ocr_line' id='line_1_80' title="bbox 1544 3737 2602 3807; baseline -0.006 -13"><span class='ocrx_word' id='word_1_395' title='bbox 1544 3749 1781 3793; x_wconf 81' lang='lat' dir='ltr'><strong>moratur</strong></span> <span class='ocrx_word' id='word_1_396' title='bbox 1812 3743 2012 3807; x_wconf 71' lang='lat' dir='ltr'><strong>reyredi</strong></span> <span class='ocrx_word' id='word_1_397' title='bbox 2045 3753 2227 3790; x_wconf 79' lang='lat' dir='ltr'><strong>currus</strong></span> <span class='ocrx_word' id='word_1_398' title='bbox 2254 3737 2397 3789; x_wconf 79' lang='lat' dir='ltr'><strong>eius?</strong></span> <span class='ocrx_word' id='word_1_399' title='bbox 2431 3739 2602 3800; x_wconf 81' lang='lat' dir='ltr'><strong>Quare</strong></span> 
     </span>
     <span class='ocr_line' id='line_1_81' title="bbox 1546 3813 2601 3878; baseline -0.005 -10"><span class='ocrx_word' id='word_1_400' title='bbox 1546 3820 1880 3868; x_wconf 78' lang='lat' dir='ltr'><strong>tardaverunt</strong></span> <span class='ocrx_word' id='word_1_401' title='bbox 1921 3817 2072 3878; x_wconf 82' lang='lat' dir='ltr'><strong>pedes</strong></span> <span class='ocrx_word' id='word_1_402' title='bbox 2121 3814 2491 3877; x_wconf 66' lang='lat' dir='ltr'><strong>quadrigarum</strong></span> <span class='ocrx_word' id='word_1_403' title='bbox 2535 3813 2601 3863; x_wconf 73' lang='lat' dir='ltr'><strong>tl-</strong></span> 
     </span>
     <span class='ocr_line' id='line_1_82' title="bbox 1546 3884 2600 3954; baseline -0.004 -12"><span class='ocrx_word' id='word_1_404' title='bbox 1546 3892 1717 3942; x_wconf 79' lang='lat' dir='ltr'><strong>lius?»</strong></span> <span class='ocrx_word' id='word_1_405' title='bbox 1760 3920 1815 3928; x_wconf 93' lang='lat'>—</span> <span class='ocrx_word' id='word_1_406' title='bbox 1840 3887 2373 3953; x_wconf 69' lang='lat' dir='ltr'><strong>purpurei-tyranne]</strong></span> <span class='ocrx_word' id='word_1_407' title='bbox 2401 3887 2462 3938; x_wconf 76' lang='grc' dir='ltr'><strong>οῖ</strong></span> <span class='ocrx_word' id='word_1_408' title='bbox 2493 3884 2600 3954; x_wconf 75' lang='grc' dir='ltr'><strong><em>τὴν</em></strong></span> 
     </span>
     <span class='ocr_line' id='line_1_83' title="bbox 1547 3958 2598 4039; baseline -0.003 -22"><span class='ocrx_word' id='word_1_409' title='bbox 1547 3964 1878 4039; x_wconf 75' lang='grc' dir='ltr'><strong><em>πορφυρίδα</em></strong></span> <span class='ocrx_word' id='word_1_410' title='bbox 1910 3958 2272 4025; x_wconf 79' lang='grc' dir='ltr'><strong><em>ἐνδεδυκότες</em></strong></span> <span class='ocrx_word' id='word_1_411' title='bbox 2296 3977 2401 4013; x_wconf 93' lang='lat' dir='ltr'><strong>non</strong></span> <span class='ocrx_word' id='word_1_412' title='bbox 2426 3961 2598 4014; x_wconf 88' lang='lat' dir='ltr'><strong>semel</strong></span> 
     </span>
     <span class='ocr_line' id='line_1_84' title="bbox 1548 4037 2598 4105; baseline -0.007 -12"><span class='ocrx_word' id='word_1_413' title='bbox 1548 4042 1616 4093; x_wconf 88' lang='lat' dir='ltr'><strong>de</strong></span> <span class='ocrx_word' id='word_1_414' title='bbox 1654 4042 1893 4105; x_wconf 82' lang='lat' dir='ltr'><strong>tyrannis</strong></span> <span class='ocrx_word' id='word_1_415' title='bbox 1928 4037 2010 4088; x_wconf 89' lang='lat' dir='ltr'><strong>vel</strong></span> <span class='ocrx_word' id='word_1_416' title='bbox 2046 4038 2309 4102; x_wconf 88' lang='lat' dir='ltr'><strong>primariis</strong></span> <span class='ocrx_word' id='word_1_417' title='bbox 2341 4038 2468 4088; x_wconf 86' lang='lat' dir='ltr'><strong>viris</strong></span> <span class='ocrx_word' id='word_1_418' title='bbox 2493 4038 2598 4086; x_wconf 87' lang='lat' dir='ltr'><strong>Lu-</strong></span> 
     </span>
     <span class='ocr_line' id='line_1_85' title="bbox 1549 4111 2593 4177; baseline -0.006 -12"><span class='ocrx_word' id='word_1_419' title='bbox 1549 4118 1752 4166; x_wconf 91' lang='lat' dir='ltr'><strong>cianus.</strong></span> <span class='ocrx_word' id='word_1_420' title='bbox 1781 4112 1929 4177; x_wconf 88' lang='lat' dir='ltr'><strong>(Dial.</strong></span> <span class='ocrx_word' id='word_1_421' title='bbox 1957 4115 2115 4163; x_wconf 88' lang='lat' dir='ltr'><strong>mort.</strong></span> <span class='ocrx_word' id='word_1_422' title='bbox 2149 4112 2198 4173; x_wconf 79' lang='lat'><strong>4,</strong></span> <span class='ocrx_word' id='word_1_423' title='bbox 2237 4111 2284 4163; x_wconf 75' lang='lat'><strong>4.</strong></span> <span class='ocrx_word' id='word_1_424' title='bbox 2323 4113 2424 4162; x_wconf 83' lang='lat' dir='ltr'><strong>Vit.</strong></span> <span class='ocrx_word' id='word_1_425' title='bbox 2453 4113 2593 4161; x_wconf 87' lang='lat' dir='ltr'><strong>auct.</strong></span> 
     </span>
     <span class='ocr_line' id='line_1_86' title="bbox 1549 4188 2596 4253; baseline -0.007 -12"><span class='ocrx_word' id='word_1_426' title='bbox 1549 4191 1651 4253; x_wconf 76' lang='grc'><strong>42.)</strong></span> <span class='ocrx_word' id='word_1_427' title='bbox 1704 4190 1844 4252; x_wconf 81' lang='lat' dir='ltr'><strong>Virg.</strong></span> <span class='ocrx_word' id='word_1_428' title='bbox 1883 4191 1974 4239; x_wconf 90' lang='lat' dir='ltr'><strong>Ge.</strong></span> <span class='ocrx_word' id='word_1_429' title='bbox 2012 4188 2071 4250; x_wconf 78' lang='lat'><strong>2,</strong></span> <span class='ocrx_word' id='word_1_430' title='bbox 2125 4188 2249 4240; x_wconf 75' lang='lat'><strong>495:</strong></span> <span class='ocrx_word' id='word_1_431' title='bbox 2307 4188 2454 4237; x_wconf 74' lang='lat' dir='ltr'><strong>Illum</strong></span> <span class='ocrx_word' id='word_1_432' title='bbox 2497 4199 2596 4235; x_wconf 83' lang='lat' dir='ltr'><strong>non</strong></span> 
     </span>
    </p>
   </div>
   <div class='ocr_carea' id='block_1_10' title="bbox 1537 4264 2597 4328">
    <p class='ocr_par' dir='ltr' id='par_1_15' title="bbox 1537 4264 2597 4328">
     <span class='ocr_line' id='line_1_87' title="bbox 1537 4264 2597 4328; baseline -0.006 -13"><span class='ocrx_word' id='word_1_433' title='bbox 1537 4264 1716 4328; x_wconf 79' lang='lat' dir='ltr'><strong>populi</strong></span> <span class='ocrx_word' id='word_1_434' title='bbox 1763 4264 1952 4327; x_wconf 73' lang='lat' dir='ltr'><strong>fasces,</strong></span> <span class='ocrx_word' id='word_1_435' title='bbox 2005 4277 2106 4314; x_wconf 77' lang='lat' dir='ltr'><strong>non</strong></span> <span class='ocrx_word' id='word_1_436' title='bbox 2142 4275 2380 4326; x_wconf 65' lang='lat' dir='ltr'><strong>put-pura</strong></span> <span class='ocrx_word' id='word_1_437' title='bbox 2419 4272 2597 4323; x_wconf 59' lang='lat' dir='ltr'><strong>regum</strong></span> 
     </span>
    </p>
   </div>
  </div>
 </body>
</html>
