3234 4975
667 399 791 463 546

1440 400 1694 450 notum
1733 402 2068 453 CARMINUM

919 558 1190 622 Dextras
1234 553 1556 631 obfirmet,
1604 575 1924 643 quaerere
1971 556 2222 632 distuli,

920 679 1050 743 Nec
1094 676 1263 742 scire
1310 677 1403 742 fas
1449 688 1550 742 est
1592 677 1842 754 omnia;
1886 715 1973 726 —
2017 677 2136 744 sed
2182 677 2294 743 diu

1008 800 1293 885 Lateque
1337 798 1638 865 victrices
1682 809 1979 865 catervae
2075 797 2078 800 ’

1089 918 1387 986 Consiliis
1433 919 1685 985 iuvenis
1734 920 2015 985 revictae

921 1077 1237 1152 Sensere‚
1286 1075 1445 1165 quid
1489 1097 1674 1143 mens
1719 1077 1872 1154 rite,
1920 1077 2080 1165 quid
2125 1077 2375 1145 indoles

2756 1082 2837 1145 Ξῖ)

917 1198 1163 1264 Nutrita
1205 1198 1428 1264 faustis
1473 1197 1597 1265 sub
1643 1197 2079 1285 penetralibus

1006 1320 1263 1395 Posset,
1311 1318 1469 1407 quid
1515 1320 1780 1406 Augusti
1829 1330 2135 1406 paternus

797 1501 854 1550 2⁴
869 1538 881 1549 .
927 1499 1151 1550 obarmot
1192 1511 1460 1563 superscr.

1501 1497 1625 1548 «vel
1668 1499 1794 1547 sub»
1831 1499 1892 1560 d,
1931 1500 2182 1549 subanmt
2216 1513 2263 1549 c.
2309 1528 2362 1537 -
2401 1499 2481 1550 24.
2518 1514 2777 1563 repressae

734 1588 872 1625 corr.
898 1573 967 1636 β,
1003 1572 1298 1635 Bentleius,
1322 1575 1534 1623 reiectae
1553 1573 1794 1623 Wadius.
1825 1600 1880 1610 -
1905 1575 1988 1624 26.
2013 1574 2207 1639 faustis]
2232 1577 2420 1625 sanctis
2438 1575 2606 1626 Bentl.
2633 1577 2770 1626 eoni.

734 1736 815 1782 24.
861 1734 942 1783 22.
998 1733 1245 1792 obannet]
1294 1733 1510 1780 Praeter
1548 1732 1720 1781 Hora-

667 1809 799 1858 tium
859 1808 963 1856 hoe
1015 1804 1184 1855 verbo
1240 1805 1323 1854 usi
1379 1808 1501 1855 sunt
1558 1807 1716 1855 etiam

668 1882 934 1933 Ausonius
989 1880 1162 1942 Epigr.
1216 1879 1298 1928 25.
1360 1880 1414 1928 et
1467 1878 1719 1943 Apuleius

672 1957 883 2006 Metam.
933 1956 991 2012 2,
1044 1955 1126 2003 25.
1187 1953 1246 2011 9,
1302 1951 1357 2001 4;
1416 1959 1595 2003 contra
1641 1967 1722 2002 me

668 2042 850 2079 mnus
900 2028 1085 2090 impias
1146 2027 1458 2076 obarmabae.
1541 2029 1719 2077 Lectio

665 2104 920 2154 subarmet
952 2104 1071 2152 nata
1104 2102 1318 2152 videtur
1350 2115 1415 2151 ex
1450 2100 1622 2152 littera
1653 2103 1718 2152 fl-

668 2178 771 2229 nali
801 2178 1175 2242 praecedentis
1190 2190 1241 2225 v.
1262 2177 1500 2226 Das-tras.
1528 2203 1586 2214 —
1613 2178 1718 2226 dis—

666 2253 779 2314 aaa]
841 2265 1133 2316 «quaerere
1186 2251 1543 2314 supersedeo,
1609 2265 1715 2300 non

666 2330 874 2378 vacat.»
918 2354 973 2363 -
1020 2327 1122 2375 Nec
1154 2327 1281 2374 seire
1309 2326 1394 2387 fas
1425 2330 1495 2374 est
1527 2327 1714 2387 omnia]

669 2404 779 2453 Hoc
798 2400 1016 2465 quidem
1040 2399 1205 2449 refert
1225 2400 1714 2470 antiquissimorum

665 2481 970 2541 temporum
1003 2486 1250 2533 sensum,
1305 2487 1428 2522 cum
1463 2471 1717 2523 mortales

665 2552 893 2602 deorum
958 2547 1227 2597 voluntate
1292 2550 1538 2609 negatam
1613 2546 1716 2598 sibi

664 2640 785 2677 esse
820 2635 1004 2674 rerum
1039 2622 1298 2685 imprimis
1332 2622 1400 2671 ad
1436 2621 1716 2683 religiones

662 2699 1043 2765 pertinentium
1109 2697 1463 2758 cognitionem
1530 2696 1712 2746 timide

666 2775 1037 2837 agnoscerent.
1093 2773 1203 2820 Neo
1238 2771 1351 2821 sine
1387 2784 1547 2820 causa
1584 2772 1715 2821 Sca-

664 2849 795 2912 liger
839 2846 1137 2910 comparari
1182 2845 1335 2895 iussit
1368 2844 1516 2894 Pind.
1556 2847 1707 2895 Nem.

663 2924 722 2983 ὅ,
763 2922 857 2971 46ε
912 2916 1228 2983 στάσομαι·
1276 2912 1350 2969 οὔ
1382 2933 1475 2968 τοι
1507 2910 1714 2969 ἅπασα

663 2993 902 3083 κερδίων
925 2995 1206 3045 Φαίνοισα
1230 2990 1544 3062 πρόσωπον
1575 2988 1715 3043 ἀλά-

662 3071 771 3120 θει’
807 3065 1071 3140 ἀτρεκής·
1118 3068 1231 3119 Καὶ
1264 3065 1334 3118 τὸ
1366 3065 1538 3136 σιγᾷν
1570 3067 1713 3119 πολ-

665 3141 830 3207 λάκις
881 3144 1001 3194 ἐστὶ
1036 3140 1384 3203 σοφωτατον
1424 3139 1712 3213 ἀνθρώπῳ

663 3217 896 3285 νοῆσαι.
938 3247 992 3254 -
1037 3220 1148 3267 lam
1172 3218 1512 3268 manifestum
1545 3222 1629 3269 est
1661 3219 1712 3268 id

664 3295 940 3345 Horatium
975 3293 1147 3355 egisse
1174 3331 1185 3349 ,
1233 3295 1292 3341 ut
1326 3290 1444 3342 loco
1480 3293 1547 3343 de
1584 3296 1713 3344 Vin-

666 3367 849 3419 delicis
916 3365 1243 3429 aliquantum
1301 3367 1708 3428 immoraretur;

552 3440 575 3447 ”
666 3443 717 3492 id
756 3441 901 3506 quod
935 3441 1133 3504 optime
1168 3440 1281 3490 fleri
1318 3444 1528 3504 poterat
1561 3455 1712 3491 more

664 3517 841 3581 aliquo
865 3514 1073 3566 illorum
1097 3516 1285 3578 insigni
1318 3515 1675 3567 describendo
1698 3532 1710 3576 ;

667 3591 825 3654 elegit
858 3591 1013 3653 igitur
1048 3602 1236 3639 eorum
1270 3602 1521 3647 secures,
1576 3603 1714 3653 qua-

665 3679 785 3716 rum
820 3666 992 3715 aciem
1016 3664 1237 3714 Romani
1271 3666 1399 3714 satis
1433 3667 1585 3714 erant
1619 3679 1714 3715 ex-

668 3741 841 3804 perti;
893 3743 1054 3803 atque
1100 3737 1170 3788 ad
1215 3750 1340 3788 eum
1388 3737 1548 3788 tinem
1584 3752 1714 3789 usus

668 3818 750 3864 est
783 3815 1139 3877 digressione,
1177 3825 1316 3876 quae
1339 3813 1593 3875 gravitate
1619 3814 1716 3863 mi-

669 3889 812 3939 nime
850 3892 1011 3938 caret.
1083 3889 1228 3939 Haec
1272 3899 1399 3937 eum
1441 3900 1547 3937 non
1584 3888 1713 3937 satis

666 3963 1033 4029 perspicerent
1098 3962 1415 4026 interpretes
1492 3961 1713 4024 quidam

666 4048 991 4099 omnemque
1055 4035 1197 4085 hunc
1264 4034 1442 4084 locum
1491 4048 1713 4099 prorsus

667 4110 896 4159 otiosum
931 4121 1051 4159 esse
1086 4108 1372 4171 ducerent,
1410 4109 1534 4160 inde
1557 4123 1589 4160 a
1614 4112 1717 4161 Gu-

668 4186 794 4245 yeto
836 4195 934 4246 pro
983 4182 1205 4232 insititiis
1249 4183 1348 4232 hos
1390 4196 1581 4235 versus
1614 4185 1714 4235 ha-

667 4256 928 4318 buerunt,
968 4256 1029 4305 iis
1054 4254 1241 4306 deletis
1266 4258 1343 4306 sic
1366 4257 1712 4309 scribendum

1792 1734 2190 1795 proponentes:
2273 1734 2445 1783 Videre
2489 1735 2655 1783 Raetis
2707 1736 2840 1784 bella

1793 1805 1882 1854 sub
1923 1806 2125 1867 Alpibus
2161 1808 2387 1857 Dru-mm
2433 1814 2682 1871 yet-entem
2721 1810 2840 1858 Vin-

1793 1879 1971 1936 delici‚·
2022 1885 2070 1929 et
2110 1880 2199 1929 diu
2243 1880 2342 1943 (vel
2386 1886 2433 1930 et
2466 1883 2699 1943 omisso,
2753 1884 2841 1932 diu

1793 1952 2090 2017 dumtaxat)
2145 1957 2284 2012 cet.;
2353 1969 2461 2019 quo
2523 1957 2741 2020 quidem
2792 1964 2841 2008 et

1791 2027 1918 2078 nihil
1953 2027 2253 2092 languidius
2289 2031 2574 2093 excogitari
2609 2035 2835 2095 poterat,

1792 2115 1918 2151 cum
1952 2104 2035 2152 md
2067 2105 2296 2167 optime,
2349 2107 2410 2154 ut
2443 2106 2585 2169 apud
2621 2107 2840 2156 Cicero-

1791 2189 1916 2226 nem
1953 2177 2286 2240 i'requenter‚
2333 2179 2696 2242 subsequatur
2728 2195 2840 2230 πα-

1789 2250 2079 2320 ρενθέσεις
2111 2252 2216 2301 hoc
2238 2266 2434 2304 sensu:
2476 2255 2631 2314 «sed,
2668 2257 2834 2314 uteo,

1789 2326 1931 2375 unde
1985 2326 2256 2388 digressus
2314 2341 2433 2379 sum
2456 2368 2468 2388 ,
2545 2331 2835 2378 revertar.»

1790 2401 2013 2449 Omnino
2049 2400 2117 2450 de
2141 2402 2244 2450 hoc
2276 2399 2392 2452 loeo
2419 2404 2562 2453 idem
2597 2403 2706 2453 fere
2739 2417 2837 2452 va-

1788 2473 1887 2535 let,
1941 2475 2087 2539 quod
2134 2476 2202 2527 de
2250 2476 2509 2529 similibus
2551 2478 2838 2542 digressio-

1789 2549 1947 2599 nibus
1992 2549 2089 2600 Od.
2127 2550 2185 2611 3,
2236 2552 2323 2611 44,
2373 2553 2592 2602 47-20.
2635 2552 2732 2602 Od.
2775 2552 2833 2611 3,

1791 2625 1882 2684 47,
1931 2625 1962 2673 2
1986 2650 2017 2661 -
2043 2626 2091 2675 5.
2118 2662 2129 2686 ,
2168 2637 2306 2688 quae
2326 2663 2338 2683 ‚
2380 2625 2838 2688 quemadmodum

1789 2698 1949 2759 haee,
2010 2699 2145 2748 miro
2195 2712 2323 2749 casu
2375 2701 2490 2749 sine
2535 2701 2692 2750 metri
2738 2699 2838 2749 da-

1787 2784 1914 2821 mno
1937 2774 2169 2821 resecari
2202 2777 2441 2836 possunt.
2498 2775 2834 2837 Quamquam

1787 2847 1839 2896 in
1890 2847 1993 2896 hoc
2038 2847 2258 2896 artificio
2309 2849 2516 2911 poetico
2563 2850 2835 2900 Horatium

1787 2921 1963 2970 minus
1997 2919 2206 2971 felicem
2241 2922 2467 2972 Pindaro
2503 2922 2662 2973 fuisse
2693 2922 2836 2972 haud

1788 3008 1942 3057 nego.

1853 3070 1935 3119 23.
1974 3069 2055 3121 24.
2103 3073 2350 3132 catervae]
2386 3074 2570 3135 utpote
2603 3071 2672 3121 de
2707 3071 2837 3121 bar-

1786 3143 1950 3193 baris.
1993 3145 2329 3207 -ConsilitsJ
2369 3146 2668 3196 «confilium
2701 3145 2839 3196 scili-

1789 3220 1875 3267 cet
1895 3218 2289 3281 timoratorum,
2314 3221 2447 3279 quod
2465 3220 2646 3270 Graeci
2668 3234 2839 3289 στρα-

1785 3288 2022 3357 τήγημα
2054 3293 2331 3354 appellant,
2367 3297 2428 3343 ut
2460 3295 2534 3343 ait
2556 3295 2744 3344 Cicero
2765 3295 2835 3345 de

1787 3368 1848 3416 N.
1887 3367 1949 3415 D.
1988 3366 2048 3425 3,
2076 3367 2135 3425 6,
2164 3368 2243 3417 45.
2297 3368 2601 3427 SicLiv.‚9
2633 3370 2722 3427 47,
2752 3368 2832 3420 44.

1787 3440 1908 3489 Tac.
1932 3443 2067 3490 Ann.
2095 3441 2159 3501 2,
2185 3441 2268 3490 8.»
2307 3442 2469 3491 ΗΑιι.
2508 3469 2562 3478 --
2596 3444 2833 3507 revictae]

1787 3515 2027 3565 Graviter
2095 3517 2150 3564 et
2216 3528 2340 3564 cum
2409 3516 2459 3564 vi
2507 3517 2786 3566 vich-icos-
2807 3543 2838 3554 -

1784 3591 2030 3649 revictae,
2086 3602 2335 3654 «prorsus
2368 3592 2567 3651 victae,
2615 3591 2837 3655 perditis

1787 3663 2037 3713 omnibus
2086 3676 2225 3727 quae
2273 3665 2508 3715 victoriis
2551 3667 2663 3715 suis
2711 3669 2835 3716 ante

1784 3739 1950 3801 partis
2006 3737 2108 3787 sibi
2175 3737 2643 3789 conciliaverant.
2724 3740 2831 3790 Cic.

1786 3824 1886 3875 pro
1920 3810 2057 3862 Sulla
2095 3813 2142 3862 4.
2180 3825 2288 3862 non
2333 3814 2508 3863 minus
2557 3812 2837 3875 singulari-

1787 3888 1903 3936 ter·
1961 3887 2150 3948 perditi
2203 3888 2364 3948 cives,
2417 3888 2648 3937 redomiti
2683 3893 2839 3950 atquo

1786 3961 1920 4011 victi
1959 3960 2112 4025 Apul.
2150 3962 2272 4013 Met.
2310 3963 2370 4022 8,
2410 3963 2508 4011 4οε
2542 3963 2838 4012 mummi·

1785 4036 1977 4085 revicta
2000 4036 2215 4086 Chao-ite.
2256 4036 2617 4098 (Horatianum
2652 4038 2836 4086 autem

1787 4109 2016 4160 verbum
2052 4110 2440 4161 restituendum
2476 4109 2685 4161 videtur
2710 4110 2838 4161 Ovi-

1789 4182 1877 4233 dio
1923 4184 2045 4235 Met.
2086 4184 2146 4244 9,
2182 4183 2279 4234 74.
2343 4183 2838 4247 (Ηγᾱι-αω)ἀοωω

1789 4258 2125 4320 domitamque
2144 4260 2365 4320 peremi,
2392 4258 2484 4307 ubi
2507 4255 2590 4307 alii
2613 4257 2833 4318 revisi-vi,
