3234 4975
662 402 779 468 196
1410 406 1663 456 nomi-11
1699 406 2034 456 cAaMmUM

1279 644 2001 703 Excunsus
2080 647 2164 701 n.

1520 806 1596 852 An
1629 817 1681 852 ν.
1719 804 1928 853 47-20.

784 941 1093 995 Incredibile
1138 945 1244 1003 est,
1298 944 1428 1005 quot
1468 943 1798 1005 quantasque
1841 940 2026 993 turbas
2060 943 2202 993 totus
2235 943 2322 994 hic
2356 943 2507 995 locus
2542 947 2798 997 excitarit.

654 1032 753 1080 Res
788 1041 916 1078 vero
950 1025 1255 1091 simpliciter
1287 1026 1422 1075 haec
1458 1026 1563 1074 est:
1612 1025 1914 1087 Necessum,
1963 1025 2089 1088 dea,
2127 1028 2240 1091 ipsa
2274 1041 2399 1078 cum
2432 1030 2574 1093 apud
2607 1031 2801 1081 Roma-

652 1126 750 1164 nos
784 1125 891 1162 non
925 1109 1208 1169 coleretur,
1245 1109 1330 1159 hic
1354 1111 1561 1169 tamen,
1599 1121 1707 1171 quo
1737 1109 1943 1159 comitis
1967 1111 2223 1161 Fortunae
2246 1113 2405 1174 atque
2427 1113 2644 1175 Athrpae
2666 1112 2801 1164 illius

543 1236 546 1240 ,
652 1197 904 1246 Etruscae
937 1195 1117 1259 partes
1152 1193 1307 1255 digne
1343 1194 1656 1253 sustineret,
1711 1195 1872 1244 certis
1911 1193 2232 1257 quibusdam
2266 1194 2529 1247 attributis
2563 1198 2800 1247 ornanda

652 1283 783 1339 erat,
820 1280 882 1329 ut
911 1277 1066 1341 digna
1100 1277 1377 1328 exsisteret
1410 1278 1523 1327 eius
1558 1276 2014 1347 προσωποποιΐα.
2083 1280 2372 1343 Propterea
2414 1280 2511 1330 has
2544 1283 2800 1344 imagines

650 1361 1010 1422 adumbravit,
1063 1363 1279 1411 secutus
1323 1358 1407 1409 vel
1452 1362 1727 1425 proprium
1769 1364 2094 1424 φαντασίας
2135 1362 2392 1426 impetum
2438 1362 2522 1413 vel
2555 1367 2800 1414 veterum

650 1446 912 1496 artificum
947 1457 1135 1509 opera,
1173 1442 1224 1493 id
1261 1444 1405 1507 quod
1439 1448 1647 1495 certum
1682 1444 1871 1497 saltem
1908 1448 1990 1497 est
2021 1447 2074 1496 in
2108 1447 2263 1495 clavis
2295 1444 2392 1497 illis
2415 1448 2708 1511 trabalibus,
2746 1449 2801 1499 in

648 1529 842 1593 quibus
876 1533 1054 1580 tamen
1089 1527 1382 1579 subsistere
1418 1541 1545 1579 sane
1579 1541 1686 1579 non
1710 1531 1933 1592 poterat.
2003 1530 2164 1593 Magis
2186 1530 2371 1594 utique
2395 1531 2627 1595 volgatas
2648 1545 2803 1597 prae-

647 1613 779 1664 bere
824 1614 871 1663 ei
912 1613 1173 1678 potuisset
1213 1613 1405 1663 Accius
1450 1612 1592 1677 apud
1629 1613 1737 1662 Cic.
1776 1611 1844 1663 de
1878 1614 2017 1664 Orat.
2056 1614 2112 1675 3,
2165 1614 2253 1666 44:
2307 1616 2636 1666 exstabantem
2677 1621 2725 1666 te
2755 1622 2801 1666 et

640 1700 999 1763 praefidentem
1042 1696 1129 1747 tibi
1159 1698 1443 1758 Rem-imant
1483 1697 1682 1746 validae
1727 1697 1892 1761 legum
1923 1710 2155 1749 numm:
2188 1704 2338 1761 atque
2369 1701 2547 1762 imperi
2579 1701 2801 1751 insistent

644 1794 780 1834 mco.
851 1782 990 1841 Quas
1025 1780 1243 1843 quidem
1283 1781 1535 1842 imagines
1570 1781 1671 1831 etsi
1706 1780 2020 1832 cumulatius
2060 1780 2280 1833 fortasse
2314 1796 2477 1846 quam
2500 1784 2796 1848 oportebat,

646 1865 934 1929 congessit,
982 1863 1036 1913 id
1070 1868 1250 1913 tamen
1284 1866 1560 1915 assecutus
1596 1867 1703 1925 est,
1753 1867 1814 1914 ut
1847 1878 1980 1928 quas
2016 1864 2246 1928 elegerat
2277 1866 2360 1916 his
2395 1869 2644 1930 quattuor
2674 1881 2800 1917 ver-

645 1948 824 2002 siculis
860 1946 1304 2011 complecteretur
1337 1949 1496 2010 atque
1531 1948 1658 1998 satis
1693 1947 1989 2011 elegantem
2023 1948 2176 1999 nobis
2196 1954 2518 2014 proponeret
2538 1952 2799 2015 picturam

644 2034 929 2098 poeticam.
1000 2033 1111 2081 lam
1156 2031 1489 2081 notissimum
1535 2034 1642 2092 est,
1697 2030 1765 2081 ab
1805 2032 1887 2082 his
1923 2046 2085 2095 quam
2120 2034 2346 2083 maxime
2383 2034 2622 2086 diversas
2656 2049 2794 2097 esse,

644 2117 809 2166 immo
846 2128 964 2166 esse
1000 2114 1201 2165 debere
1237 2114 1499 2164 artificum
1533 2129 1724 2179 opera:
1764 2117 1840 2165 sic
1871 2130 2053 2166 manus
2085 2120 2221 2167 αὸηα
2252 2131 2359 2167 non
2383 2120 2550 2182 magis
2576 2120 2796 2183 exprimi

642 2202 851 2264 poterat
882 2213 913 2248 a
946 2199 1146 2263 pictore
1182 2197 1265 2248 vel
1298 2212 1329 2248 a
1362 2198 1628 2261 sculptore
1664 2213 1824 2262 quam
1857 2195 1925 2249 τὸ
1960 2196 2209 2271 χρύσεον
2230 2230 2259 2240 -
2281 2198 2384 2265 τᾶς
2416 2200 2591 2264 Δίκας
2628 2196 2793 2267 ὄμμα

644 2281 915 2347 Sophoclis
958 2283 1100 2347 apud
1144 2280 1390 2333 Welcker
1425 2283 1617 2332 Griech.
1667 2284 1876 2347 Trogod.
1914 2298 1966 2348 p.
2006 2286 2117 2334 466.
2204 2286 2368 2336 Acres
2411 2290 2589 2337 autem
2633 2288 2791 2339 totius

642 2368 881 2432 picturae
930 2367 1344 2431 reprehensores
1380 2367 1692 2417 exstiterunt
1724 2369 1920 2417 summi
1965 2371 2273 2420 Germaniae
2321 2371 2442 2431 viri,
2492 2372 2709 2434 Lessing
2742 2372 2795 2421 in

642 2452 939 2503 Laocoonte
987 2450 1133 2515 (Opp.
1172 2450 1256 2500 ed.
1295 2451 1510 2501 Lachm.
1548 2451 1631 2501 VI.
1668 2465 1789 2516 pag.
1830 2451 1960 2516 ⁴43.)
2000 2456 2053 2503 et
2086 2454 2290 2505 Herder
2330 2455 2437 2519 (sar
2468 2455 2642 2506 scheme
2674 2457 2791 2507 Litt.

641 2550 694 2586 u.
731 2536 891 2586 Ktmst
932 2536 1016 2588 IV.
1061 2549 1114 2599 p.
1154 2534 1479 2597 ila—4570,
1532 2550 1563 2585 a
1608 2536 1801 2588 Metide
1848 2536 1934 2587 illa
1980 2540 2272 2603 Spenciana
2316 2540 2508 2603 partim
2554 2542 2794 2602 excitati,

643 2620 837 2685 partim
872 2618 1201 2684 aliquatenus
1237 2619 1472 2684 decepti3
1511 2633 1541 2669 a
1578 2619 1771 2684 quibus
1806 2621 2058 2672 heroibus
2094 2622 2390 2674 conturbati
2424 2638 2488 2675 ac
2528 2627 2798 2675 transver-

643 2717 764 2755 sum
806 2703 909 2754 acti
953 2704 1281 2754 recentiores
1326 2702 1559 2754 nonnulli
1605 2706 1942 2755 Grammatici
1993 2707 2134 2758 bunc
2179 2706 2356 2759 locum
2391 2710 2793 2772 interpretantes

645 2786 1092 2839 inextricabilibus
1135 2790 1308 2838 semet
1344 2789 1445 2852 ipsi
1479 2785 1873 2840 difficultatibus
1907 2791 2268 2850 irretiverunt;
2320 2792 2580 2857 imprimis
2613 2793 2665 2843 in
2701 2806 2795 2843 ex-

645 2870 900 2934 plicandis
933 2886 1015 2920 w.
1054 2872 1109 2920 2⁴
1124 2870 1264 2921 —24.

1245 3237 1977 3298 Excunsus
2053 3241 2177 3297 lu.

1499 3388 1945 3440 Anvv.24—24.

780 3508 1039 3572 Equidem
1072 3507 1127 3558 in
1161 3521 1225 3557 eo
1261 3507 1555 3570 elaboravi,
1601 3513 1662 3560 ut
1694 3523 1856 3574 quam
1889 3509 2274 3575 simplicissima
2310 3526 2431 3564 mea
2465 3516 2608 3564 esset
2638 3512 2795 3564 huius

649 3594 751 3645 loci
785 3592 1065 3657 expositi03
1102 3605 1204 3642 nec
1238 3592 1527 3656 quidquam
1560 3607 1701 3643 nunc
1734 3594 2052 3646 difficultatis
2083 3596 2137 3646 in
2161 3610 2226 3646 eo
2247 3596 2422 3647 video.
2489 3595 2586 3648 Alii
2610 3601 2792 3648 contra

648 3678 703 3727 in
735 3675 928 3727 eodem
962 3675 1329 3727 incredibilem
1358 3678 1413 3727 in
1435 3676 1657 3727 modum
1678 3680 1984 3729 aestuarunt
2006 3693 2238 3744 eumque
2262 3682 2577 3731 coniecturis
2599 3682 2793 3732 misere

647 3763 1001 3822 vexaverunt,
1038 3762 1101 3810 ut
1131 3758 1367 3811 Clerkius
1401 3761 1470 3811 ad
1503 3762 1697 3811 Lucan.
1730 3774 1851 3825 pag.
1878 3761 1967 3812 53:
2001 3777 2092 3813 nec
2122 3763 2308 3813 socium
2332 3764 2573 3827 abnegat,
2614 3766 2797 3815 Utcun-

649 3858 744 3907 que
784 3849 984 3895 mutata
1022 3849 1241 3908 potentes
1278 3845 1441 3894 Mente
1479 3846 1613 3906 cet.,
1666 3858 1756 3895 neo
1788 3846 2013 3896 counitam
2043 3846 2296 3911 abnegans
2324 3845 2656 3909 Praedikow,
2707 3862 2798 3898 nec

649 3930 875 3981 comitem
929 3927 1147 3992 abnegas
1190 3927 1541 3979 Doederleinii
1599 3927 1904 3993 discipulus.
1993 3930 2096 3980 Sed
2150 3932 2272 3981 ante
2322 3943 2535 3992 omnes,
2589 3932 2678 3994 qui
2728 3931 2795 3980 de

650 4013 704 4063 b.
729 4011 764 4062 1.
790 4010 1017 4076 legatur,
1056 4011 1244 4076 dignus
1274 4013 1357 4062 est
1390 4010 1679 4072 Bentleius,
1717 4012 1808 4077 qui
1842 4014 2260 4076 ingeniosissime
2295 4013 2348 4063 id
2372 4014 2501 4077 egit,
2538 4015 2598 4064 ut
2617 4011 2795 4065 locum

651 4108 756 4146 non
791 4096 926 4146 adeo
960 4095 1260 4145 intricatum
1294 4095 1455 4146 nimia
1490 4093 1774 4146 subtilitate
1816 4095 2142 4148 obscuraret.

784 4176 1044 4230 «Difficilis
1077 4177 1345 4242 quidem»,
1383 4179 1574 4245 inquit,
1627 4179 1743 4229 «hic
1780 4179 1927 4231 locus
1962 4181 2262 4244 multosque
2287 4194 2394 4233 non
2414 4193 2604 4246 parum
2625 4180 2790 4230 torsit.

651 4264 799 4325 Spes,
835 4262 1028 4326 inquit,
1064 4267 1112 4314 et
1143 4261 1272 4312 bona
1304 4263 1444 4312 Fides
1472 4263 1733 4324 for-cmm
1764 4264 1878 4314 colit
1910 4270 1957 4316 et
1987 4265 2283 4316 connitatur:
2330 4271 2386 4315 at
2413 4265 2589 4330 vulqus
2619 4270 2666 4315 ot
2695 4277 2797 4314 me-
