3234 4975
676 403 796 471 462
1424 406 1681 456 uonA‘rn
1718 405 2055 457 Gelasimum

674 567 1089 623 commentum.»
1124 565 1255 613 Tum
1292 561 1489 613 Galiani
1523 561 1635 613 aliis
1672 564 1889 626 Cruquii
1924 564 1977 612 et
2015 562 2279 612 Sanadoni
2313 562 2833 627 interpretationibus

674 648 909 698 breviter
939 648 1174 697 refutatis
1209 647 1277 697 ita
1310 647 1505 711 pergit:
1549 649 1700 697 L'ode
1730 661 1792 696 ne
1824 648 2040 696 contient
2071 649 2255 709 qu’tme
2286 649 2579 697 meditativa
2601 650 2671 697 du
2691 646 2835 709 poete

671 745 761 781 sm·
790 732 843 781 la
875 732 1086 781 destines
1116 730 1410 791 d’Arclmtas
1437 736 1484 780 et
1504 733 1564 780 de
1586 736 1697 780 tous
1718 730 1785 779 les
1805 732 1995 794 yrands
2014 732 2254 791 nonanes,
2291 744 2412 780 avec
2432 745 2530 780 une
2550 732 2834 780 invocatio-n

669 817 791 866 mise
811 818 937 865 dans
957 814 1010 864 la
1030 815 1213 865 boucha
1229 815 1523 875 d’Arctmtas
1540 818 1717 874 meme,
1741 819 1789 864 et
1807 826 1906 863 une
1922 813 2092 876 praere
2113 828 2224 864 amc
2237 821 2473 876 passam
2492 816 2551 864 de
2566 816 2639 864 lui
2653 816 2834 864 rendre

669 901 738 950 les
781 901 1001 949 dernier-s
1041 899 1248 948 devoir-s,
1335 898 1399 949 Ce
1435 911 1652 962 passage
1684 898 1813 947 subit
1854 899 2002 947 d'wne
2038 910 2282 959 personne
2313 900 2349 948 d
2380 912 2478 948 une
2508 903 2657 948 autre
2687 904 2757 947 est
2788 900 2829 947 si

667 984 896 1046 frequent
939 984 1065 1031 dans
1105 982 1173 1031 les
1210 983 1404 1044 poesies
1444 966 1665 1043 lyr-eques
1707 982 1766 1030 de
1797 986 1955 1031 tontes
1986 982 2054 1030 les
2086 983 2311 1041 nativus,
2367 995 2462 1043 que
2494 996 2548 1030 ce
2579 983 2703 1031 n’est
2730 996 2827 1044 pas

669 1068 722 1116 la
749 1067 893 1129 peine
941 1067 1052 1115 d’on
1093 1067 1226 1129 faire
1270 1066 1432 1128 l'objet
1477 1068 1626 1115 d'une
1668 1078 1994 1127 roman-que.»
2048 1092 2101 1101 -
2140 1067 2358 1116 Doctius
2392 1078 2521 1115 sane
2559 1064 2829 1129 multoque

669 1164 792 1201 cum
827 1151 1071 1201 acumine
1106 1150 1173 1199 de
1207 1151 1311 1199 hoc
1342 1152 1656 1212 argumento
1679 1149 1964 1213 disputavit
1987 1150 2323 1212 Hottingerus
2344 1150 2394 1198 in
2420 1150 2830 1211 programmatis

668 1235 870 1284 Turicc.
925 1247 974 1284 a.
1025 1234 1171 1283 4788.
1210 1235 1264 1283 et
1310 1234 1454 1284 4789.
1505 1234 1745 1298 repetitis
1797 1235 1849 1282 in
1901 1234 2016 1283 eius
2066 1234 2290 1297 Opuscc.
2336 1231 2464 1297 phil.
2505 1234 2640 1296 Lips.
2682 1233 2825 1283 ⁴8⁴7.

668 1318 833 1368 Huius
866 1315 1271 1380 scriptiunculae
1305 1318 1518 1379 ignarus
1551 1330 1659 1367 non
1692 1318 1898 1366 minore
1933 1317 2218 1379 sagacitate
2253 1316 2481 1366 eandem
2510 1316 2829 1365 sententiam

668 1402 910 1465 exposuit
942 1401 1205 1451 Weiskius
1239 1400 1411 1450 iunior
1445 1401 1496 1449 in
1532 1401 1698 1451 lahnii
1730 1400 1913 1451 Annal.
1938 1399 2066 1464 phil.
2094 1413 2139 1450 a.
2173 1401 2317 1450 ⁴830.
2355 1401 2429 1450 Ex
2460 1400 2653 1450 horum
2676 1400 2831 1462 igitur

667 1486 929 1535 sententia
961 1487 1332 1547 argumentum
1367 1483 1469 1533 hoc
1503 1486 1607 1533 est:
1649 1483 1833 1548 «Apud
1879 1485 2145 1547 Archytae
2177 1486 2339 1533 tenue
2373 1481 2715 1547 sepulchrum
2749 1480 2831 1532 lo-

667 1581 838 1632 quens
873 1568 1137 1618 inducitur
1167 1567 1361 1616 umbra
1394 1567 1622 1618 hominis
1657 1568 1925 1631 naufragio
1960 1569 2219 1629 exstincti,
2257 1568 2348 1631 qui
2383 1567 2469 1618 fati
2504 1568 2585 1617 sui
2619 1565 2829 1616 acerbi-

668 1654 832 1701 tatem
878 1664 1002 1702 cum
1048 1651 1202 1701 simili
1237 1651 1506 1712 Archytae
1540 1654 1715 1711 sorte,
1768 1653 1883 1701 tum
1917 1651 2332 1702 clarissimorum
2366 1652 2643 1700 hominum
2677 1662 2830 1699 com-

667 1737 939 1801 paratione
973 1738 1133 1798 atque
1169 1734 1411 1798 imposita
1447 1732 1665 1784 tandem
1700 1733 1948 1785 omnibus
1982 1735 2301 1784 necessitate
2336 1732 2558 1793 solatur,
2597 1733 2826 1796 denique

665 1832 696 1869 a
732 1821 892 1869 nauta
917 1831 1038 1868 eam
1061 1831 1212 1868 oram
1236 1830 1365 1868 casu
1386 1818 1831 1880 praetervehente
1856 1819 2095 1882 corporis
2118 1819 2200 1868 sui
2223 1817 2424 1880 flagitat
2445 1814 2826 1879 sepulturam.»

663 1902 900 1953 Eandem
936 1901 1046 1951 fere
1080 1902 1571 1965 interpretationem
1609 1899 1875 1963 dialogum
1911 1914 2015 1951 non
2047 1915 2168 1952 esse
2200 1915 2301 1951 nec
2332 1899 2686 1966 μονολογιαν
2707 1912 2828 1963 pro—

663 1987 778 2050 prie
822 1985 1045 2043 dictam,
1099 1984 1198 2034 sed
1239 1987 1429 2048 poetae
1475 1985 1638 2048 ipsius
1681 1980 2001 2049 φάντασμα
2038 1984 2260 2034 adscivit
2292 1986 2511 2034 Liinxsn.
2582 1982 2828 2034 Similiter

664 2069 845 2133 Regel:
903 2067 1203 2132 «Equidem
1249 2069 1380 2118 certi
1426 2067 1551 2117 nihil
1596 2067 1864 2118 affirmare
1909 2069 2109 2129 ausim,
2163 2068 2454 2119 admodum
2500 2072 2680 2118 tamen
2711 2069 2826 2118 veri

662 2154 832 2204 simile
866 2154 1022 2217 puto,
1060 2154 1334 2203 Horatium
1365 2150 1689 2215 periculum,
1728 2151 1874 2215 quod
1908 2153 2007 2216 ipsi
2041 2153 2093 2201 in
2129 2152 2313 2201 itinere
2348 2153 2613 2202 maritimo
2650 2152 2826 2202 immi-

664 2239 838 2287 nuerit
874 2237 982 2301 (cfr.
1020 2235 1116 2286 Od.
1154 2236 1213 2295 3,
1253 2235 1312 2293 4,
1350 2237 1441 2286 27:
1475 2249 1556 2285 me
1587 2237 1782 2285 Devota
1812 2250 1913 2285 non
1946 2236 2187 2285 exstinxit
2220 2236 2369 2285 arbos
2398 2237 2500 2285 Nec
2533 2237 2706 2285 Simila
2724 2237 2825 2285 Pa-

660 2322 858 2371 linurus
903 2319 1103 2384 tandm)
1153 2320 1365 2383 poetico
1415 2320 1578 2370 modo
1622 2332 1908 2370 exornasse
1954 2322 2031 2380 et,
2084 2321 2360 2383 tamquam
2404 2333 2463 2369 re
2506 2333 2635 2370 vera
2670 2320 2825 2369 undis

662 2404 884 2455 obrutus
919 2404 1099 2464 fuerit,
1154 2416 1213 2453 se
1251 2404 1356 2452 iam
1393 2403 1693 2453 exanimem
1731 2404 1783 2452 in
1819 2402 2010 2453 iisdem
2043 2402 2375 2465 regionibus,
2426 2402 2521 2452 ubi
2555 2403 2823 2466 quondam

664 2489 925 2551 Archytas
959 2487 1292 2550 naufragium
1329 2487 1544 2548 fecerat,
1583 2488 1847 2537 iacentem
1880 2487 2113 2537 finxisse.
2134 2489 2273 2539 *Utut
2303 2500 2392 2538 res
2427 2501 2485 2538 se
2520 2488 2708 2548 habet,
2756 2489 2825 2538 de

625 2572 920 2644 ‚colloquio
969 2573 1115 2621 certe
1149 2571 1490 2633 cogitandum
1526 2584 1633 2620 non
1664 2570 1924 2621 videtur.»
1994 2572 2141 2621 Hanc
2174 2584 2304 2620 vero
2339 2571 2407 2621 de
2443 2572 2658 2622 Horatio
2693 2584 2826 2622 nau-

661 2657 806 2719 frago
840 2656 1146 2720 opinionem
1182 2654 1250 2704 ab
1295 2653 1408 2705 aliis
1451 2656 1557 2704 iam
1598 2655 1927 2718 propositam
1973 2653 2253 2718 displicere
2287 2656 2417 2705 mihi
2451 2656 2739 2718 significavi
2772 2655 2824 2704 in

661 2741 900 2791 Editione
933 2740 1133 2803 prima,
1180 2752 1356 2802 neque
1393 2750 1534 2788 nunc
1569 2751 1690 2788 eam
1726 2736 1970 2801 amplecti
2004 2751 2251 2802 possum,
2295 2740 2478 2803 utpote
2512 2740 2825 2790 arcessitam

659 2826 819 2887 atque
873 2824 1029 2876 nimis
1080 2823 1438 2873 artificiosam.
1524 2821 1749 2871 Editoris
1796 2821 2068 2872 Leidensis
2120 2824 2300 2872 autem
2343 2823 2517 2886 opinio
2558 2823 2824 2885 Archytae

659 2908 823 2971 ipsius
855 2905 1108 2957 umbram
1142 2918 1241 2969 per
1275 2907 1446 2955 totum
1479 2917 1699 2954 carmen
1739 2904 1912 2969 loqui,
1958 2919 2190 2969 paucos,
2240 2907 2340 2956 nisi
2385 2904 2556 2967 fallor,
2592 2907 2826 2970 reperiet

661 2991 912 3041 fautores.
954 2991 1099 3052 (Eam
1135 2990 1315 3038 tamen
1345 2988 1740 3038 defendendam
1766 2990 2003 3053 suscepit
2024 2990 2230 3039 Steiner
2252 2990 2437 3039 Conun.
2462 2990 2638 3039 Horat.
2666 2991 2819 3052 Spec.

662 3076 726 3126 11.
745 3087 798 3137 p.
822 3073 899 3122 ⁴3.
922 3071 1064 3135 sqq.)
1092 3072 1343 3122 Ceterum
1366 3071 1557 3121 eadem
1582 3072 1896 3123 iamdudum
1920 3072 2094 3122 fuerat
2108 3074 2367 3124 sententia
2388 3075 2480 3123 Ge.
2501 3073 2741 3124 Fabricii.
2764 3101 2819 3110 —-

662 3155 838 3207 Simile
885 3153 1276 3218 quadamtenus
1320 3157 1694 3217 argumentum
1732 3158 2053 3206 tractaverat
2084 3158 2190 3206 iam
2225 3157 2572 3208 Archilochus
2604 3160 2823 3208 auctore

662 3239 944 3292 Plutarcho
987 3237 1055 3288 de
1102 3236 1224 3288 aud.
1273 3241 1415 3300 poet.
1452 3251 1505 3302 p.
1544 3239 1626 3288 86.
1670 3240 1977 3302 Wyttenb.:
2036 3236 2139 3291 τὸν
2187 3234 2370 3313 ἄνδρα
2414 3238 2521 3307 τῆς
2566 3236 2825 3305 ἀδελφῆς

663 3318 1064 3389 ἠφανισμένον
1112 3320 1174 3372 ἐν
1222 3317 1481 3393 θαλάττῃ
1539 3323 1640 3372 καὶ
1686 3319 1772 3389 μὴ
1822 3320 2077 3384 τυχόντα
2123 3327 2377 3390 νομίμου
2427 3322 2622 3390 ταφῆς
2675 3323 2823 3392 λέγει

661 3403 892 3479 θρηνῶν
931 3401 1308 3477 μετριώτερον
1341 3398 1419 3455 (ἲν
1451 3401 1558 3471 τὴν
1592 3404 1907 3478 συμφορὰν
1940 3407 2207 3475 ἐνεγκεῖν,
2242 3408 2317 3459 Εἰ
2345 3410 2538 3460 κείνου
2562 3404 2824 3474 κεφαλὴν

664 3494 764 3543 καὶ
806 3492 1078 3562 χαρίεντα
1116 3488 1263 3556 μέλη
1295 3481 1617 3554 ’Ἠφαιστος
1656 3492 2004 3563 καθαροῖσιν
2047 3492 2109 3543 ἐν
2142 3493 2372 3558 εἵμασιν
2405 3489 2818 3560 ἀμφεπονήθη.

671 3604 727 3614 -
766 3577 941 3637 Certe,
979 3576 1023 3626 si
1056 3575 1329 3636 Horatius,
1373 3574 1518 3639 quod
1552 3588 1649 3627 nos
1681 3589 1902 3639 prorsus
1934 3578 2265 3640 ignoramus,
2315 3580 2579 3628 Graecum
2611 3574 2829 3642 aliquod

668 3663 885 3713 secutus
920 3662 1004 3711 est
1036 3658 1325 3725 exemplar,
1361 3659 1567 3722 lyricen
1601 3673 1708 3709 non
1742 3659 1862 3722 fuit,
1901 3674 2027 3711 cum
2060 3663 2182 3725 post
2213 3674 2408 3712 novem
2443 3662 2661 3724 Lyricos
2682 3662 2825 3712 vixe-

667 3747 735 3797 rit
766 3745 1052 3808 Archytas,
1090 3743 1189 3795 sed
1222 3739 1502 3794 είδύλλιον
1533 3741 1621 3793 vel
1655 3744 1813 3793 etiam
1850 3745 2176 3807 epigramma
2209 3743 2593 3795 Alexandrinae
2615 3746 2820 3794 aetatis.

667 3832 865 3880 Verum
900 3828 1306 3892 significationes
1340 3827 1457 3879 illae
1490 3827 1654 3878 litor-is
1684 3829 1868 3879 Matini
1890 3830 1946 3878 et
1970 3829 2209 3878 Venusiae
2239 3829 2292 3878 in
2315 3831 2575 3879 Graecum
2607 3830 2822 3893 poetam

667 3912 903 3977 profecto
947 3925 1053 3962 non
1097 3911 1317 3972 cadunt,
1372 3911 1470 3962 sed
1507 3912 1756 3976 propriae
1800 3912 2049 3962 videntur
2090 3912 2303 3962 Horatii.
2388 3914 2611 3962 Prorsus
2644 3913 2825 3962 autem

671 3997 941 4047 diversum
976 3995 1135 4046 fuisse
1169 3992 1501 4046 Archilochei
1536 3995 1785 4045 carminis
1809 3997 2008 4046 exitum
2030 3994 2189 4045 docet
2210 3995 2436 4045 alterum
2456 3996 2662 4059 Fragm.
2686 3994 2821 4046 lhid.

670 4095 723 4146 p.
762 4080 875 4129 422.
915 4077 1019 4129 Cfr.
1059 4079 1219 4129 etiam
1253 4079 1471 4142 Dionys.
1511 4081 1670 4142 Long.
1709 4079 1798 4140 to,
1851 4080 1901 4129 ’1.
1963 4079 2131 4142 (Quod
2164 4091 2293 4130 vero
2326 4079 2397 4130 ad
2429 4080 2602 4143 ipsam
2633 4092 2827 4143 super-

670 4164 963 4224 stitionem,
1019 4175 1156 4226 quae
1208 4161 1294 4212 hic
1345 4163 1600 4226 tangitur,
1655 4163 1869 4224 attinet,
1923 4162 2019 4213 cfr.
2054 4162 2311 4214 Achillem
2360 4164 2567 4215 Tatium
2613 4177 2666 4228 p.
2706 4163 2820 4213 ⁴⁴6.

671 4247 884 4299 Iacobs:
922 4245 1173 4314 Λέγουσι
1205 4243 1268 4297 δὲ
1299 4243 1403 4308 τὰς
1435 4244 1498 4296 ἐν
1531 4237 1695 4297 ὕδατι
1729 4241 1934 4310 ψυχὰς
1965 4240 2332 4320 ἀνῃρημένας
2362 4243 2510 4313 μηδὲ
2542 4248 2624 4309 εἰς
2635 4238 2824 4298 Ἅιδου
