3234 4975
618 411 741 476 478

1374 410 1630 461 HORA'm
1666 409 2002 464 CARMlNUM

871 566 935 632 Si
980 585 1108 631 non
1153 563 1468 651 supplicio
1513 562 1703 651 culpa
1746 563 2081 638 reciditur,

788 685 957 765 Quid
1000 684 1178 772 leges
1222 684 1361 750 sine
1405 682 1694 750 moribus

874 808 1085 872 Vanae
1129 804 1498 892 proficiunt,
1548 803 1601 869 si
1648 824 1862 890 neque
1909 802 2169 869 fervidis

790 966 945 1030 Pars
992 961 1238 1028 inclusa
1278 960 1604 1027 caloribus

872 1080 1087 1148 Mundi
1140 1102 1260 1148 nec
1304 1083 1551 1147 Boreae
1594 1079 1930 1147 finitimum
1972 1079 2137 1146 latus

791 1204 1202 1288 Durataeque
1246 1200 1387 1267 solo
1428 1201 1613 1267 nives

872 1324 1291 1389 Mercatorem
1336 1319 1630 1409 abigunt,
1679 1320 1941 1386 horrida
1985 1319 2194 1386 callidi

752 1537 834 1588 39.
871 1536 989 1601 solo]
1022 1536 1138 1601 aeliu
1169 1534 1439 1587 Bentleius
1473 1536 1611 1586 coni.

624 1723 982 1787 dignationem
998 1720 1153 1772 valde
1176 1721 1507 1785 impetuosae
1531 1717 1675 1770 clau-

626 1796 774 1847 sulae
792 1796 1065 1861 poeticae,
1091 1807 1256 1858 quam
1277 1807 1451 1858 nuper
1469 1806 1674 1845 nonne-

625 1883 714 1921 mo
748 1871 944 1921 misere
974 1870 1052 1919 sic
1084 1869 1392 1933 discerpsit.
1441 1868 1572 1930 Quid
1592 1893 1624 1904 -
1642 1893 1673 1904 -

620 1942 923 2008 proficiunt?
956 1942 1352 2006 Si--abimmt,
1375 1942 1674 1992 horrida--

623 2019 860 2068 navitae:
905 2019 1152 2081 uacuum
1178 2044 1209 2054 -
1239 2043 1270 2053 -
1297 2017 1507 2066 wduae.
1538 2016 1671 2080 (sine

629 2091 881 2154 interrog.
910 2091 1098 2154 signo.)
1128 2118 1184 2126 —
1219 2090 1477 2154 reciditur]
1511 2088 1674 2140 veluti

629 2164 782 2216 ulcus
806 2164 1115 2215 insanabile.
1146 2192 1202 2200 —
1230 2164 1359 2227 Quid
1378 2164 1573 2228 109031«
1548 2165 1676 2214 «Le-

626 2251 721 2303 ges
742 2239 920 2289 irritae
954 2240 1200 2299 manent,
1239 2238 1339 2288 nisi
1371 2250 1558 2288 earum
1590 2250 1675 2287 se-

625 2313 835 2363 veritati
863 2314 1060 2363 civium
1080 2324 1263 2362 mores
1288 2311 1671 2376 respondent.»

627 2386 813 2447 («Quid
833 2385 979 2449 leges
1001 2386 1312 2450 proficiunt,
1338 2398 1476 2450 quae
1500 2397 1672 2434 vanae

627 2463 752 2512 sunt
793 2461 906 2512 sine
941 2458 1207 2521 moribus,
1264 2472 1401 2523 quos
1444 2459 1672 2510 eaedem

626 2534 1066 2600 praescribunt&
1138 2534 1214 2583 Da
1249 2535 1391 2583 Roor
1424 2533 1491 2583 ad
1530 2533 1673 2584 Mar-

628 2608 733 2660 tial.
770 2622 824 2674 p.
861 2608 964 2671 72.)
995 2635 1050 2644 —
1087 2607 1131 2657 si
1161 2606 1334 2670 neque]
1370 2608 1517 2657 Hanc
1550 2619 1676 2656 sen-

629 2684 881 2735 tentiam:
922 2683 998 2731 «si
1030 2679 1338 2731 insatiabilis
1372 2679 1504 2731 lucri
1526 2681 1673 2743 cupi-

628 2759 699 2808 do
722 2769 912 2807 omnes
935 2758 1269 2805 transversos
1304 2755 1469 2818 agiu»
1509 2755 1671 2804 variis

627 2830 944 2895 imaginibus
978 2831 1223 2881 exornat:
1280 2830 1672 2879 «mercatorem

628 2919 736 2957 non
759 2905 1026 2955 absterret
1047 2917 1078 2952 a
1098 2905 1324 2966 quaestu
1346 2915 1677 2966 persequen-

629 2979 700 3029 do
744 2991 846 3029 nec
890 2977 1088 3027 torrida
1122 2988 1299 3038 neque
1333 2974 1506 3039 gelida
1539 2989 1673 3026 zona

631 3053 770 3102 cet.»
827 3079 882 3087 -
936 3051 1129 3100 Boreae
1172 3049 1462 3114 finitivum]
1521 3050 1671 3100 ovid.

629 3126 842 3177 Metam.
882 3126 941 3185 4,
978 3122 1077 3174 64:
1114 3123 1371 3184 Scythiam
1401 3128 1678 3186 septemque

631 3199 843 3248 trionem
862 3196 1095 3260 Hor-riser
1126 3197 1311 3246 invasit
1332 3197 1545 3258 Boreas,
1581 3197 1677 3247 ubi

628 3272 922 3336 perpetuae
958 3270 1108 3320 nives
1141 3272 1289 3331 sunt,
1328 3272 1379 3320 ln
1413 3270 1527 3321 solo
1551 3283 1680 3321 con-

629 3345 850 3410 gelatae
891 3372 947 3380 -
972 3344 1297 3406 Durataeque
1322 3343 1449 3409 solo]
1473 3346 1673 3395 Tatian.

630 3420 752 3471 adv.
791 3420 989 3470 Gentes
1022 3413 1377 3482 20:011&-
1422 3433 1677 3490 γεωγρα-

628 3496 772 3557 φίας
804 3488 1227 3558 ἐκπονήσαντες
1257 3485 1575 3578 ᾖτιάσανῖο
1597 3522 1629 3532 -
1649 3520 1679 3530 -

627 3566 820 3621 τόπων
868 3568 977 3633 μὲν
1008 3562 1143 3617 τὸ
1115 3581 1399 3638 εκπυρον,
1451 3565 1567 3617 τῶν
1613 3566 1677 3618 δὲ

630 3639 699 3694 τὸ
748 3639 987 3714 ψυχρὸν
1051 3644 1151 3692 καὶ
1215 3639 1673 3709 διαπεπηγός.

633 3719 822 3769 «Nives
837 3756 849 3779 ‚
878 3730 1015 3781 quae
1039 3718 1273 3781 primum
1294 3719 1480 3782 putres
1504 3724 1674 3779 erant,

631 3789 752 3856 gelu
802 3791 1086 3842 adstrictae
1136 3792 1359 3842 firmiter
1409 3790 1512 3841 illic
1564 3790 1678 3841 solo

630 3866 975 3916 adhaerent.»
1041 3866 1158 3916 Solo
1179 3879 1277 3930 pro
1313 3867 1397 3916 «in
1431 3865 1570 3927 s010‚
1609 3866 1680 3915 ad

632 3938 858 3991 solum.»
943 3941 1210 4004 Significat
1260 3953 1352 3990 eas
1403 3953 1679 4004 nunquam

632 4014 792 4076 solvi,
842 4017 903 4065 ut
951 4016 1011 4065 fit
1057 4016 1107 4065 in
1152 4013 1422 4066 Helvetiae
1469 4012 1679 4078 alpibus

631 4088 955 4152 glacialibus».
994 4091 1126 4140 Prae
1149 4088 1251 4139 bac
1273 4088 1501 4152 imagine
1526 4089 1683 4139 Bent-

632 4164 720 4216 leii
767 4163 896 4216 illud
941 4164 1058 4228 polu
1105 4163 1335 4214 otiosum
1376 4167 1577 4215 manet.
1619 4191 1674 4201 —

632 4240 806 4290 callidi
842 4265 872 4275 -
907 4264 938 4275 -
980 4237 1215 4300 mnae]
1292 4239 1679 4301 «navigationis

2706 1323 2789 1386 40

1745 1720 1883 1770 adeo
1924 1720 2105 1785 periti,
2154 1721 2214 1770 ut
2261 1719 2565 1770 discrimina
2608 1732 2790 1770 rerum

1745 1807 1810 1845 ac
1841 1793 2114 1857 naunagia
2145 1793 2464 1859 plerumque
2499 1793 2789 1844 devitent.-

1746 1867 1853 1919 Cfr.
1891 1868 2022 1933 Epp.
2060 1869 2109 1929 4,
2147 1870 2203 1929 4,
2240 1867 2321 1919 45.

1811 1978 1875 2030 42
1896 2005 1927 2016 -
1948 1977 2029 2031 44.
2065 1979 2311 2042 namnum
2332 1978 2458 2042 cet.]
2491 1978 2691 2043 Repete
2724 1991 2791 2028 ex

1744 2052 2033 2117 praecedd.
2072 2053 2131 2102 si.
2170 2052 2347 2117 Eurip.
2389 2050 2467 2102 El.
2509 2052 2631 2102 375:
2670 2045 2792 2111 ἔχει

1744 2122 1926 2177 νόσον
1958 2125 2167 2186 Πενία,
2223 2120 2481 2176 διδάσκει
2524 2123 2573 2175 δ
2607 2118 2795 2196 ἄνδρα

1745 2196 1815 2271 τῇ
1856 2202 2022 2271 χρείᾳ
2060 2196 2506 2250 κακόν.1,ιιοίειιι
2527 2200 2595 2249 de
2620 2213 2789 2250 merc.

1745 2274 1906 2325 cond.
1932 2288 1986 2338 p.
2014 2276 2139 2325 747.
2198 2273 2379 2325 Πενία
2399 2270 2586 2323 πάντα
2608 2277 2794 2324 ποιεῖν

1744 2348 1842 2397 καὶ
1903 2344 2152 2408 πάσχειν
2218 2342 2653 2409 ἀναπείθουσα,
2714 2343 2794 2411 ὦς

1743 2421 1989 2489 ἐκφύγοι
2022 2437 2109 2486 τις
2139 2416 2340 2489 αὐτήν.
2379 2422 2488 2474 Cir.
2516 2425 2624 2474 Sat.
2650 2424 2711 2486 2,
2739 2424 2789 2484 3,

1745 2498 1827 2549 94.
1886 2525 1940 2534 --
1988 2499 2540 2564 Wmis--arduaej
2594 2510 2797 2563 «quam

1744 2571 1921 2623 colere
1946 2584 2036 2623 res
2059 2575 2144 2623 est
2180 2572 2455 2627 difficilis»
2517 2574 2641 2623 Sine
2665 2586 2797 2623 cau-

1742 2659 1804 2697 sa
1825 2645 2087 2710 volgatius
2115 2648 2257 2697 viam
2289 2648 2538 2710 (Virtutis)
2575 2649 2798 2698 arduam

1744 2734 1810 2770 ex
1845 2721 2061 2771 Hesiodi
2094 2721 2150 2771 E.
2187 2721 2303 2771 287.
2352 2720 2586 2772 malebat
2630 2723 2792 2772 Lam-

1741 2794 1918 2846 binus.
1963 2796 2091 2844 Stat.
2128 2794 2293 2845 Theb.
2334 2795 2424 2857 ⁴0,
2462 2794 2593 2846 845:
2651 2796 2784 2856 Hac,

1746 2870 1845 2931 ait,
1880 2869 1935 2918 in
1969 2868 2186 2929 Thebas,
2221 2868 2325 2931 ¹hac
2354 2882 2436 2919 me
2467 2868 2598 2918 iubet
2629 2870 2799 2919 ardua

1743 2945 1907 2993 virtus
1925 2943 2021 2992 Ire.
2052 2970 2107 2979 —
2136 2943 2329 3006 deserit]
2364 2943 2654 3006 Resumpto
2678 2955 2799 2992 ver-

1746 3017 1820 3067 bo
1871 3016 2018 3066 finito
2063 3014 2230 3066 multo
2276 3014 2547 3067 efficacior
2579 3016 2638 3066 fit
2670 3029 2798 3067 sen-

1748 3091 1911 3140 tentia
1946 3091 2253 3154 gratiusque
2277 3091 2512 3139 variatur
2545 3091 2660 3140 eius
2695 3089 2800 3141 l'or-

1749 3176 1837 3213 ma
1889 3176 2052 3227 quam
2116 3164 2161 3214 si
2221 3176 2286 3212 ex
2337 3161 2538 3227 volgari
2591 3165 2797 3214 ratione

1750 3239 2117 3288 continuasset
2163 3237 2473 3299 infinitivos‚
2541 3237 2675 3288 iubet
2705 3264 2735 3274 -
2769 3264 2799 3274 -

1747 3313 1987 3362 deseroee.
2056 3313 2341 3362 Praeterea
2374 3311 2612 3377 prudens
2646 3310 2800 3362 devi-

1750 3387 1880 3436 tavit
1924 3386 2189 3449 ingratum
2234 3398 2558 3437 concursum
2589 3385 2797 3437 litterae

1750 3461 1972 3511 caninae
2004 3460 2227 3510 deserere
2259 3461 2469 3510 arduae.

1815 3570 1898 3622 45.
1936 3570 2019 3622 46.
2062 3571 2144 3621 Vel
2173 3572 2280 3636 nos]
2314 3573 2428 3622 lam
2452 3574 2510 3622 ut
2537 3573 2590 3622 in
2614 3571 2799 3637 Epodo

1750 3646 1880 3697 XVI.
1934 3645 2151 3695 unicum
2203 3644 2465 3696 adversus
2514 3647 2800 3696 imminen-

1750 3722 1861 3771 tem
1886 3720 2182 3784 perniciem
2206 3720 2509 3770 remedium
2531 3722 2584 3771 in
2607 3734 2673 3771 eo
2706 3733 2803 3785 po,-

1751 3796 1853 3855 nit‚
1890 3797 1950 3844 ut
1978 3793 2161 3845 relicta
2194 3792 2339 3844 ltalia
2375 3793 2626 3846 meliores
2650 3795 2799 3846 cives

1752 3869 1872 3932 suga
1906 3871 2092 3933 petant
2124 3869 2412 3919 Beatorum
2447 3868 2674 3929 insulae,
2728 3870 2801 3919 ita

1752 3943 1838 3993 hic
1871 3941 2028 3993 simili
2061 3942 2264 4006 impetu
2296 3944 2507 4007 poetico
2546 3942 2803 4007 abreptus

1753 4018 1970 4079 suadet,
2009 4020 2068 4067 ut
2100 4029 2363 4081 generoso
2396 4016 2614 4068 consilio
2644 4019 2801 4081 capto

1754 4092 1966 4142 divitiae
2002 4105 2191 4143 omnes
2227 4090 2363 4142 illico
2397 4093 2559 4155 atque
2595 4093 2648 4142 in
2681 4104 2805 4157 per-

1752 4168 1976 4230 petuum
1998 4163 2330 4217 aboleantur.
2390 4166 2456 4216 Et
2490 4165 2544 4216 id
2580 4165 2801 4229 quidem

1754 4239 1967 4290 duobus
2015 4241 2221 4300 modis,
2280 4241 2418 4291 inter
2460 4252 2596 4304 quos
2629 4251 2803 4304 popu-
