3234 4975
628 386 753 450 354

1401 388 1660 439 HORATII
1696 389 2034 441 CARMINUM

964 543 1342 631 Nostrisque
1387 543 1654 610 ductum
1704 543 2130 611 seditionibus

965 663 1212 732 Bellum
1257 664 1515 732 resedit.
1608 664 1907 731 Protinus
1951 676 2016 731 et
2059 686 2292 753 graves

2720 671 2802 737 30

1052 788 1188 852 Iras
1232 796 1299 851 et
1340 785 1619 851 invisum
1660 795 1964 873 nepotem
1991 838 2005 863 ,

1128 907 1356 973 Troica
1398 927 1595 994 quem
1644 908 1898 994 peperit
1939 907 2284 983 sacerdos,

962 1065 1142 1131 Marti
1187 1063 1560 1145 redonab03
1606 1064 1787 1132 illum
1828 1085 1951 1154 ego
1995 1065 2244 1133 lucidas

966 1185 1135 1252 lnire
1181 1184 1412 1262 sedes,
1462 1186 1708 1253 ducere
1751 1186 2032 1254 nectaris

747 1385 827 1434 30.
876 1383 1052 1447 gravis
1083 1382 1137 1432 b.
1182 1411 1236 1419 —
1272 1382 1354 1433 32.
1396 1384 1548 1432 Treta
1589 1385 1811 1433 auctore
1853 1384 2069 1434 Heinsio
2103 1383 2294 1447 Bentl.,
2332 1385 2385 1436 F.
2429 1413 2485 1423 -
2521 1387 2600 1437 33.
2641 1402 2731 1452 eqo

681 1471 788 1508 om.
816 1459 872 1507 T.
904 1484 958 1494 —
996 1456 1075 1507 34.
1114 1457 1308 1521 ducere]
1344 1458 1530 1508 discere
1563 1457 1693 1519 ch,
1732 1471 1870 1508 corr.
1909 1460 1959 1517 S,
1996 1454 2278 1522 βκξχψω,
2314 1473 2398 1523 pr.
2435 1475 2484 1509 ν.
2515 1464 2569 1512 et
2608 1476 2722 1512 var.

679 1530 800 1582 lect.
837 1548 875 1582 ι.
917 1533 994 1595 (Ut
1030 1543 1146 1592 nos,
1182 1545 1264 1595 pr.
1302 1532 1365 1594 S,
1400 1532 1635 1582 Pottierii
1671 1532 1727 1594 4,
1763 1533 1821 1594 3,
1859 1534 1914 1593 6,
1955 1533 2041 1593 43,
2081 1535 2170 1594 45,
2208 1534 2311 1597 23.)

678 1709 892 1759 29-34.
952 1707 1182 1772 ductim]
1243 1708 1662 1772 «productumu»

611 1795 714 1833 usu
747 1782 997 1833 omnibus
1031 1783 1159 1832 satis
1195 1784 1354 1842 noto;
1391 1783 1469 1833 sic
1503 1783 1665 1834 etiam

611 1858 812 1907 trahere
861 1857 1040 1907 bellam
1088 1855 1189 1906 Sal.
1238 1858 1347 1919 lug.
1387 1855 1468 1907 64.
1537 1857 1660 1907 Tac.

613 1934 743 1983 Hist.
781 1933 838 1992 2,
876 1931 958 1981 34.
1007 1957 1062 1967 -
1119 1930 1455 1996 seditionibus]
1508 1930 1659 1980 Ovid.

612 2007 766 2057 Trist.
805 2006 861 2066 4,
898 2006 963 2068 2,
999 2006 1064 2055 5:
1102 2005 1344 2055 Mulciber
1363 2006 1418 2054 in
1443 2005 1660 2066 Troiam,

608 2094 705 2146 pro
767 2080 917 2129 Prota
969 2078 1139 2129 stabat
1205 2079 1380 2142 Apollo
1397 2093 1415 2139 ,·
1489 2079 1665 2142 Aequa

619 2156 779 2204 Venus
825 2154 1022 2203 Teucris
1037 2191 1055 2214 ‚
1104 2154 1274 2204 Pallas
1321 2154 1500 2216 iniqua
1542 2154 1657 2218 sicit.

611 2228 715 2291 (Sic
768 2227 911 2291 apud
958 2228 1068 2278 Liv.
1106 2226 1200 2289 45,
1240 2229 1319 2278 49.
1396 2229 1665 2279 domnica

608 2304 781 2353 seditio
805 2304 890 2353 est
912 2301 1209 2353 «discordia
1235 2302 1373 2353 inter
1398 2303 1659 2374 fratres»)

616 2404 672 2414 -
707 2378 902 2441 resedit]
941 2380 1032 2427 «ut
1065 2378 1227 2428 maris
1260 2379 1442 2428 aestus
1476 2378 1664 2428 sedata

611 2454 966 2515 tempestate,
1004 2452 1082 2503 sic
1117 2452 1502 2516 compositum,
1540 2451 1663 2502 fini-

610 2529 724 2578 tum
774 2529 860 2578 est
889 2525 1093 2577 bellum
1128 2539 1320 2577 eversa
1354 2528 1560 2576 Troia.»
1600 2551 1656 2562 —

608 2601 862 2666 Protinus]
902 2614 1000 2652 «ex
1032 2602 1136 2652 hoc
1171 2602 1429 2666 temporis
1461 2603 1662 2665 puncto

609 2678 663 2726 in
714 2675 1002 2726 futurum.»
1096 2677 1161 2727 Ut
1205 2678 1364 2740 poeta
1383 2714 1396 2737 ,
1463 2673 1660 2726 nullam

608 2749 773 2800 habet
788 2752 1049 2800 rationem
1069 2752 1306 2800 aetatum
1322 2751 1460 2800 inter
1475 2751 1660 2799 Troiae

609 2823 876 2875 excidium
910 2826 963 2874 et
995 2822 1202 2875 Romuli
1236 2823 1560 2874 adscensum
1607 2825 1660 2873 in

612 2896 823 2957 caelum
856 2899 1286 2961 praeteritarum.
1329 2925 1383 2934 -
1419 2899 1660 2963 nopotem]

612 2971 924 3023 «Romulum
947 3010 958 3032 ,
998 2972 1175 3022 Martis
1212 2970 1429 3022 fllium.»
1474 2974 1666 3024 Dicen-

613 3045 744 3095 dum
778 3044 865 3095 vel
897 3046 1003 3095 hoc
1037 3048 1185 3107 erat,
1234 3059 1360 3096 cum
1394 3046 1534 3098 male
1577 3047 1665 3098 alii

610 3121 940 3184 interpretati
957 3119 1064 3170 sint
1088 3132 1284 3171 «unum
1303 3124 1662 3186 posterorum,

614 3189 961 3261 ἀπόγονον.»

679 3307 760 3357 32.
819 3305 1028 3370 stoica]
1076 3306 1218 3369 Virg.
1255 3310 1385 3358 Aen.
1429 3310 1486 3368 4,
1535 3309 1662 3359 449ε

615 3383 767 3433 Troia
785 3394 949 3445 qam,
975 3379 1068 3430 ubi
1084 3381 1349 3444 Wagner:
1399 3381 1665 3433 «Alteram

614 3457 866 3516 formam,
907 3454 1132 3516 Troicus,
1167 3455 1380 3505 videtur
1401 3456 1665 3520 pedestris

615 3531 781 3581 oratio
817 3529 919 3580 sihi
953 3528 1278 3579 vindicare.»
1335 3530 1514 3580 Troica
1545 3543 1666 3581 ser-

613 3606 756 3656 vavit
806 3605 970 3655 etiam
1019 3604 1148 3653 Iahn
1196 3605 1250 3653 et
1295 3604 1552 3654 Meineke.
1605 3632 1662 3641 —

612 3678 861 3744 sacerdos]
898 3678 988 3729 llia
1022 3679 1135 3729 sive
1175 3679 1280 3727 Rea
1327 3675 1509 3739 Silvia,
1557 3678 1667 3728 Ve-

615 3752 789 3814 stali8,
849 3767 879 3804 e
937 3752 1194 3816 sanguine
1253 3752 1478 3802 Troiano
1528 3754 1663 3812 orta,

615 3841 739 3878 cum
774 3831 930 3891 pater
964 3828 1080 3878 eius
1114 3827 1357 3877 Numitor
1390 3824 1458 3875 ab
1487 3827 1667 3876 Aenea

615 3901 977 3953 descenderit.
1071 3899 1268 3951 Vestae
1327 3903 1544 3960 autem,
1608 3902 1669 3949 ut

616 3977 754 4027 deae
813 3976 1099 4038 Troianae,
1164 3974 1504 4025 sacerdotem
1559 3987 1667 4025 non

615 4049 892 4114 significat,
928 4051 1004 4101 uti
1039 4049 1258 4114 quidam
1291 4047 1471 4100 voluit.
1532 4048 1666 4100 Vide

617 4126 934 4176 Excursum.

682 4236 763 4287 33.
786 4235 867 4287 34.
904 4235 1083 4300 Marti]
1117 4234 1348 4300 «quippe
1365 4233 1471 4286 filio
1488 4248 1665 4288 meo.»

1739 1709 1869 1758 Iuno
1904 1711 2128 1760 Martem
2170 1708 2375 1762 lactans
2416 1714 2500 1762 est
2535 1713 2587 1762 in
2620 1714 2793 1764 Museo

1736 1783 1995 1834 Pio-Clam.
2034 1785 2072 1833 1.
2110 1785 2167 1833 T.
2193 1782 2242 1834 4.
2286 1811 2341 1821 —
2376 1787 2644 1851 redonabo]
2680 1789 2792 1839 Hoc

1736 1856 1905 1907 verbo
1939 1859 2078 1908 inter
2112 1858 2400 1921 scriptores
2436 1873 2580 1910 nunc
2603 1874 2791 1926 super-

1737 1932 1887 1982 stites
1922 1944 2061 1982 unus
2097 1933 2342 1983 Horatius
2376 1945 2507 1984 usus
2542 1935 2783 1996 videtui-3

1737 2002 1834 2055 alia
1891 2005 2273 2068 significatione
2328 2007 2425 2057 Od.
2478 2009 2535 2068 2,
2591 2009 2651 2069 7,
2711 2009 2784 2070 3.,

1736 2079 1790 2128 h.
1830 2077 1864 2128 l.
1903 2092 2002 2143 pro
2036 2082 2228 2130 donaro
2269 2081 2402 2144 (Cic.
2440 2081 2510 2131 ad
2553 2083 2696 2133 Fam.
2735 2085 2787 2144 ὅ,

1736 2152 1759 2203 i
1785 2167 1796 2202 ε
1845 2154 2136 2204 inimicitias
2165 2155 2242 2203 rei
2269 2155 2499 2216 publicae
2539 2157 2782 2221 donare.)

1736 2229 1791 2277 ct
1840 2229 2141 2289 condonare,
2195 2229 2248 2278 in
2293 2228 2515 2280 alicuius
2564 2232 2786 2293 gratiam

1734 2301 1893 2352 alicui
1936 2300 2134 2366 aliquid
2179 2305 2453 2354 remittere
2500 2304 2583 2354 vel
2629 2306 2785 2368 igno-

1735 2389 1909 2427 scere.
1940 2400 1997 2413 -—
2033 2376 2436 2441 lucidas-sedes]
2470 2378 2621 2429 Ovid.
2661 2381 2784 2431 Met.

1737 2452 1823 2512 45,
1874 2449 2000 2501 858:
2057 2451 2282 2514 luppiter
2332 2465 2476 2502 arcos
2526 2453 2787 2515 Temperat

1735 2526 1997 2576 materias,
2056 2524 2201 2576 Iliad.
2238 2541 2306 2587 α,
2343 2526 2473 2576 532:
2518 2523 2787 2593 αἰγλήεν-

1727 2613 1836 2660 ,τος
1879 2593 2187 2664 Ὀλύμπου.
2232 2625 2287 2636 -
2327 2601 2528 2666 ducere]
2583 2603 2644 2651 ut
2688 2602 2784 2652 Od.

1737 2676 1791 2734 4,
1844 2676 1932 2736 47,
1981 2676 2066 2725 22.
2139 2675 2235 2725 Od.
2285 2673 2341 2737 4,
2403 2677 2487 2735 42,
2547 2675 2658 2737 44.,
2708 2680 2791 2728 est

1740 2762 1895 2798 «cum
1920 2749 2151 2811 quadam
2188 2748 2455 2813 voluptate
2492 2750 2784 2813 obducere,

1736 2821 2012 2875 sorbillare
2029 2838 2087 2883 »;
2174 2826 2247 2874 ita
2322 2821 2477 2892 σπᾷν
2496 2862 2511 2886 ,
2601 2819 2787 2877 ἕλκειν

1738 2893 1916 2948 οἶνον.
1953 2897 2050 2948 Alii
2073 2900 2276 2961 discere,
2313 2900 2458 2962 quod
2492 2899 2782 2965 explicant:

1740 2986 2085 3023 «assuescere
2152 2973 2436 3037 saporibus
2500 2976 2785 3025 nectaria.»

1739 3048 1937 3097 Reiecit
1988 3048 2129 3097 hanc
2184 3046 2306 3098 lect.
2366 3047 2635 3099 Bentleius
2684 3050 2788 3099 hac

1739 3122 1943 3172 ratione
1994 3121 2214 3172 ductus:
2276 3122 2455 3184 «quod
2507 3124 2784 3182 discantur,

1740 3207 1879 3258 quae
1924 3194 2010 3244 vel
2059 3194 2424 3246 difficultatem
2461 3196 2544 3246 vel
2580 3199 2785 3247 metum

1737 3267 1825 3318 vel
1861 3269 2130 3321 fastidium
2170 3270 2421 3321 habent.»
2490 3271 2596 3321 Sed
2635 3274 2785 3322 recte

1739 3344 1883 3394 hunc
1915 3357 2077 3394 usum
2108 3348 2431 3410 perpetuum
2471 3358 2595 3396 esse
2630 3359 2790 3408 nega-

1737 3419 1815 3467 vit
1845 3417 2300 3482 vanderburgius.
2360 3418 2507 3486 Ovid.
2545 3421 2606 3470 A.
2638 3423 2700 3471 A.
2727 3420 2782 3481 3,

1739 3493 1832 3542 27:
1864 3505 1961 3554 per
1989 3506 2070 3542 me
2101 3493 2361 3544 discuntur
2380 3506 2592 3543 amores.
2633 3493 2788 3545 Clau-

1741 3567 1880 3616 dian.
1920 3566 2143 3630 Epithal.
2182 3568 2325 3628 430.,
2365 3567 2457 3617 ubi
2490 3568 2671 3619 Venus
2703 3566 2785 3618 lo·

1739 3641 1946 3712 quitur:
1995 3642 2152 3691 Viuite
2182 3643 2449 3692 concordes
2481 3647 2528 3692 et
2559 3648 2786 3692 nostrum

1740 3716 1911 3766 discito
1948 3729 2160 3775 muna&
2212 3716 2393 3765 Oscula
2429 3717 2565 3766 mille
2593 3723 2781 3767 sonent.

1740 3791 1891 3854 Rapt.
1951 3792 2197 3854 Proserp.
2255 3791 2313 3851 2,
2373 3789 2500 3840 367:
2556 3792 2787 3841 unanimi

1738 3865 1993 3915 consortia
2041 3866 2212 3915 discite
2256 3865 2443 3926 somni,
2502 3864 2571 3915 de
2621 3865 2786 3916 rebus

1740 3940 1922 4003 utique
1957 3940 2289 4002 gratissimis;
2340 3951 2533 3989 verum
2576 3939 2645 3989 de
2687 3953 2787 3990 ne-

1742 4015 1886 4064 ctare
1935 4013 2170 4078 potando
2220 4013 2404 4064 nescio
2448 4012 2578 4076 quid
2621 4012 2787 4063 habet

1741 4086 1974 4149 ridiculi,
2034 4086 2182 4152 quod
2230 4100 2335 4138 non
2382 4089 2669 4140 senserunt
2717 4088 2782 4147 ii,

1742 4163 1832 4226 qui
1877 4175 2053 4225 nuper
2094 4163 2281 4213 discere
2325 4175 2513 4214 rursus
2556 4159 2785 4225 amplexi

1741 4237 1881 4287 sunt.
1920 4236 2143 4287 omniuo
2175 4236 2229 4287 h.
2257 4234 2290 4287 l.
2316 4236 2564 4301 provenit
2594 4232 2664 4284 ab
2699 4233 2781 4295 iis,
