3234 4975
651 405 776 469 320

1419 404 1677 456 HoRATu
1715 402 2052 455 CARmNUM

906 561 1111 639 Euoe,
1159 562 1400 626 recenti
1443 580 1629 626 mens
1675 558 1954 646 trepidat
1996 567 2169 624 metu
2785 557 2824 619 5

905 681 1236 769 Plenoque
1279 680 1510 748 Bacchi
1556 690 1822 768 pectore
1876 678 2205 744 turbidum

989 803 1307 868 Laetatur.
1397 801 1604 877 Euoe‚
1654 820 1850 887 parce
1894 799 2122 875 Liber,

1074 923 1305 997 Parce,
1353 921 1531 1008 gravi
1575 920 1923 986 metuende
1965 919 2227 1008 thyrso!

787 1145 1610 1215 amem-“Eunoen

653 1352 792 1400 inter
824 1362 883 1400 se
916 1348 1111 1399 lascive
1147 1347 1445 1398 ludentium
1467 1348 1700 1411 imagine

652 1422 945 1475 luxuriatur
967 1423 1229 1473 Ausonius
1273 1423 1326 1472 in
1362 1420 1577 1473 Mosella
1603 1423 1701 1472 ⁴70

652 1511 807 1561 seqq.
845 1500 1016 1547 Immo
1049 1497 1157 1546 iam
1192 1495 1455 1546 Hesiodus
1489 1497 1697 1558 Fragm.

653 1572 734 1622 9⁴.
783 1571 879 1622 Ed.
919 1571 1124 1622 Didot.:
1181 1565 1405 1642 οὕρειαι
1453 1567 1703 1636 Νύμφαι

651 1645 787 1695 θεαί
816 1672 841 1682 -
857 1671 882 1682 -
902 1645 1015 1695 Καὶ
1046 1646 1210 1713 γένος
1245 1639 1561 1695 οὖτιδανῶν
1594 1645 1704 1694 Σα-

651 1712 839 1788 τὶῖρων
870 1719 970 1769 καὶ
991 1713 1461 1788 ἀμηχανοεργῶιν.
1506 1720 1701 1769 Contra

652 1793 804 1844 Ovid.
842 1794 994 1843 Tfist.
1021 1795 1079 1853 ὅ,
1117 1792 1173 1854 3,
1212 1792 1301 1842 37:
1339 1794 1423 1842 Sic
1445 1792 1531 1842 tibi
1557 1795 1703 1857 (Bac-

654 1866 772 1929 cho)
807 1880 924 1916 cum
954 1866 1160 1915 Bacchis
1197 1866 1498 1927 Satyrorum
1529 1881 1702 1930 quava

652 1941 881 1989 iuventius
922 1940 1089 2000 Adsit,
1143 1945 1191 1989 at
1234 1940 1443 1989 attonito
1475 1954 1578 1989 non
1615 1946 1700 1991 ta·-

652 2027 799 2064 ccarc
830 2027 966 2063 sone.
1011 2040 1067 2050 —
1100 2012 1291 2076 acutas]
1317 2013 1698 2075 significatione

654 2088 867 2152 propria
910 2086 1308 2151 accipiendum,
1361 2100 1466 2137 non
1510 2102 1701 2139 «arre-

653 2165 795 2222 ctaS,
831 2162 1127 2222 attentas,»
1173 2173 1312 2224 quae
1348 2162 1492 2211 notio
1524 2163 1702 2225 potius

655 2236 793 2286 inest
825 2236 876 2284 in
912 2236 1025 2299 ipsa
1059 2248 1110 2284 v.
1136 2249 1304 2285 moros.
1347 2234 1703 2298 Fingebantur

654 2311 798 2360 enim
822 2302 976 2372 ὀξεῖς
995 2304 1069 2358 τὰ
1091 2300 1212 2360 ὦτα
1233 2311 1288 2360 et
1305 2307 1456 2361 calvi.
1484 2311 1696 2360 Lucian.

655 2385 812 2434 Deor.
850 2385 1013 2436 Cone.
1050 2384 1099 2436 4.

719 2461 769 2510 5.
813 2458 967 2523 Enoc]
1003 2461 1061 2510 ln
1093 2472 1222 2511 vase
1255 2460 1531 2512 Bacchicis
1564 2460 1702 2509 ima-

654 2532 863 2597 ginibus
919 2534 1117 2584 referto
1172 2532 1372 2599 pluries
1428 2537 1512 2585 est
1564 2531 1702 2583 ETA

653 2607 855 2658 EYOE.
915 2609 1044 2658 Iahn
1091 2608 1406 2658 Vasenbildcr
1450 2607 1595 2658 ⁴839.
1642 2622 1698 2672 p.

655 2683 736 2732 2⁴.
798 2708 856 2718 —
913 2682 1147 2746 trepidat]
1201 2683 1426 2732 «acriter
1477 2683 1705 2745 agitatur

654 2769 818 2808 saevo
841 2755 926 2805 illo
950 2756 1171 2805 horrore
1187 2794 1199 2816 ,
1237 2757 1329 2820 qui
1348 2756 1704 2819 θεοφανεὶας

654 2831 896 2882 comitari
931 2828 1115 2880 solet.»
1152 2831 1294 2893 virg.
1332 2833 1463 2880 Aen.
1491 2830 1549 2892 4,
1574 2831 1699 2880 279:

655 2917 782 2954 cum
798 2905 1092 2954 Mercurius
1114 2905 1475 2966 apparuisset:
1500 2905 1563 2954 At
1582 2918 1703 2954 voro

652 2979 843 3029 Aeneas
874 2982 1078 3037 aspectu
1097 2977 1340 3027 obmutuit
1361 2991 1534 3028 amoris
1551 2978 1707 3028 Arrc-

654 3057 860 3112 ctacquc
889 3051 1100 3100 honore
1130 3064 1302 3100 comae
1334 3056 1381 3102 ct
1411 3065 1515 3101 vox
1534 3052 1705 3114 fauci-

656 3124 745 3174 bus
776 3124 949 3173 haesit.
1002 3122 1146 3173 Iliad.
1186 3139 1248 3186 v,
1286 3125 1410 3174 ⁴3⁴:
1453 3123 1705 3184 χαλεποὶ

655 3194 718 3247 δὲ
749 3196 880 3246 θεοὶ
912 3197 1228 3257 φαίνεσθαι
1262 3197 1535 3269 ἐναργεῖς.

723 3271 771 3319 6.
823 3272 1067 3331 Plenaque
1108 3272 1325 3336 pectore]
1380 3272 1475 3323 Od.
1513 3273 1570 3334 3,
1608 3273 1701 3333 25,

659 3345 714 3393 i:
770 3345 877 3406 Quo
907 3358 1015 3406 mc,
1060 3345 1279 3406 Bacche,
1314 3347 1458 3408 rapis
1490 3347 1563 3396 tui
1592 3346 1705 3396 Pto-

655 3417 812 3468 num?
864 3418 1013 3469 Ovid.
1059 3420 1197 3470 Fast.
1244 3421 1300 3480 6,
1354 3420 1477 3470 538:
1531 3421 1707 3481 Fitque

654 3493 736 3541 sui
773 3497 873 3541 ιοιο
907 3497 1109 3554 pectore
1133 3494 1289 3555 plena
1321 3495 1417 3544 dei.
1459 3522 1514 3531 —
1550 3494 1708 3544 turbi-

656 3567 777 3615 dum
820 3565 1077 3629 Laetatur]
1124 3567 1374 3618 «Confert
1411 3567 1705 3618 Meinekius

657 3652 782 3690 cum
816 3640 869 3690 h.
896 3640 929 3690 l.
968 3641 1303 3692 Pherecratis
1326 3643 1705 3704 Fragmentum

657 3715 719 3763 11.
756 3725 809 3776 p.
845 3714 967 3766 3⁴4:
1005 3713 1260 3781 γελῶντα
1292 3716 1393 3765 καὶ
1425 3717 1706 3785 χαλροντα

657 3788 756 3839 καὶ
777 3787 1223 3855 τεθολωμένον.»
1261 3792 1423 3840 Haut.
1451 3790 1535 3839 Sic
1557 3789 1700 3851 Virg.

656 3867 787 3913 Aen.
825 3864 880 3923 8,
919 3865 1040 3914 559:
1094 3865 1400 3926 inavpletum
1436 3861 1517 3924 (al.
1555 3864 1706 3912 ine-v-

649 3937 834 4002 plccus)
855 3938 1129 3988 lacrimans
1158 3941 1213 3988 et
1234 3938 1542 4000 frequenter
1562 3935 1706 3999 apud

656 4014 860 4076 poetas.
900 4011 994 4062 od.
1024 4013 1071 4071 ⁴,
1108 4013 1199 4074 22,
1225 4012 1318 4062 23:
1354 4011 1706 4061 Dulccriden-

657 4090 770 4136 tem.
825 4084 977 4136 Silius
1013 4085 1068 4146 6,
1106 4085 1229 4137 54οε
1280 4087 1485 4136 donam·
1516 4086 1707 4135 texitur

655 4160 782 4222 forr-i
812 4159 1054 4209 stiaenulm.

723 4234 771 4282 7.
829 4234 994 4293 Enoc,
1045 4233 1220 4296 parce]
1255 4234 1437 4286 Metuit
1469 4234 1705 4297 primum

1778 1361 1837 1398 se
1885 1347 1990 1399 deo
2025 1348 2264 1410 tradere,
2319 1348 2443 1412 quia
2488 1345 2827 1414 θεολήπτων

1778 1435 1938 1487 saepe
1974 1424 2140 1473 miser
2172 1423 2370 1482 exitum
2409 1422 2506 1474 sed
2542 1436 2667 1473 cum
2691 1426 2829 1473 resi-

1777 1499 1919 1547 stere
1967 1497 2073 1546 iam
2119 1510 2225 1546 non
2271 1498 2441 1561 possit
2471 1499 2676 1561 potenti
2712 1499 2827 1548 eius

1777 1570 1994 1633 afflatui,
2032 1583 2197 1634 quem
2232 1572 2337 1621 iam
2371 1570 2662 1635 benignum
2703 1585 2824 1622 esse

1774 1645 1959 1705 sentit,
1998 1644 2265 1695 exclamat
2298 1646 2398 1695 Fas
2436 1672 2466 1682 -
2492 1650 2562 1695 cst
2603 1648 2708 1696 cet.
2750 1646 2827 1696 Ex

1774 1718 2065 1783 lyricorum
2097 1722 2277 1770 autem
2312 1733 2464 1770 more
2487 1720 2720 1770 omissus
2743 1722 2827 1769 est

1776 1795 2056 1854 transituS,
2103 1796 2281 1858 itaque
2327 1797 2503 1845 motus
2544 1797 2600 1845 et
2630 1793 2825 1844 laetitia

1775 1879 1897 1918 sese
1931 1879 2100 1931 prope
2132 1868 2487 1931 permiscent,
2527 1870 2587 1918 ut
2618 1869 2673 1916 in
2706 1868 2828 1931 phi-

1774 1939 1995 2005 losopha
2031 1943 2260 1992 Lucretii
2293 1944 2473 1992 mente
2510 1942 2574 2006 (3,
2610 1942 2712 2003 28.)
2747 1942 2828 1990 di-

1772 2016 1895 2065 vina
1947 2015 2180 2077 volumtas
2233 2021 2385 2079 atquc
2437 2017 2635 2066 horror.
2717 2016 2821 2065 Ct'r.

1775 2088 1919 2152 apud
1953 2089 2101 2139 Ovid.
2140 2090 2264 2139 Her.
2305 2090 2394 2150 46,
2432 2089 2513 2138 63.
2574 2089 2719 2139 Paris
2753 2087 2821 2138 de

1776 2163 2065 2213 Mercurio:
2119 2163 2217 2212 Fas
2255 2164 2435 2212 vidisse
2469 2163 2595 2226 siaiu
2647 2163 2730 2226 fas
2760 2164 2825 2212 sit

1774 2236 1897 2285 mihi
1929 2237 2042 2286 visa
2070 2238 2278 2300 rasori-c.

1841 2311 1890 2360 8.
1962 2312 2111 2373 yravi
2164 2312 2427 2361 metuende
2481 2310 2674 2375 thyrso]
2731 2310 2826 2360 Est

1776 2383 2042 2435 ἐπίθετον
2084 2384 2360 2447 generale,
2412 2387 2472 2434 ut
2513 2386 2567 2434 in
2606 2382 2823 2435 Anthol.

1776 2457 1884 2510 Pal.
1922 2460 1983 2509 11.
2020 2470 2074 2522 p.
2111 2458 2225 2509 682.
2263 2458 2331 2509 de
2366 2458 2576 2510 Baccho
2611 2460 2666 2509 et
2689 2459 2825 2508 Her-

1778 2531 1922 2584 cule:
1962 2527 2017 2596 (ὁ
2050 2530 2180 2598 μὲν)
2213 2530 2414 2603 θύρσῳ
2447 2531 2659 2595 δεινός,
2696 2527 2731 2581 ὁ
2765 2530 2829 2583 δὲ

1776 2601 2029 2675 ῥοπάλῳ.
2072 2607 2270 2657 Himer.
2310 2604 2484 2670 Eclog.
2524 2607 2613 2668 49,
2656 2607 2717 2657 2:
2753 2602 2829 2656 τὰ

1778 2679 1882 2732 τοῦ
1917 2676 2203 2731 Διονύσου
2249 2672 2401 2730 ὅπλα
2444 2677 2698 2750 νεβρὶδες
2729 2681 2829 2731 καὶ

1777 2752 2015 2826 θύρσοι·
2088 2768 2267 2818 neque
2327 2768 2452 2805 cum
2524 2753 2827 2805 Scholiastis

1778 2828 2187 2893 explicandum:
2241 2847 2267 2874 α
2284 2831 2437 2879 Putat
2486 2842 2585 2892 per
2632 2830 2826 2879 mentis

1777 2903 2266 2968 perturbationem,
2305 2902 2406 2954 sihi
2427 2902 2617 2953 infesto
2641 2902 2828 2965 thyrso

1778 2978 1942 3029 deum
1976 2978 2317 3036 imminere3»
2353 2978 2413 3026 ut
2445 2976 2663 3027 estsere
2686 2976 2830 3040 apud

1780 3051 1928 3102 Ovid.
1957 3053 2076 3100 Am.
2100 3050 2158 3111 3,
2189 3051 2282 3111 45,
2312 3051 2411 3099 ⁴7:
2469 3050 2713 3113 Comiqcr
2744 3051 2828 3099 in-

1778 3125 1972 3187 crepuit
1989 3125 2157 3184 timi-so
2173 3124 2411 3187 arwiorc
2427 3125 2637 3185 Lyaeus.
2695 3125 2826 3174 Item

1779 3201 1833 3249 in
1855 3200 2032 3262 Eurip.
2058 3201 2184 3248 lone
2206 3199 2339 3248 246:
2375 3195 2630 3269 Βρόμιος
2651 3191 2829 3248 ἄλλον

1773 3267 2136 3337 Ἀπολέμοισι
2188 3273 2506 3323 κισσίνοισι
2553 3268 2829 3344 βάκτροις

1778 3346 1989 3417 ἐναίρει
2021 3345 2138 3409 Γᾶς
2170 3348 2402 3397 τέκνων.

1877 3421 1925 3470 9.
1980 3420 2078 3469 Fas
2099 3447 2129 3457 -
2152 3421 2246 3484 cst]
2309 3423 2562 3483 «Propter
2594 3420 2827 3471 furorem

1780 3493 1801 3558 (
1808 3490 2263 3558 ἐνθουσιασμόν)
2280 3529 2294 3554 ,
2330 3507 2438 3557 quo
2463 3494 2703 3544 Bacchus
2739 3505 2826 3542 me

1779 3569 2009 3619 concitat
2029 3606 2041 3627 ,
2095 3569 2270 3619 sentio
2305 3568 2383 3618 fas
2417 3582 2538 3619 esse
2574 3568 2701 3619 mihi
2737 3580 2829 3617 ca·

1780 3655 1908 3692 nere
1955 3641 2118 3692 deum
2161 3654 2339 3704 neque
2383 3641 2505 3691 ideo
2538 3641 2686 3692 illum
2719 3642 2830 3691 ira-

1778 3720 1893 3766 tum
1958 3716 2087 3766 mihi
2157 3714 2326 3765 fore.»
2390 3741 2445 3751 —
2514 3716 2826 3780 pervicaces]

1782 3789 2023 3840 «assidue
2048 3788 2280 3840 violento
2315 3800 2442 3838 cum
2476 3792 2627 3840 motu
2660 3790 2829 3854 tripu-

1780 3863 2012 3924 diantes,
2052 3864 2102 3912 in
2141 3863 2318 3913 furore
2353 3864 2652 3925 perstantes
2674 3902 2685 3924 ,
2747 3863 2828 3913 ef-

1780 3935 2011 3988 frenes.»
2059 3934 2245 3986 Catull.
2285 3935 2379 3996 63,
2406 3935 2498 3984 23:
2541 3936 2629 3986 Ubi
2659 3937 2830 3997 capita

1778 4012 2048 4061 Maenades
2086 4012 2140 4060 vi
2171 4010 2365 4059 iaciunt
2395 4009 2728 4073 heder-imme.
2770 4036 2824 4046 -

1779 4091 1850 4135 ost
1879 4085 2023 4149 milti]
2080 4086 2223 4136 Haec
2260 4083 2429 4134 Codd.
2468 4084 2622 4135 lectio
2658 4086 2828 4147 magis

1779 4161 1984 4223 poetica
2009 4163 2064 4210 et
2087 4159 2356 4210 efficacior
2384 4161 2468 4210 est
2489 4171 2654 4222 quam
2676 4159 2831 4207 Bent-

1779 4232 1865 4282 leii
1899 4234 1964 4282 sit
1991 4234 2132 4284 milti.
2164 4261 2219 4271 —
2246 4229 2490 4295 Θυιάδες
2515 4246 2560 4283 s.
2587 4227 2830 4294 Θυὶϊιδες
