3234 4975
1296 407 1412 455 LlB.
1447 407 1507 455 11.

790 559 1091 627 Umbram
1140 558 1522 646 hospitalem
1566 560 1945 626 consociare
1992 572 2206 655 amant

1581 408 1639 455 c,
1679 407 1760 455 iu.
2493 401 2616 467 229

2541 559 2621 625 40

873 681 1139 747 Remis?
1182 680 1351 759 Quid
1400 680 1667 768 obliquo
1711 680 1960 747 laborat

956 800 1249 891 Lympha
1294 801 1484 887 fugax
1530 801 1856 889 trepidare
1903 801 2095 866 rivo?

579 983 658 1031 44.
699 982 831 1044 Quid
864 980 1059 1041 obliquo
1080 980 1138 1039 B,
1177 979 1283 1028 duo
1317 977 1539 1028 Blandd.
1578 980 1855 1042 antiquiss.
1894 983 1949 1029 et
1998 981 2230 1030 Pottierii
2277 982 2336 1040 4,
2385 982 2445 1040 2,
2495 980 2556 1039 3,

516 1060 578 1116 ὅ,
617 1057 676 1117 6,
714 1056 843 1105 item
877 1056 945 1104 C:
996 1055 1129 1116 quod
1162 1053 1357 1114 obliquo
1390 1053 1455 1112 T,
1493 1067 1592 1114 quo
1625 1054 1822 1115 obliquo
1855 1054 1962 1104 bSc
1998 1057 2053 1105 et
2086 1055 2252 1105 ceteri
2296 1054 2555 1115 Pottierii,

520 1131 720 1180 Veneta
748 1129 864 1180 ⁴484
880 1167 913 1187 .,
938 1125 1154 1178 Aldinae
1170 1166 1181 1185 ,
1216 1140 1411 1188 quoque
1433 1127 1628 1188 obliquo
1652 1128 1705 1188 d,
1732 1143 1835 1190 qua
1856 1129 2052 1190 obliquo
2071 1131 2133 1190 L,
2170 1142 2274 1189 qua
2294 1134 2342 1178 et
2363 1128 2560 1191 obliquo

522 1204 782 1265 Cuningh.
811 1203 947 1252 coni.
977 1204 1033 1252 et
1055 1202 1192 1261 lani,
1228 1202 1426 1261 Hamis,
1472 1207 1519 1251 ec
1540 1201 1736 1263 obliquo
1760 1203 1869 1252 tFM
1896 1204 1952 1252 et
1974 1201 2141 1252 Bentl.

2208 1203 2363 1265 (quae
2386 1203 2561 1252 mani-

526 1277 659 1327 festa
694 1275 1029 1339 interpolatio
1056 1275 1290 1338 primum
1314 1287 1629 1338 comparere
1653 1275 1846 1326 dicitur
1869 1277 1920 1326 in
1944 1277 2145 1326 Veneta
2174 1275 2328 1337 4492,
2367 1279 2557 1335 exstat,

515 1355 575 1401 ut
608 1354 722 1416 ipse
758 1352 894 1412 vidi,
932 1353 985 1400 in
1021 1351 1347 1401 Locheriana
1383 1347 1650 1412 aleuas,
1688 1362 1852 1412 quam
1887 1351 2042 1401 nimis
2067 1351 2249 1413 magni
2283 1350 2408 1401 fecit
2431 1352 2564 1400 Ben-

514 1424 694 1485 tleiuS,
744 1440 869 1477 cum
911 1427 980 1476 sit
1013 1438 1162 1475 mera
1198 1425 1444 1487 repetitio
1478 1425 1806 1474 Venetorum
1846 1426 2231 1487 posteriorum.

2306 1424 2564 1475 «Codices

515 1501 602 1550 hic
649 1500 849 1550 habent
888 1502 1085 1559 Remis,
1140 1513 1238 1561 quo
1270 1498 1469 1558 obliquo
1500 1497 1585 1547 vel
1628 1511 1823 1560 quoque
1856 1496 1938 1548 vel
1973 1500 2094 1560 quid
2128 1498 2214 1549 vel
2249 1513 2347 1561 quo
2386 1504 2432 1548 οι
2471 1497 2556 1548 vel

514 1588 635 1635 quo.
678 1576 922 1624 Fortasse
941 1573 1249 1637 legendum:
1287 1574 1567 1633 numasque
1588 1577 1634 1621 et
1666 1572 1913 1633 obliquo.»
1951 1574 2134 1623 Brun..
2165 1601 2220 1609 —
2248 1575 2308 1626 Ut
2331 1586 2457 1633 nos,
2493 1574 2560 1633 J.)

522 1677 574 1685 -
616 1650 693 1698 42.
732 1650 883 1712 myas
916 1651 969 1699 T.

456 1807 740 1857 Adversar.
778 1821 831 1871 p.
858 1807 972 1857 300.
1023 1807 1103 1858 Ad
1137 1800 1239 1856 loci
1273 1805 1509 1856 colorem
1582 1805 1631 1854 9.
1672 1805 1932 1869 praebent
1979 1808 2111 1867 Quo,
2160 1820 2210 1856 v.
2257 1809 2338 1857 44.
2377 1807 2526 1870 quid,
2576 1810 2632 1856 at

457 1881 597 1931 conl.
636 1882 879 1945 Sapphus
914 1883 993 1931 Fr.
1032 1884 1180 1931 Neue
1213 1896 1267 1946 p.
1305 1882 1386 1931 38.
1424 1882 1505 1931 Fr.

451 1955 501 2006 4.
547 1956 901 2006 Schneidewin:
935 1949 1105 2020 Ἀμφὶ
1137 1954 1185 2005 δ’
1211 1946 1363 2023 ὕδωρ
1398 1949 1509 2017 [Ἱε-

467 2025 587 2099 ρὸν]
637 2025 875 2100 ψυχρὸν
923 2028 1152 2081 κελαδεῖ
1193 2029 1264 2081 δι’
1316 2026 1508 2082 &adm

464 2102 751 2165 Μαλίνων,
786 2104 1232 2170 αἰθυσσομένων
1263 2103 1327 2156 δὲ
1357 2101 1508 2168 φύλ-

461 2176 575 2228 λων
607 2176 792 2243 Κῶμα
822 2175 1110 2249 καταρῤεῖ.

526 2291 604 2339 40.
674 2291 991 2355 hospitalem]
1053 2306 1230 2356 «quae
1274 2293 1505 2345 viatores

456 2363 525 2414 ad
560 2378 618 2414 se
667 2366 898 2415 invitat.»
967 2367 1107 2429 virg.
1162 2370 1255 2418 Ge.
1309 2366 1367 2429 t,
1411 2368 1499 2420 24:

457 2438 713 2500 obviaque
765 2440 988 2502 hospiciis
1041 2446 1205 2492 teneat
1270 2442 1507 2506 fronden-

459 2513 587 2563 tibus
620 2515 786 2564 arbos,
842 2542 897 2550 —
955 2518 1243 2566 consociare
1296 2516 1501 2579 mnant]

459 2589 687 2638 Sensum
738 2590 962 2650 amoris,
1016 2602 1122 2652 quo
1168 2591 1333 2640 ramis
1379 2604 1500 2642 sese

453 2660 847 2725 implicantibus
882 2663 1129 2714 umbram
1164 2664 1235 2713 ita
1270 2665 1407 2714 inter
1441 2678 1500 2714 se

451 2736 798 2799 coniungunt,
845 2739 903 2786 ut
947 2736 1156 2788 duabus
1201 2738 1303 2788 sub
1338 2737 1502 2788 arbo-

450 2808 599 2860 ribus
648 2823 755 2860 una
805 2809 998 2860 umbra
1047 2810 1252 2861 fruatur
1298 2814 1497 2874 viator,

450 2884 579 2947 ipsis
640 2882 923 2934 arboribus
990 2884 1198 2945 tribuit;
1257 2900 1364 2937 non
1420 2889 1504 2937 est

454 2958 595 3007 enim
640 2957 864 3022 simplex
897 2957 1026 3008 illud
1062 2956 1363 3020 «φιλοῦσι,
1411 2973 1503 3010 so-

453 3029 611 3081 lent.»
667 3058 723 3068 —-
773 3034 831 3082 In
886 3033 1102 3095 copiosa
1148 3031 1500 3103 παραδείσου

453 3104 808 3170 descriptione
844 3106 988 3169 apud
1012 3107 1274 3158 Achillem
1297 3110 1503 3159 Tatium

452 3190 506 3242 p.
542 3180 624 3230 2⁴.
662 3181 791 3230 Iac.:
830 3176 1101 3247 Τοσαύτη
1134 3196 1223 3245 τις
1256 3173 1330 3247 ἦν
1368 3176 1504 3248 ὁμι-

453 3252 549 3304 λία
578 3249 694 3302 τῶν
727 3251 945 3315 φυτῶν.

520 3364 601 3412 44.
643 3366 773 3426 Quid
806 3367 1020 3432 obliquo]
1058 3369 1115 3417 111
1157 3367 1277 3419 loco
1316 3367 1506 3418 admo-

455 3436 587 3487 dum
622 3441 970 3491 controverso
1015 3443 1170 3505 sequi
1210 3456 1353 3492 nunc
1390 3441 1507 3507 pla-

455 3513 565 3562 cuit
603 3515 1030 3578 antiquissimum
1065 3517 1305 3566 omnium
1352 3516 1509 3566 Codi-

455 3598 581 3636 cum
604 3590 852 3638 notorum
882 3591 939 3648 Β,
979 3590 1106 3639 item
1131 3591 1365 3653 quinque
1389 3592 1510 3640 Pot-

460 3660 622 3721 tierii,
672 3662 998 3726 distinguere
1045 3666 1205 3726 atque
1240 3665 1508 3729 interpre-

454 3735 553 3783 tari
609 3734 747 3786 duce
805 3736 1052 3799 Regelio,
1148 3739 1231 3787 cui
1288 3739 1511 3802 praeivit

454 3821 518 3857 ex
584 3811 733 3873 parte
802 3812 1098 3875 Porphyrio
1156 3811 1339 3875 legens
1396 3814 1511 3876 qui-

453 3882 580 3933 dem
607 3898 703 3945 quo
727 3884 950 3946 obliquo,
987 3886 1087 3936 sed
1110 3887 1246 3937 haec
1272 3886 1505 3938 addens:

454 3955 954 4009 «subaudiendumz
1014 3961 1097 4011 «si
1140 3974 1202 4010 ea
1253 3960 1506 4025 (lympha)

455 4043 563 4080 non
599 4032 800 4082 utimur
814 4047 861 4092 »5
901 4036 987 4084 «et
1021 4037 1105 4085 est
1128 4037 1299 4084 totum
1322 4035 1512 4085 adver-

452 4102 662 4155 bialiter
680 4105 934 4157 dictum.»
973 4109 1315 4172 «Equidem»,
1342 4110 1513 4173 inquit

454 4178 631 4242 Regel‚
671 4194 887 4231 «veram
913 4195 1033 4233 esse
1059 4184 1188 4246 puto
1213 4183 1513 4246 antiquissi-

456 4266 668 4306 morum
716 4254 888 4306 Codd.
928 4256 1278 4320 scripturam,
1330 4258 1421 4320 qui
1456 4271 1506 4306 v.

1583 1877 1736 1928 aliter
1767 1880 1911 1930 hunc
1944 1879 2122 1931 locum
2147 1881 2352 1946 explico
2376 1885 2537 1945 atque
2561 1880 2630 1931 ab

1582 1953 1961 2017 interpretibus
1984 1956 2183 2006 sactum
2207 1957 2306 2007 est.
2356 1958 2464 2019 Quo
2486 1957 2630 2006 enim

1582 2041 1760 2090 neque
1794 2042 1893 2092 pro
1926 2029 2012 2079 ubi
2044 2032 2276 2094 positum
2308 2032 2515 2094 accipio
2540 2044 2633 2080 ne-

1583 2115 1688 2165 que
1740 2104 1915 2153 refero
1968 2105 2037 2153 ad
2086 2118 2400 2168 praegressa
2445 2118 2531 2154 vv,
2578 2104 2633 2153 in

1580 2182 1771 2226 remoto
1803 2179 2064 2241 arantino,
2114 2179 2211 2228 sed
2257 2179 2630 2241 interrogantis

1582 2265 1702 2301 esse
1750 2263 1977 2301 censeo:
2030 2264 2176 2311 quem
2216 2253 2272 2300 in
2315 2252 2500 2302 mum?
2549 2254 2630 2301 cui

1580 2325 1916 2375 bono?1dem
1939 2326 2198 2387 significat
2219 2339 2454 2389 sequens
2477 2328 2626 2388 quid»

1582 2402 1674 2463 (asi
1712 2413 1774 2449 ea
1811 2413 1916 2450 non
1952 2400 2190 2460 fruimur,
2230 2400 2298 2449 ad
2332 2401 2538 2463 quid‘l»
2571 2429 2624 2438 -

1580 2476 1635 2525 et
1678 2476 1824 2538 grata
1873 2472 2094 2538 quidem
2139 2475 2444 2525 variatione.
2516 2476 2626 2538 On.)

1581 2551 1666 2599 «in
1701 2551 1852 2600 cuius
1887 2548 2064 2610 locum
2087 2546 2285 2598 librarii
2308 2562 2407 2610 quo
2430 2550 2630 2600 substi-

1578 2624 1810 2683 tuerunt,
1847 2625 1907 2672 ut
1938 2622 2165 2673 alterum
2189 2623 2494 2674 membrum
2518 2626 2632 2688 pri-

1577 2698 1656 2746 ori
1680 2697 2058 2761 responderet;
2090 2696 2213 2746 inde
2237 2710 2366 2746 vero
2389 2695 2627 2761 reliquae

1577 2770 1835 2822 lectiones
1871 2773 2048 2828 ortae,
2119 2783 2245 2821 cum
2300 2784 2399 2832 quo
2455 2775 2628 2824 metro

1579 2846 1855 2909 repugnet.
1915 2845 2135 2907 Egregie
2158 2847 2340 2895 autem
2369 2846 2455 2896 hic
2478 2846 2628 2898 locus

1576 2919 1867 2970 illustratur
1908 2918 2174 2969 simillimo
2217 2920 2270 2970 in
2307 2921 2438 2985 Epp.
2468 2923 2527 2983 4,
2564 2924 2625 2984 5,

1581 2996 1670 3044 ⁴2:
1711 2994 2263 3056 Quomihisortunam,
2306 2996 2349 3043 si
2383 3009 2627 3047 noncon-

1578 3070 1771 3118 cedz’tur
1790 3068 1931 3117 ww»
1964 3067 2113 3131 (Olim
2137 3068 2266 3117 mihi
2289 3071 2346 3119 ut
2370 3069 2628 3122 Glareano

1579 3142 1855 3207 placuerat
1887 3157 1936 3193 v,
1974 3144 2024 3193 9.
2054 3145 2162 3205 Quo
2197 3142 2330 3208 (loci)
2360 3172 2390 3182 -
2411 3172 2442 3182 -
2463 3160 2513 3196 v.
2544 3148 2624 3197 44.

1580 3230 1680 3278 quo
1714 3222 1760 3267 et
1781 3244 1810 3254 -
1832 3244 1861 3254 -
1881 3218 2013 3277 Huc3
2052 3217 2151 3267 sed
2185 3219 2269 3269 est
2302 3221 2628 3272 constructio

1580 3304 1775 3356 prosae
1827 3292 2052 3341 orationi
2099 3293 2514 3343 convenientior.
2570 3323 2626 3331 —

1583 3367 1836 3416 Ceterum
1888 3365 2021 3415 duas
2071 3378 2235 3416 novas
2295 3368 2629 3419 coniecturas

1582 3454 1756 3504 nuper
1792 3438 2156 3502 protulerunt:
2210 3446 2386 3490 amant
2439 3443 2635 3492 Ramis-

1582 3527 1694 3574 que,
1732 3519 1779 3563 et
1807 3513 2004 3574 obliquo
2041 3515 2108 3563 M.
2137 3514 2418 3577 Hauptius‚
2456 3522 2634 3567 mnam

1583 3588 1865 3648 Cannisque
1930 3593 1975 3637 et
2047 3587 2242 3648 obliquo
2307 3588 2435 3637 God.
2497 3589 2634 3640 Her-

1585 3676 1829 3713 mannus.

1654 3811 1733 3860 ⁴2.
1773 3812 1998 3873 Lympha
2040 3810 2224 3873 suqaoe]
2264 3829 2287 3855 α
2306 3812 2442 3861 Cum
2487 3814 2632 3864 rivus

1585 3886 1655 3936 sit
1701 3884 1952 3945 obliquus,
2014 3883 2192 3934 multis
2241 3884 2356 3935 eius
2405 3884 2634 3938 flexibus

1586 3972 1724 4022 aqua
1772 3958 1953 4021 fugax,
2009 3970 2145 4021 quae
2192 3960 2436 4009 naturam
2478 3973 2635 4011 suam

1586 4034 1740 4096 sequi
1787 4035 1840 4083 et
1891 4032 2076 4096 rapide
2127 4031 2417 4084 decurrere
2469 4036 2630 4098 cupit,

1588 4106 1913 4167 retardatur,
1968 4105 2104 4156 adeo
2145 4109 2205 4157 ut
2244 4108 2437 4160 laboret
2478 4110 2635 4171 trepi-

1587 4184 1739 4242 dare,
1778 4194 1883 4231 non
1918 4181 2033 4231 sine
2068 4180 2345 4233 obstaculo
2381 4182 2635 4233 deorsum

1588 4257 1743 4316 fluat,
1799 4269 1864 4306 ex
1915 4268 2019 4318 qua
2071 4255 2183 4321 ipsa
2233 4268 2383 4308 mora
2426 4258 2634 4319 gratum
