3234 4975
656 392 738 455 96

1410 392 1667 444 ΗΟΒΑΤΙῙ
1702 392 2038 443 CARMINUM

1077 550 1449 636 Currusque
1493 558 1557 614 et
1600 546 1845 614 rabiem
1888 557 2087 635 parat.

993 670 1435 759 Nequicquam
1477 669 1742 736 Veneris
1786 667 2112 756 praesidio
2158 668 2336 735 ferox

992 794 1218 860 Pectes
1262 790 1619 858 caesariem
1661 800 1971 878 grataque
2014 789 2267 856 seminis

993 913 1236 980 Imbelli
1281 912 1523 980 cithara
1565 912 1850 978 carmina
1896 911 2183 991 divides3

2736 915 2816 979 45

786 1142 865 1192 43.
903 1142 984 1191 46.
1020 1140 1335 1202 Nequiquam
1367 1138 1584 1196 BTc‚Ct.
1625 1164 1677 1172 —-
1717 1137 1796 1186 46.
1835 1137 2004 1186 Inbelli
2037 1137 2094 1186 T.

655 1353 778 1397 ctus.
847 1347 1054 1397 Maxim.
1092 1346 1214 1408 Tyr.
1255 1343 1335 1403 44,
1366 1343 1425 1392 6:
1458 1336 1699 1407 Ἀθηνᾶν
1771 1338 1873 1391 τόν
1904 1343 1953 1391 τ’
1989 1336 2150 1401 εἶχον
2182 1342 2279 1393 καὶ
2327 1340 2572 1414 δάκρυσι
2604 1341 2813 1413 μῦρον.

656 1418 849 1488 αἰγίδα
896 1414 1296 1485 ἀνεζωσμένην
1344 1446 1375 1456 -
1409 1446 1438 1455 -
1482 1411 1699 1468 ἀσπίδα

659 1510 928 1556 εχουσαν.
999 1496 1105 1544 Iovi
1155 1493 1337 1544 tribuit
1372 1493 1512 1556 Virg.
1563 1494 1695 1543 Aen.

657 1572 708 1631 8,
741 1570 853 1621 354.
906 1582 970 1619 ac
1009 1581 1133 1618 mox
1181 1568 1444 1618 Minervae
1485 1568 1541 1616 et
1579 1567 1700 1629 qui—

657 1646 783 1695 dem
823 1657 947 1693 cum
975 1644 1215 1706 Gorgone
1259 1640 1390 1692 lbid.
1422 1640 1534 1692 435.
1591 1641 1696 1690 Cfr.

657 1718 872 1770 Maniai.
925 1718 974 1777 7,
1027 1718 1075 1766 4.
1159 1714 1364 1766 Thorax
1412 1716 1540 1765 item
1596 1716 1697 1773 est,

659 1809 766 1846 non
799 1792 1029 1857 clipeus,
1076 1791 1126 1840 in
1166 1791 1541 1853 antiquissimis
1574 1789 1702 1837 artis

658 1868 910 1932 operibus
933 1864 1075 1930 apud
1097 1863 1356 1928 Millingen
1386 1865 1535 1913 Uned.
1561 1865 1698 1913 Mon.

658 1946 696 1994 1.
747 1945 804 1993 Τ.
860 1944 905 1991 4.
976 1943 1030 1989 et
1085 1939 1503 1989 Winckelmanni
1562 1939 1699 1988 Mon

656 2020 784 2069 incd.
844 2018 881 2066 1.
919 2029 971 2080 p.
1010 2015 1088 2065 48.
1126 2016 1176 2064 in
1213 2015 1443 2065 Minerva
1479 2011 1697 2063 Albana.

657 2093 864 2156 Optime
915 2102 1166 2154 expressa
1217 2089 1299 2137 est
1338 2088 1480 2149 aegis
1519 2087 1570 2136 in
1605 2088 1703 2139 Mi-

657 2178 852 2217 nervae
885 2165 1058 2215 statua
1103 2164 1231 2212 Mus.
1267 2162 1479 2212 Bor-bon.
1515 2162 1598 2211 IV.
1642 2162 1698 2210 T.

656 2243 726 2299 7.,
780 2241 833 2289 in
880 2241 1051 2290 Museo
1090 2238 1298 2301 Grcqor.
1347 2238 1403 2286 T.
1441 2237 1501 2286 X.
1556 2237 1611 2286 et
1649 2236 1701 2285 in

655 2328 782 2365 vase
832 2313 1152 2363 Vulciniensi
1195 2312 1367 2361 Bollet.
1418 2311 1526 2361 dell'
1580 2311 1698 2360 Inst.

656 2390 871 2439 archeol.
909 2389 1052 2438 4838.
1085 2400 1138 2451 p.
1174 2387 1246 2448 9.,
1289 2386 1376 2435 ubi
1414 2386 1586 2448 imago
1621 2388 1705 2435 est

657 2465 922 2517 Minervae
961 2462 1224 2522 Musicae,
1278 2474 1403 2511 cum
1453 2459 1599 2524 galea
1651 2460 1705 2510 et

657 2539 861 2602 aegide.
931 2539 1067 2588 Raro
1100 2539 1279 2587 autem
1307 2537 1450 2599 aegis
1482 2535 1700 2598 (thorax)

658 2614 726 2664 ab
757 2612 1046 2663 artificibus
1079 2613 1147 2661 ita
1182 2624 1438 2675 expressa
1471 2611 1577 2670 est,
1624 2611 1699 2670 ut,

658 2687 1113 2752 quemadmodum
1164 2686 1274 2736 sere
1314 2685 1456 2749 apud
1495 2687 1699 2748 poetas,

657 2765 710 2813 in
759 2764 873 2813 eius
931 2761 1107 2813 medio
1164 2761 1231 2811 sit
1283 2759 1533 2809 Medusae
1589 2753 1701 2809 sive

657 2838 911 2900 Gorgonis
944 2839 1135 2901 caput,
1189 2837 1245 2884 et
1282 2833 1499 2897 quidem
1539 2831 1702 2883 stellis

656 2911 1074 2969 circumdatum,
1137 2910 1210 2959 uti
1266 2908 1411 2972 apud
1465 2905 1703 2957 Ger-hard

655 2985 977 3036 Kunstwcrkc
1022 2986 1059 3034 1.
1111 2984 1166 3033 T.
1211 2982 1259 3032 8.
1330 2982 1528 3045 Aegida
1576 2993 1702 3031 cum

656 3061 777 3112 luna
797 3063 851 3111 et
868 3058 1029 3111 stellis
1051 3059 1206 3109 offert
1228 3057 1466 3108 Gerhard
1494 3058 1697 3119 Vascnq.

657 3137 740 3186 111.
779 3137 834 3185 T.
873 3135 1131 3184 CCXVIII.

724 3212 802 3259 42.
853 3207 1057 3271 cunm]
1095 3208 1203 3258 Cic.
1238 3206 1305 3256 de
1338 3208 1398 3256 N.
1437 3207 1496 3256 D.
1530 3206 1578 3266 3,
1614 3205 1695 3255 23:

655 3286 937 3336 Minervam
969 3283 1172 3332 Cor-iam
1209 3282 1575 3345 quadrigarum
1619 3280 1701 3327 in-

653 3360 921 3409 ventricem
950 3358 1133 3421 fer-mit.
1175 3383 1229 3391 —
1263 3354 1471 3419 rabiem]
1511 3367 1700 3404 «sum-

658 3448 806 3484 mum
856 3433 966 3482 irae
1006 3431 1302 3495 furorisque
1346 3427 1521 3480 bellici
1576 3441 1700 3491 gra-

657 3509 836 3558 dum.»
905 3507 1036 3557 Hinc
1083 3504 1194 3555 Val.
1251 3503 1415 3555 Flacc.
1474 3506 1523 3565 5,
1582 3504 1695 3553 627.

656 3596 818 3634 ausus
852 3584 933 3632 est
971 3580 1149 3630 dicere
1193 3579 1426 3629 rabidam
1467 3579 1694 3630 Pallada.

657 3659 888 3720 Iungitur
934 3657 1018 3706 hic
1071 3655 1212 3705 notio
1259 3654 1523 3704 abstracta
1574 3666 1700 3704 cum

656 3732 937 3791 concretis,
964 3733 1023 3780 ut
1044 3729 1138 3779 Od.
1168 3730 1215 3791 4,
1248 3729 1327 3791 35,
1365 3729 1456 3779 33:
1494 3729 1701 3778 cicatri-

653 3820 768 3855 cum
794 3811 841 3854 ct
865 3805 1075 3854 sceleris.
1147 3804 1364 3854 Generis
1412 3804 1566 3854 huius
1610 3816 1703 3851 an·-

657 3880 1008 3943 tiquissimum
1062 3881 1146 3928 est
1198 3877 1502 3942 exemplum
1558 3877 1700 3941 apud

655 3956 809 4004 Hom.
858 3952 911 4003 11.
962 3949 1013 4012 δ,
1065 3952 1188 4003 447:
1253 3950 1370 4004 Σύν
1422 3949 1471 4022 ῥ’
1491 3948 1704 4013 ἔβαλον

655 4026 880 4100 ῥινούς,
932 4023 1042 4078 σὺν
1085 4026 1132 4077 δ’
1189 4022 1363 4095 ἔγχεα
1403 4029 1502 4078 καὶ
1550 4030 1701 4092 μένε’

655 4099 892 4172 ἀνδρῶν.
963 4104 1216 4153 indicavit
1260 4104 1385 4153 mihi
1445 4102 1698 4154 HalmiuS.

655 4179 804 4230 Adde
841 4178 1051 4229 Hesiod.
1090 4180 1172 4227 Sc.
1207 4180 1361 4228 Herc.
1398 4179 1522 4228 ⁴32:
1569 4179 1703 4228 Her-

655 4254 785 4304 culis
820 4255 1036 4319 sagittae
1077 4249 1344 4323 Πρόσθεν
1375 4252 1482 4316 μὲν
1517 4251 1699 4302 θάνα-

1774 1417 1835 1465 Et
1866 1416 2063 1467 similes
2096 1418 2363 1469 iuncturas
2413 1422 2555 1470 amat
2587 1421 2813 1469 Tacitus.

1770 1494 1831 1540 A.
1871 1493 1919 1553 4,
1956 1493 2047 1542 68:
2099 1493 2185 1542 ira
2214 1498 2260 1543 ei
2290 1494 2404 1544 dies.
2460 1494 2540 1556 43,
2575 1495 2665 1543 4ὔε
2713 1509 2821 1544 noa:

1772 1571 1819 1615 ct
1865 1566 2073 1615 lascivia
2117 1570 2218 1617 cet.
2293 1569 2501 1620 Ariosto
2549 1569 2716 1618 Satira
2765 1572 2815 1627 ὅ,

1773 1641 1898 1690 226.
1887 1654 1898 1665 ·
1950 1642 2090 1691 Tuae
2135 1644 2186 1691 di
2213 1643 2359 1704 polvo
2390 1657 2417 1692 ο
2460 1644 2513 1692 di
2536 1657 2710 1706 paura
2741 1645 2819 1693 bi-

1774 1729 1916 1765 ancc.
1955 1717 2157 1767 Nimius
2186 1720 2270 1768 est
2296 1718 2346 1767 in
2382 1718 2484 1768 hac
2507 1720 2819 1783 ceteroquin

1774 1787 2161 1852 elegantissima
2194 1792 2361 1854 figura
2392 1791 2622 1849 Ovidius,
2656 1792 2820 1842 veluti

1774 1866 1898 1915 Met.
1934 1865 1983 1925 2,
2022 1865 2145 1916 446;
2187 1867 2420 1928 consiliis,
2445 1867 2816 1928 novicum-ibus,

1772 1945 1913 1989 utere
1964 1941 2160 1989 neam-3.
2237 1939 2369 1990 lbid.
2427 1942 2552 1992 342.
2600 1942 2822 2004 pariter-

1775 2027 1870 2077 que
1915 2014 2185 2076 anumque
2229 2016 2449 2078 rotisque
2476 2018 2689 2079 Expulit
2728 2030 2821 2066 au-

1774 2101 1958 2152 naam.

1842 2162 1918 2211 43.
1958 2162 2137 2213 Venus
2170 2162 2293 2213 inde
2323 2176 2388 2211 ex
2419 2163 2820 2227 pulchritudinis

1775 2235 1861 2286 illo
1894 2236 2105 2296 iudicio,
2148 2236 2291 2299 quod
2336 2239 2480 2289 Paris
2520 2239 2820 2291 secundum

1777 2324 1896 2361 eam
1947 2309 2166 2372 tulerat,
2216 2313 2266 2363 ei
2313 2312 2537 2363 favebat.
2624 2315 2822 2364 Hector

1776 2385 1946 2435 Paridi
1992 2384 2135 2435 Iliad.
2182 2404 2236 2453 γ,
2284 2385 2377 2437 54ε
2450 2380 2569 2437 Οὐκ
2608 2381 2686 2437 ἄν
2729 2403 2821 2440 τοι

1768 2461 2034 2547 χραίσμῃ
2101 2461 2357 2551 κίθαρις,
2426 2459 2498 2513 τά
2564 2476 2626 2513 τε
2685 2460 2817 2514 δῶ’

1768 2530 2129 2622 Ἀφροδίτης,
2156 2530 2232 2587 “H
2251 2552 2312 2587 τε
2334 2533 2524 2603 κόμη,
2560 2535 2629 2587 τό
2651 2553 2714 2588 τε
2736 2554 2820 2588 ε-

1775 2610 1903 2673 δος,
1941 2603 2024 2661 ὅτ’
2060 2611 2122 2662 ἐν
2154 2613 2385 2683 κονίῃσι
2415 2614 2658 2679 μιγείης.

1843 2686 1922 2737 44.
1991 2687 2278 2750 caesariem]
2329 2688 2380 2736 Si
2414 2686 2659 2750 colligere
2693 2686 2819 2737 licet

1777 2774 1844 2810 ex
1864 2774 1981 2810 voc.
2033 2759 2210 2811 Italico
2236 2761 2358 2812 inde
2394 2761 2555 2811 ducto
2577 2775 2816 2820 zazzera,

1776 2835 1990 2899 proprie
2024 2835 2282 2897 significat
2314 2849 2420 2886 non
2455 2837 2629 2886 crines
2661 2849 2821 2899 gene-

1776 2909 1931 2958 ratim
1954 2947 1965 2966 ,
2017 2909 2113 2959 sed
2160 2910 2334 2960 crines
2372 2911 2585 2960 verticis
2626 2911 2820 2972 (Ham-

1775 2983 1979 3047 schopf).
2051 2985 2142 3034 Est
2176 2984 2284 3033 fere
2318 2987 2612 3048 poetarum.
2653 3013 2710 3021 —-
2741 2985 2819 3048 se*-

1774 3058 1939 3122 minis]
1975 3060 2361 3122 contemptim:
2396 3059 2673 3120 «feminae,
2710 3073 2817 3109 non

1774 3130 2077 3192 bellatores,
2099 3136 2256 3182 cantu
2275 3131 2654 3183 delectantur.»
2692 3135 2817 3184 Mire

1776 3204 2010 3256 nonnulli
2057 3208 2337 3257 iunxerunt
2391 3208 2545 3256 unice
2592 3220 2715 3256 cum
2760 3222 2808 3260 v,

1774 3281 1977 3340 divides,
2011 3283 2070 3330 ut
2091 3285 2262 3331 esset:
2300 3281 2492 3331 «modo
2516 3282 2670 3341 hanc,
2698 3294 2818 3332 mo·-

1776 3354 1844 3404 do
1873 3354 2014 3406 illam
2045 3360 2202 3407 cantu
2231 3356 2587 3414 oblectabis»;
2626 3357 2817 3406 frustra

1775 3431 2100 3495 appellantes
2132 3430 2339 3481 Anthol.
2378 3433 2486 3481 Lat.
2517 3431 2566 3488 4,
2593 3431 2639 3480 9.
2667 3443 2720 3494 p.
2749 3430 2811 3482 4:

1775 3509 1999 3571 Cyaneas
2028 3506 2223 3569 genitor
2253 3510 2450 3568 aestans
2490 3509 2603 3566 post
2644 3506 2819 3569 saleni-

1772 3597 1843 3632 na
1868 3593 2063 3644 pennas
2100 3581 2283 3630 Dulcia
2319 3580 2549 3642 diffundit
2587 3580 2821 3629 carmina

1772 3656 2072 3721 virgeum&
2106 3654 2250 3717 quod
2284 3667 2507 3718 prorsus
2546 3654 2819 3705 diversum

1777 3735 1874 3790 est3
1913 3729 2235 3792 iungendum
2255 3729 2423 3778 enim:
2456 3729 2686 3790 diffundit
2706 3743 2822 3778 car-

1774 3809 1916 3855 mina
1947 3805 2113 3855 dulcia
2148 3803 2438 3866 virginibus.
2500 3803 2631 3853 Vide
2673 3816 2814 3854 mox.

1845 3881 1921 3929 45.
1976 3879 2175 3942 Ιηιὸοαί]
2206 3879 2265 3926 ut
2294 3876 2387 3926 Od.
2429 3879 2476 3938 4,
2513 3877 2561 3937 6,
2600 3879 2690 3928 4οε
2728 3879 2823 3927 im·

1778 3955 2006 4016 bellisque
2036 3954 2177 4014 lyrae
2207 3953 2355 4002 Musa
2379 3957 2582 4013 potens,
2631 3951 2683 4000 id
2717 3955 2816 4012 est,

1781 4030 1939 4093 «paci
1989 4031 2044 4077 et
2074 4028 2180 4077 otio
2214 4029 2399 4089 aptae,
2447 4040 2555 4076 non
2604 4024 2816 4082 bello»;

1780 4117 1879 4153 nec
1961 4116 2089 4152 vero
2171 4101 2456 4164 opponitur
2536 4100 2818 4150 bellicosae

1778 4176 1990 4228 Achillis
2039 4176 2270 4226 citharae
2322 4173 2462 4224 Iliad.
2515 4191 2553 4234 ι,
2603 4175 2715 4225 486.
2761 4203 2815 4210 -

1778 4252 1979 4314 divides]
2016 4264 2113 4300 usu
2145 4249 2433 4300 admodum
2467 4248 2710 4312 singulari
2742 4251 2817 4299 sic
