3234 4975
1179 376 1296 425 LIB.
1334 376 1374 424 1.
1446 377 1503 424 C.
1542 376 1669 425 XVI.

2440 372 2559 439 ¹03

824 542 1035 606 Pones
1073 540 1337 618 ‘iambiS,
1373 542 1526 607 'sive
1569 540 1827 607 flamma

916 663 1065 730 Sive
1113 663 1269 729 mari
1314 662 1472 730 libet
1513 662 1861 730 Hadriano.

741 823 880 886 Non
921 822 1359 911 Dindymene,
1406 843 1534 887 non
1576 822 1790 910 adytis
1833 822 2037 909 quatit
2517 825 2556 886 5

738 943 1015 1010 Mentem
1057 944 1466 1010 sacerdotum
1510 942 1721 1010 incola
1763 942 2055 1033 Pythiae,

819 1067 960 1130 Non
1004 1064 1196 1132 Liber
1239 1086 1447 1153 aeque
1464 1117 1478 1141 ‚

1527 1086 1655 1130 non
1700 1076 1889 1132 acuta

532 1290 579 1342 4.
622 1292 837 1340 adriano
872 1291 922 1341 d.
967 1320 1020 1327 —
1057 1293 1105 1341 5.
1144 1293 1284 1353 adyti
1317 1292 1769 1342 liemsterhusius.
1802 1320 1853 1327 —-
1883 1294 2048 1355 mactis
2078 1294 2136 1343 B.
2170 1322 2221 1328 —
2245 1294 2291 1343 6.
2318 1295 2495 1344 Mentis

463 1364 757 1416 Dei-villius.

403 1561 557 1611 matis
603 1560 841 1612 iambicis
889 1561 1095 1623 Quintil.
1145 1563 1226 1623 40,
1277 1563 1324 1622 4,
1381 1562 1441 1612 9:

465 1708 514 1760 4.
573 1709 854 1774 Hadriano]
910 1711 1054 1761 Haec
1105 1711 1273 1761 forma
1324 1723 1448 1774 pro-

403 1784 516 1847 prie
548 1783 616 1833 de
639 1784 822 1835 ineolis
846 1785 1069 1836 Hadriae
1093 1785 1272 1850 oppidi
1296 1798 1448 1835 usur·-

403 1860 573 1922 patur.
658 1859 1008 1909 Hadriaticum
1055 1863 1236 1910 autem
1293 1873 1442 1911 mare

405 1945 509 1982 non
542 1934 780 1984 nominat
811 1937 1086 1998 tamquam
1116 1936 1308 1985 ceteris
1341 1936 1444 1985 im-

402 2008 693 2071 petuosius,
729 2008 828 2059 sed
862 2012 922 2059 ut
953 2009 1049 2059 Od.
1088 2012 1136 2070 4,
1173 2011 1221 2070 4,
1250 2009 1328 2061 44.
1359 2012 1442 2061 45.

404 2083 656 2143 Myrtoum
704 2086 759 2134 et
803 2085 1054 2143 Icarium
1114 2084 1210 2134 Od.
1259 2087 1308 2147 4,
1354 2085 1438 2145 26,

403 2158 481 2206 45.
537 2158 800 2219 Creticmn,
851 2172 916 2208 ex
945 2162 1223 2224 poetarum
1269 2173 1438 2221 more,

399 2235 458 2282 ut
501 2233 632 2282 certi
686 2232 907 2285 alicuius
951 2235 1114 2285 maris
1156 2235 1442 2296 imaginem

399 2306 552 2357 nobis
584 2310 706 2358 ante
742 2308 926 2359 oculos
953 2312 1132 2372 ponat.
1199 2309 1320 2372 (Cir.
1362 2309 1446 2359 'ri-

399 2380 526 2431 hull.
579 2384 627 2443 4,
677 2384 726 2441 9,
770 2382 860 2434 49:
927 2385 1023 2434 lua
1064 2386 1213 2435 velim
1257 2385 1444 2447 rapida

408 2457 646 2507 Volcanus
674 2459 910 2509 camina
927 2462 1138 2524 stantona
1172 2461 1377 2512 Torreat
1396 2464 1444 2510 et

398 2533 589 2594 liquida
619 2534 778 2583 deleat
807 2537 972 2585 amnis
1000 2550 1154 2598 aqua.
1160 2535 1181 2600 )

449 2608 510 2656 s.
579 2609 905 2673 Dindymene]
958 2610 1159 2673 Cybele
1206 2624 1251 2661 s.
1298 2611 1441 2660 Rhea

399 2694 430 2731 a
454 2682 736 2746 Dindymo,
771 2683 1031 2747 Phrygiae
1056 2688 1239 2735 monte
1271 2697 1439 2749 prope

401 2757 795 2818 Pessinuntem,
832 2758 922 2809 ubi
945 2761 1280 2823 potissimum
1304 2759 1442 2810 cole-

406 2829 576 2880 batur.
630 2859 685 2868 —-
741 2835 856 2884 Non
904 2833 1085 2898 adytis]
1133 2835 1329 2886 Caesar
1379 2836 1436 2885 B.

404 2904 462 2954 C.
499 2904 548 2965 3,
583 2907 704 2956 ⁴05:
754 2910 986 2972 Pergami
1031 2910 1087 2959 in
1132 2911 1333 2960 occidtis
1380 2924 1442 2959 ac

397 2981 596 3030 remotis
638 2982 838 3045 templi,
889 2998 987 3046 quo
1030 2990 1235 3046 praeter
1269 2998 1440 3035 sacer-

402 3053 532 3102 dotes
560 3056 705 3106 adire
732 3058 815 3120 fas
844 3073 943 3107 non
977 3064 1072 3119 est,
1110 3073 1238 3120 quae
1261 3060 1443 3109 Graeci

396 3119 582 3179 ἄδυτα
628 3132 909 3195 appuimus,
976 3138 1220 3196 tvnipoena
1269 3147 1443 3185 sonue-

395 3210 531 3254 rmtt.

464 3278 513 3327 6.
586 3277 845 3342 «Apollo,
904 3281 1050 3345 adyti
1098 3283 1334 3348 Delphici
1386 3285 1441 3333 et

401 3352 591 3403 Deliaci
626 3353 823 3415 incola,
876 3355 1054 3408 divino
1097 3359 1277 3409 afflatu
1317 3371 1443 3408 con-

403 3428 526 3477 citat
555 3422 870 3495 ὖκοφητῶν
903 3444 1124 3482 suorum
1146 3436 1435 3483 mentem.»

402 3503 483 3552 Sic
518 3503 701 3554 Catuli.
731 3505 900 3568 Epith.
939 3505 1045 3557 Pel.
1082 3508 1207 3557 229:
1246 3508 1440 3560 Miner-

400 3590 466 3627 va
497 3579 662 3628 ὄπι-οἱα
704 3581 847 3630 Itoni.
918 3582 975 3631 In
1022 3582 1235 3632 Horatio
1282 3583 1439 3633 nimis

401 3652 652 3703 audacter
682 3652 768 3704 alii
797 3655 1124 3721 interpretati
1157 3669 1277 3707 esse
1311 3658 1441 3707 mihi

400 3726 676 3777 videntur:
730 3728 938 3780 «incola
966 3731 1160 3781 mentis
1187 3731 1441 3782 sacerdo—

401 3801 580 3862 tum»;
624 3805 706 3864 et,
755 3805 801 3855 si
830 3804 975 3869 apud
1007 3806 1266 3856 Senecam
1297 3806 1438 3858 Med.

402 3874 512 3925 383.
564 3875 789 3940 legimus
818 3885 1015 3942 recepto
1060 3880 1270 3930 Maenas
1308 3882 1444 3931 iasa-

398 3950 471 4000 m't
500 3952 614 4012 ὼο,
649 3953 753 4003 hoc
784 3952 952 4004 multo
974 3953 1150 4006 minus
1177 3954 1440 4005 tumidum

400 4027 482 4076 est
518 4026 573 4076 in
621 4030 781 4091 poeta
830 4031 1104 4093 ceteroqui
1147 4029 1441 4080 luxuriante

398 4112 559 4164 quam
591 4101 713 4151 dem
739 4104 904 4153 moola
933 4105 1113 4154 monitis
1141 4104 1278 4155 foret
1298 4105 1440 4169 apud

400 4175 701 4228 Horatium·
739 4191 880 4240 nam,
917 4191 1043 4229 cum
1076 4178 1170 4229 Od.
1203 4179 1252 4239 3,
1280 4180 1361 4240 40,
1387 4179 1437 4241 3,

398 4250 661 4313 aquationes
723 4253 953 4316 regionis
1017 4251 1440 4317 septentrionalis

1518 1561 1712 1610 incolas
1738 1561 1880 1622 dicit,
1920 1561 1973 1612 id
2003 1574 2218 1626 quoque
2241 1562 2309 1613 ad
2332 1564 2559 1627 spatium

1520 1636 1665 1699 quod
1700 1637 1925 1687 dicimus
1960 1649 2280 1701 corporeum
2314 1638 2567 1710 refer·

1518 1711 1807 1762 Tumorem
1828 1713 1986 1775 igitur
2017 1712 2177 1761 istum
2201 1710 2561 1775 relinquamus

1517 1785 1776 1837 Eumenio
1795 1789 1986 1849 Paneg.
2009 1787 2279 1836 Constant.
2297 1787 2377 1836 ⁴7:
2403 1801 2565 1849 qaan-

1516 1863 1595 1908 Μ
1625 1861 1738 1910 illos
1762 1863 1984 1912 caelestis
2010 1861 2216 1924 qve-teus
2244 1862 2453 1910 intrav&
2472 1862 2563 1910 ha»-

1516 1933 1731 1985 bitator!
1797 1937 1907 1986 Nec
1934 1938 2115 1986 tamen
2142 1937 2427 2000 propterea
2455 1934 2557 1998 leg.

1515 2010 1672 2071 adyti,
1724 2024 1862 2074 quae
1898 2012 2030 2061 ratio
2061 2011 2297 2075 pedestri
2325 2010 2561 2060 sermoni

1515 2084 1652 2134 foret
1695 2088 1881 2149 aptior.
1967 2087 2060 2137 Est
2097 2098 2255 2136 vero:
2325 2085 2564 2145 «Pythius

1517 2158 1679 2222 (quod
1714 2161 1941 2211 nominis
1980 2174 2063 2225 pr.
2106 2160 2279 2211 vicem
2314 2160 2556 2219 sustinet,

1513 2236 1573 2283 ut
1600 2234 1836 2293 Cynthius
1862 2235 1957 2285 Od.
1992 2237 2047 2295 4,
2072 2236 2155 2295 24,
2180 2235 2270 2297 2.),
2306 2236 2397 2297 qui
2417 2234 2563 2283 inco-

1515 2307 1574 2358 lit
1603 2310 1782 2372 adyta,
1820 2311 1872 2360 in
1907 2310 1992 2360 his
2020 2310 2189 2373 quatit
2220 2311 2356 2359 cet.»
2387 2336 2441 2345 —
2476 2308 2557 2358 Ad

1515 2396 1669 2447 seqq.
1708 2383 1801 2433 cfr.
1844 2383 2112 2434 claudian.
2149 2385 2297 2448 Rapt.
2330 2386 2476 2434 Pros.
2508 2384 2555 2443 4,

1515 2459 1641 2509 208;
1703 2459 1923 2521 Corybas
1972 2473 2075 2509 non
2120 2458 2318 2521 maaet
2364 2469 2557 2516 ansem5

1512 2535 1627 2584 Non
1659 2533 1849 2596 bamus,
1882 2549 1986 2584 non
2017 2547 2144 2584 aera
2175 2539 2367 2583 sonant.

1578 2610 1626 2658 7.
1686 2610 1841 2658 «Non
1874 2622 2047 2672 aequo
2082 2608 2258 2658 furore
2283 2606 2560 2658 stimulan-

1514 2686 1600 2733 tur
1635 2681 1763 2733 Galli
1797 2681 2047 2745 Cybeles,
2085 2682 2326 2732 Bacchae
2361 2681 2554 2742 Liberi,

1513 2757 1698 2820 Pythia
1737 2770 1802 2806 ac
1842 2756 2037 2820 Sibylla
2076 2754 2328 2820 Apollinis
2371 2757 2559 2806 instin-

1514 2834 1621 2891 ctu,
1658 2825 1760 2881 ‘nec
1793 2833 1907 2896 pari
1925 2831 2117 2881 mentis
2135 2829 2361 2880 tumultu
2384 2831 2560 2894 agitati

1516 2906 1877 2970 Corybantes,
1927 2905 2158 2970 Cybeles
2203 2906 2424 2956 ministri
2442 2944 2454 2966 ,
2504 2906 2558 2956 in

1514 2982 1725 3032 choreis
1770 2983 1881 3032 suis
1926 2980 2171 3046 cymbala
2204 2982 2404 3031 iteratis
2442 2982 2561 3031 icti-

1513 3056 1616 3106 bus
1663 3054 1906 3120 pulsant,
1962 3061 2022 3107 ut
2076 3058 2154 3106 ira
2202 3055 2408 3120 abrepti
2458 3069 2558 3107 nos

1514 3131 1768 3195 exagitari
1793 3145 1858 3182 ac
1892 3132 2067 3182 furere
2091 3129 2343 3192 solemus,
2382 3133 2559 3182 omnia

1511 3205 1756 3257 terricula
1808 3209 2174 3271 spernentes.»
2254 3207 2329 3256 Ita
2377 3206 2423 3256 si
2474 3203 2557 3255 lo-

1513 3294 1638 3331 cum
1684 3282 2122 3345 interpretamur,
2182 3283 2242 3330 ut
2286 3283 2410 3344 post
2459 3293 2558 3330 nos

1513 3355 1638 3405 iecit
1664 3358 1826 3406 etiam
1852 3355 2010 3420 Regel
2046 3357 2099 3405 et
2132 3355 2364 3414 Llibker,
2403 3357 2561 3417 quat—

1512 3433 1635 3481 tuor
1663 3431 2146 3492 vehementissimi,
2194 3432 2378 3493 utpote
2408 3428 2557 3477 sana-

1513 3506 1617 3566 tici,
1658 3505 1848 3556 furoris
1895 3504 2139 3568 exempla
2170 3504 2553 3567 proponuntur.

1512 3577 1732 3630 Bentleii
1780 3593 1911 3629 vero
1958 3580 2261 3629 coniectura
2308 3578 2352 3625 si
2400 3578 2559 3640 yenit-

1511 3660 1655 3714 nant,
1686 3654 1740 3704 id
1775 3657 1873 3714 est,
1903 3667 2056 3704 «cum
2080 3652 2400 3714 geminant»,
2430 3656 2560 3715 poe-

1515 3731 1673 3780 ticam
1701 3728 1800 3779 loci
1833 3729 1943 3778 vim
1971 3726 2262 3779 admodum
2297 3724 2552 3777 debilitat.

1514 3804 1694 3854 Priore
1745 3806 1926 3852 autem
1964 3801 2082 3851 loco
2100 3838 2112 3860 ,
2165 3814 2234 3850 ne
2279 3799 2363 3851 bis
2412 3801 2558 3852 idem

1515 3878 1736 3939 dicatur,
1765 3876 2129 3940 Dindymenes
2151 3875 2458 3928 sacerdotes
2480 3878 2560 3927 in-

1515 3953 1688 4017 tellige
1713 3951 1903 4014 Gallos,
1929 3964 2159 4015 quorum
2180 3952 2409 4004 insanias
2432 3954 2561 4002 coti-

1515 4028 1602 4078 die
1633 4029 1828 4078 Romae
1856 4026 2073 4077 videbat
2094 4028 2354 4088 Horatius,
2380 4029 2440 4077 ut
2462 4028 2559 4077 Fa-

1515 4103 1813 4153 naticorum
1844 4115 1911 4151 ex
1938 4101 2073 4152 aede
2095 4100 2343 4153 Bellonae
2374 4103 2552 4166 (lnscr.

1514 4190 1586 4228 m.
1626 4178 1736 4227 Lat.
1773 4178 1834 4227 N.
1886 4176 2073 4241 2342).
2108 4179 2301 4229 Lucan
2335 4178 2382 4237 4
2421 4176 2551 4227 564.

1512 4253 2558 4318 ennomqmroeantossanquswwn--
