<?xml version="1.0" encoding="UTF-8"?>
<!DOCTYPE html PUBLIC "-//W3C//DTD XHTML 1.0 Transitional//EN"
    "http://www.w3.org/TR/xhtml1/DTD/xhtml1-transitional.dtd">
<html xmlns="http://www.w3.org/1999/xhtml" xml:lang="en" lang="en">
 <head>
  <title>
</title>
<meta http-equiv="Content-Type" content="text/html;charset=utf-8" />
  <meta name='ocr-system' content='tesseract 3.04.00' />
  <meta name='ocr-capabilities' content='ocr_page ocr_carea ocr_par ocr_line ocrx_word'/>
</head>
<body>
  <div class='ocr_page' id='page_1' title='image "./qhoratiusflaccu05baitgoog_0532.png"; bbox 0 0 3234 4975; ppageno 0'>
   <div class='ocr_carea' id='block_1_1' title="bbox 630 349 755 414">
    <p class='ocr_par' dir='ltr' id='par_1_1' title="bbox 630 349 755 414">
     <span class='ocr_line' id='line_1_1' title="bbox 630 349 755 414; baseline 0.016 -2"><span class='ocrx_word' id='word_1_1' title='bbox 630 349 755 414; x_wconf 73' lang='lat'><strong>504</strong></span> 
     </span>
    </p>
   </div>
   <div class='ocr_carea' id='block_1_2' title="bbox 1400 350 2037 402">
    <p class='ocr_par' dir='ltr' id='par_1_2' title="bbox 1400 350 2037 402">
     <span class='ocr_line' id='line_1_2' title="bbox 1400 350 2037 402; baseline -0.002 0"><span class='ocrx_word' id='word_1_2' title='bbox 1400 351 1660 402; x_wconf 80' lang='lat' dir='ltr'>HORATII</span> <span class='ocrx_word' id='word_1_3' title='bbox 1696 350 2037 402; x_wconf 69' lang='lat' dir='ltr'>CARMINUM</span> 
     </span>
    </p>
   </div>
   <div class='ocr_carea' id='block_1_3' title="bbox 883 1008 2158 1198">
    <p class='ocr_par' dir='ltr' id='par_1_3' title="bbox 883 1008 2158 1198">
     <span class='ocr_line' id='line_1_3' title="bbox 883 1008 2064 1100; baseline -0.003 -23"><span class='ocrx_word' id='word_1_4' title='bbox 883 1010 1214 1100; x_wconf 80' lang='lat' dir='ltr'><strong>Tyrrhena</strong></span> <span class='ocrx_word' id='word_1_5' title='bbox 1258 1030 1482 1096; x_wconf 86' lang='lat' dir='ltr'><strong>regum</strong></span> <span class='ocrx_word' id='word_1_6' title='bbox 1527 1009 1903 1097; x_wconf 83' lang='lat' dir='ltr'><strong>progenies,</strong></span> <span class='ocrx_word' id='word_1_7' title='bbox 1953 1008 2064 1076; x_wconf 83' lang='lat' dir='ltr'><strong>tibi</strong></span> 
     </span>
     <span class='ocr_line' id='line_1_4' title="bbox 887 1129 2158 1198; baseline -0.001 -1"><span class='ocrx_word' id='word_1_8' title='bbox 887 1134 1027 1198; x_wconf 92' lang='lat' dir='ltr'><strong>Non</strong></span> <span class='ocrx_word' id='word_1_9' title='bbox 1070 1141 1218 1198; x_wconf 88' lang='lat' dir='ltr'><strong>ante</strong></span> <span class='ocrx_word' id='word_1_10' title='bbox 1262 1151 1454 1197; x_wconf 87' lang='lat' dir='ltr'><strong>verso</strong></span> <span class='ocrx_word' id='word_1_11' title='bbox 1497 1129 1646 1197; x_wconf 90' lang='lat' dir='ltr'><strong>lene</strong></span> <span class='ocrx_word' id='word_1_12' title='bbox 1696 1151 1947 1197; x_wconf 87' lang='lat' dir='ltr'><strong>merum</strong></span> <span class='ocrx_word' id='word_1_13' title='bbox 1992 1130 2158 1197; x_wconf 89' lang='lat' dir='ltr'><strong>cado</strong></span> 
     </span>
    </p>
   </div>
   <div class='ocr_carea' id='block_1_4' title="bbox 759 1307 2733 1372">
    <p class='ocr_par' dir='ltr' id='par_1_4' title="bbox 759 1307 2733 1372">
     <span class='ocr_line' id='line_1_5' title="bbox 759 1307 2733 1372; baseline -0.002 -11"><span class='ocrx_word' id='word_1_14' title='bbox 759 1310 933 1361; x_wconf 87' lang='lat' dir='ltr'>XXIX.</span> <span class='ocrx_word' id='word_1_15' title='bbox 985 1311 1153 1361; x_wconf 91' lang='lat' dir='ltr'><strong>Inscr.</strong></span> <span class='ocrx_word' id='word_1_16' title='bbox 1188 1307 1326 1372; x_wconf 78' lang='lat' dir='ltr'><strong>volg.</strong></span> <span class='ocrx_word' id='word_1_17' title='bbox 1377 1309 1455 1359; x_wconf 75' lang='lat' dir='ltr'><strong>Ad</strong></span> <span class='ocrx_word' id='word_1_18' title='bbox 1485 1309 1852 1368; x_wconf 69' lang='lat' dir='ltr'><strong>Maecenatem,</strong></span> <span class='ocrx_word' id='word_1_19' title='bbox 1903 1310 1960 1359; x_wconf 84' lang='lat' dir='ltr'><strong>et</strong></span> <span class='ocrx_word' id='word_1_20' title='bbox 1991 1309 2071 1359; x_wconf 88' lang='lat' dir='ltr'><strong>sic</strong></span> <span class='ocrx_word' id='word_1_21' title='bbox 2102 1310 2198 1358; x_wconf 90' lang='lat' dir='ltr'><strong>BS.</strong></span> <span class='ocrx_word' id='word_1_22' title='bbox 2240 1334 2295 1344; x_wconf 90' lang='lat'>-</span> <span class='ocrx_word' id='word_1_23' title='bbox 2332 1309 2613 1361; x_wconf 71' lang='lat' dir='ltr'><strong><em>Maecenati</em></strong></span> <span class='ocrx_word' id='word_1_24' title='bbox 2645 1309 2733 1360; x_wconf 91' lang='lat' dir='ltr'><strong>bc.</strong></span> 
     </span>
    </p>
   </div>
   <div class='ocr_carea' id='block_1_5' title="bbox 698 1381 1502 1447">
    <p class='ocr_par' dir='ltr' id='par_1_5' title="bbox 698 1381 1502 1447">
     <span class='ocr_line' id='line_1_6' title="bbox 698 1381 1502 1447; baseline -0.004 -12"><span class='ocrx_word' id='word_1_25' title='bbox 698 1413 751 1420; x_wconf 90' lang='lat'><em>-</em></span> <span class='ocrx_word' id='word_1_26' title='bbox 789 1386 837 1434; x_wconf 77' lang='lat'><strong>2.</strong></span> <span class='ocrx_word' id='word_1_27' title='bbox 873 1397 1072 1435; x_wconf 74' lang='lat' dir='ltr'><strong>versum</strong></span> <span class='ocrx_word' id='word_1_28' title='bbox 1102 1385 1160 1434; x_wconf 90' lang='lat' dir='ltr'><strong>B.</strong></span> <span class='ocrx_word' id='word_1_29' title='bbox 1201 1383 1324 1447; x_wconf 91' lang='lat' dir='ltr'><strong>(non</strong></span> <span class='ocrx_word' id='word_1_30' title='bbox 1358 1381 1502 1445; x_wconf 89' lang='lat' dir='ltr'><strong>bSc.)</strong></span> 
     </span>
    </p>
   </div>
   <div class='ocr_carea' id='block_1_6' title="bbox 629 1531 1690 4271">
    <p class='ocr_par' dir='ltr' id='par_1_6' title="bbox 629 1531 1682 3153">
     <span class='ocr_line' id='line_1_7' title="bbox 692 1531 1673 1594; baseline -0.004 -11"><span class='ocrx_word' id='word_1_31' title='bbox 692 1532 866 1583; x_wconf 80' lang='lat' dir='ltr'>XXIX.</span> <span class='ocrx_word' id='word_1_32' title='bbox 904 1534 1269 1584; x_wconf 75' lang='lat' dir='ltr'>Maecenatem</span> <span class='ocrx_word' id='word_1_33' title='bbox 1293 1531 1477 1581; x_wconf 83' lang='lat' dir='ltr'><strong>invitat</strong></span> <span class='ocrx_word' id='word_1_34' title='bbox 1496 1532 1673 1594; x_wconf 76' lang='lat' dir='ltr'><strong>poeta,</strong></span> 
     </span>
     <span class='ocr_line' id='line_1_8' title="bbox 629 1603 1679 1669; baseline -0.003 -12"><span class='ocrx_word' id='word_1_35' title='bbox 629 1611 688 1659; x_wconf 88' lang='lat' dir='ltr'><strong>ut</strong></span> <span class='ocrx_word' id='word_1_36' title='bbox 721 1606 916 1659; x_wconf 83' lang='lat' dir='ltr'><strong>relictis</strong></span> <span class='ocrx_word' id='word_1_37' title='bbox 950 1606 1170 1657; x_wconf 88' lang='lat' dir='ltr'><strong>urbanis</strong></span> <span class='ocrx_word' id='word_1_38' title='bbox 1193 1606 1413 1669; x_wconf 86' lang='lat' dir='ltr'><strong>negotiis</strong></span> <span class='ocrx_word' id='word_1_39' title='bbox 1435 1603 1679 1668; x_wconf 85' lang='lat' dir='ltr'><strong>aliquan-</strong></span> 
     </span>
     <span class='ocr_line' id='line_1_9' title="bbox 629 1677 1677 1744; baseline -0.002 -13"><span class='ocrx_word' id='word_1_40' title='bbox 629 1679 800 1731; x_wconf 86' lang='lat' dir='ltr'><strong>tulum</strong></span> <span class='ocrx_word' id='word_1_41' title='bbox 857 1681 1114 1744; x_wconf 89' lang='lat' dir='ltr'><strong>temporis</strong></span> <span class='ocrx_word' id='word_1_42' title='bbox 1166 1679 1237 1729; x_wconf 91' lang='lat' dir='ltr'><strong>ad</strong></span> <span class='ocrx_word' id='word_1_43' title='bbox 1284 1693 1344 1729; x_wconf 92' lang='lat' dir='ltr'><strong>se</strong></span> <span class='ocrx_word' id='word_1_44' title='bbox 1395 1679 1449 1727; x_wconf 91' lang='lat' dir='ltr'><strong>in</strong></span> <span class='ocrx_word' id='word_1_45' title='bbox 1498 1677 1677 1729; x_wconf 80' lang='lat' dir='ltr'><strong>villam</strong></span> 
     </span>
     <span class='ocr_line' id='line_1_10' title="bbox 629 1750 1674 1817; baseline -0.002 -12"><span class='ocrx_word' id='word_1_46' title='bbox 629 1755 891 1805; x_wconf 83' lang='lat' dir='ltr'><strong>concedat</strong></span> <span class='ocrx_word' id='word_1_47' title='bbox 936 1755 1208 1817; x_wconf 79' lang='lat' dir='ltr'>Genioque</span> <span class='ocrx_word' id='word_1_48' title='bbox 1252 1752 1326 1802; x_wconf 90' lang='lat' dir='ltr'><strong>ibi</strong></span> <span class='ocrx_word' id='word_1_49' title='bbox 1376 1750 1674 1816; x_wconf 77' lang='lat' dir='ltr'><strong>indulgeat,</strong></span> 
     </span>
     <span class='ocr_line' id='line_1_11' title="bbox 629 1826 1677 1892; baseline -0.002 -14"><span class='ocrx_word' id='word_1_50' title='bbox 629 1829 979 1891; x_wconf 87' lang='lat' dir='ltr'><strong>argumentis,</strong></span> <span class='ocrx_word' id='word_1_51' title='bbox 1016 1826 1211 1892; x_wconf 89' lang='lat' dir='ltr'><strong>quibus</strong></span> <span class='ocrx_word' id='word_1_52' title='bbox 1235 1829 1285 1878; x_wconf 92' lang='lat' dir='ltr'><strong>ei</strong></span> <span class='ocrx_word' id='word_1_53' title='bbox 1318 1827 1423 1877; x_wconf 89' lang='lat' dir='ltr'><strong>hoc</strong></span> <span class='ocrx_word' id='word_1_54' title='bbox 1445 1827 1677 1877; x_wconf 87' lang='lat' dir='ltr'><strong>suadere</strong></span> 
     </span>
     <span class='ocr_line' id='line_1_12' title="bbox 631 1900 1676 1965; baseline -0.001 -13"><span class='ocrx_word' id='word_1_55' title='bbox 631 1905 879 1963; x_wconf 88' lang='lat' dir='ltr'><strong>conatur,</strong></span> <span class='ocrx_word' id='word_1_56' title='bbox 922 1903 1117 1965; x_wconf 85' lang='lat' dir='ltr'><strong>partim</strong></span> <span class='ocrx_word' id='word_1_57' title='bbox 1149 1900 1218 1951; x_wconf 93' lang='lat' dir='ltr'><strong>ab</strong></span> <span class='ocrx_word' id='word_1_58' title='bbox 1255 1901 1407 1953; x_wconf 85' lang='lat' dir='ltr'>Urbis</span> <span class='ocrx_word' id='word_1_59' title='bbox 1442 1901 1676 1963; x_wconf 81' lang='lat' dir='ltr'><strong>fastidio,</strong></span> 
     </span>
     <span class='ocr_line' id='line_1_13' title="bbox 630 1973 1675 2038; baseline -0.001 -12"><span class='ocrx_word' id='word_1_60' title='bbox 630 1975 778 2038; x_wconf 89' lang='lat' dir='ltr'><strong>quod</strong></span> <span class='ocrx_word' id='word_1_61' title='bbox 834 1977 950 2026; x_wconf 89' lang='lat' dir='ltr'><strong>eius</strong></span> <span class='ocrx_word' id='word_1_62' title='bbox 1003 1974 1159 2026; x_wconf 88' lang='lat' dir='ltr'><strong>luxus</strong></span> <span class='ocrx_word' id='word_1_63' title='bbox 1213 1975 1429 2038; x_wconf 82' lang='lat' dir='ltr'><strong>gignere</strong></span> <span class='ocrx_word' id='word_1_64' title='bbox 1480 1973 1675 2036; x_wconf 89' lang='lat' dir='ltr'><strong>soleat,</strong></span> 
     </span>
     <span class='ocr_line' id='line_1_14' title="bbox 632 2049 1680 2115; baseline 0 -16"><span class='ocrx_word' id='word_1_65' title='bbox 632 2050 827 2115; x_wconf 89' lang='lat' dir='ltr'><strong>partim</strong></span> <span class='ocrx_word' id='word_1_66' title='bbox 858 2062 891 2098; x_wconf 88' lang='lat' dir='ltr'><strong>a</strong></span> <span class='ocrx_word' id='word_1_67' title='bbox 930 2049 1321 2100; x_wconf 81' lang='lat' dir='ltr'><strong>ferventissimo</strong></span> <span class='ocrx_word' id='word_1_68' title='bbox 1368 2050 1491 2099; x_wconf 87' lang='lat' dir='ltr'><strong>anni</strong></span> <span class='ocrx_word' id='word_1_69' title='bbox 1537 2051 1680 2100; x_wconf 88' lang='lat' dir='ltr'><strong>tem—</strong></span> 
     </span>
     <span class='ocr_line' id='line_1_15' title="bbox 630 2124 1682 2188; baseline -0.001 -14"><span class='ocrx_word' id='word_1_70' title='bbox 630 2138 761 2188; x_wconf 83' lang='lat' dir='ltr'><strong>pore</strong></span> <span class='ocrx_word' id='word_1_71' title='bbox 792 2124 1107 2188; x_wconf 78' lang='lat' dir='ltr'><strong>desumptis,</strong></span> <span class='ocrx_word' id='word_1_72' title='bbox 1178 2125 1314 2175; x_wconf 89' lang='lat' dir='ltr'><strong>Cum</strong></span> <span class='ocrx_word' id='word_1_73' title='bbox 1338 2125 1518 2174; x_wconf 88' lang='lat' dir='ltr'><strong>autem</strong></span> <span class='ocrx_word' id='word_1_74' title='bbox 1539 2125 1682 2173; x_wconf 75' lang='lat' dir='ltr'><strong>Mae-</strong></span> 
     </span>
     <span class='ocr_line' id='line_1_16' title="bbox 631 2195 1680 2250; baseline -0.002 -1"><span class='ocrx_word' id='word_1_75' title='bbox 631 2200 876 2249; x_wconf 86' lang='lat' dir='ltr'><strong>cenatem</strong></span> <span class='ocrx_word' id='word_1_76' title='bbox 910 2199 1051 2249; x_wconf 89' lang='lat' dir='ltr'><strong>curis</strong></span> <span class='ocrx_word' id='word_1_77' title='bbox 1084 2195 1536 2248; x_wconf 77' lang='lat' dir='ltr'><strong>administrandae</strong></span> <span class='ocrx_word' id='word_1_78' title='bbox 1582 2199 1680 2250; x_wconf 89' lang='lat' dir='ltr'><strong>Ur-</strong></span> 
     </span>
     <span class='ocr_line' id='line_1_17' title="bbox 631 2272 1676 2336; baseline -0.004 -12"><span class='ocrx_word' id='word_1_79' title='bbox 631 2273 739 2334; x_wconf 88' lang='lat' dir='ltr'><strong>bis,</strong></span> <span class='ocrx_word' id='word_1_80' title='bbox 800 2272 995 2336; x_wconf 89' lang='lat' dir='ltr'><strong>quibus</strong></span> <span class='ocrx_word' id='word_1_81' title='bbox 1050 2274 1166 2323; x_wconf 90' lang='lat' dir='ltr'><strong>tum</strong></span> <span class='ocrx_word' id='word_1_82' title='bbox 1215 2272 1484 2324; x_wconf 89' lang='lat' dir='ltr'><strong>districtus</strong></span> <span class='ocrx_word' id='word_1_83' title='bbox 1535 2273 1676 2332; x_wconf 88' lang='lat' dir='ltr'><strong>erat,</strong></span> 
     </span>
     <span class='ocr_line' id='line_1_18' title="bbox 632 2345 1681 2411; baseline -0.003 -13"><span class='ocrx_word' id='word_1_84' title='bbox 632 2349 888 2410; x_wconf 82' lang='lat' dir='ltr'><strong>maxime,</strong></span> <span class='ocrx_word' id='word_1_85' title='bbox 925 2360 1033 2411; x_wconf 86' lang='lat' dir='ltr'><strong>quo</strong></span> <span class='ocrx_word' id='word_1_86' title='bbox 1066 2348 1244 2398; x_wconf 87' lang='lat' dir='ltr'><strong>minus</strong></span> <span class='ocrx_word' id='word_1_87' title='bbox 1268 2347 1478 2410; x_wconf 89' lang='lat' dir='ltr'><strong>copiam</strong></span> <span class='ocrx_word' id='word_1_88' title='bbox 1499 2346 1583 2396; x_wconf 89' lang='lat' dir='ltr'><strong>sui</strong></span> <span class='ocrx_word' id='word_1_89' title='bbox 1608 2345 1681 2395; x_wconf 83' lang='lat' dir='ltr'><strong>sa-</strong></span> 
     </span>
     <span class='ocr_line' id='line_1_19' title="bbox 633 2419 1678 2486; baseline -0.006 -12"><span class='ocrx_word' id='word_1_90' title='bbox 633 2424 807 2484; x_wconf 84' lang='lat' dir='ltr'><strong>ceret,</strong></span> <span class='ocrx_word' id='word_1_91' title='bbox 853 2421 1099 2486; x_wconf 87' lang='lat' dir='ltr'><strong>impediri</strong></span> <span class='ocrx_word' id='word_1_92' title='bbox 1132 2419 1473 2483; x_wconf 77' lang='lat' dir='ltr'><strong>intelligeret,</strong></span> <span class='ocrx_word' id='word_1_93' title='bbox 1519 2423 1678 2484; x_wconf 77' lang='lat' dir='ltr'><strong>poeta</strong></span> 
     </span>
     <span class='ocr_line' id='line_1_20' title="bbox 632 2493 1681 2550; baseline -0.007 0"><span class='ocrx_word' id='word_1_94' title='bbox 632 2513 665 2550; x_wconf 90' lang='lat' dir='ltr'><strong>a</strong></span> <span class='ocrx_word' id='word_1_95' title='bbox 698 2498 859 2548; x_wconf 90' lang='lat' dir='ltr'><strong>nimia</strong></span> <span class='ocrx_word' id='word_1_96' title='bbox 893 2499 991 2548; x_wconf 87' lang='lat' dir='ltr'><strong>ista</strong></span> <span class='ocrx_word' id='word_1_97' title='bbox 1024 2494 1372 2547; x_wconf 88' lang='lat' dir='ltr'><strong>sollicitudine</strong></span> <span class='ocrx_word' id='word_1_98' title='bbox 1408 2507 1535 2544; x_wconf 91' lang='lat' dir='ltr'><strong>eum</strong></span> <span class='ocrx_word' id='word_1_99' title='bbox 1579 2493 1681 2544; x_wconf 91' lang='lat' dir='ltr'><strong>de—</strong></span> 
     </span>
     <span class='ocr_line' id='line_1_21' title="bbox 632 2568 1679 2634; baseline -0.006 -10"><span class='ocrx_word' id='word_1_100' title='bbox 632 2574 937 2624; x_wconf 85' lang='lat' dir='ltr'><strong>hortaturus</strong></span> <span class='ocrx_word' id='word_1_101' title='bbox 980 2571 1211 2634; x_wconf 81' lang='lat' dir='ltr'><strong>graviter</strong></span> <span class='ocrx_word' id='word_1_102' title='bbox 1250 2568 1484 2620; x_wconf 80' lang='lat' dir='ltr'><strong>ostendit</strong></span> <span class='ocrx_word' id='word_1_103' title='bbox 1516 2568 1679 2619; x_wconf 88' lang='lat' dir='ltr'><strong>certis</strong></span> 
     </span>
     <span class='ocr_line' id='line_1_22' title="bbox 632 2644 1683 2709; baseline -0.007 -9"><span class='ocrx_word' id='word_1_104' title='bbox 632 2662 790 2700; x_wconf 86' lang='lat' dir='ltr'><strong>curas</strong></span> <span class='ocrx_word' id='word_1_105' title='bbox 813 2648 941 2697; x_wconf 83' lang='lat' dir='ltr'><strong>istas</strong></span> <span class='ocrx_word' id='word_1_106' title='bbox 959 2644 1324 2697; x_wconf 83' lang='lat' dir='ltr'><strong>circumscribi</strong></span> <span class='ocrx_word' id='word_1_107' title='bbox 1347 2647 1597 2709; x_wconf 89' lang='lat' dir='ltr'><strong>oportere</strong></span> <span class='ocrx_word' id='word_1_108' title='bbox 1623 2644 1683 2693; x_wconf 84' lang='lat' dir='ltr'><strong>fi-</strong></span> 
     </span>
     <span class='ocr_line' id='line_1_23' title="bbox 632 2719 1680 2784; baseline -0.005 -10"><span class='ocrx_word' id='word_1_109' title='bbox 632 2723 808 2783; x_wconf 87' lang='lat' dir='ltr'><strong>nibus,</strong></span> <span class='ocrx_word' id='word_1_110' title='bbox 831 2735 898 2772; x_wconf 92' lang='lat' dir='ltr'><strong>ne</strong></span> <span class='ocrx_word' id='word_1_111' title='bbox 917 2721 1079 2781; x_wconf 88' lang='lat' dir='ltr'><strong>bona,</strong></span> <span class='ocrx_word' id='word_1_112' title='bbox 1105 2733 1245 2784; x_wconf 86' lang='lat' dir='ltr'><strong>quae</strong></span> <span class='ocrx_word' id='word_1_113' title='bbox 1269 2733 1526 2784; x_wconf 86' lang='lat' dir='ltr'><strong>praesens</strong></span> <span class='ocrx_word' id='word_1_114' title='bbox 1549 2719 1680 2769; x_wconf 85' lang='lat' dir='ltr'><strong>bora</strong></span> 
     </span>
     <span class='ocr_line' id='line_1_24' title="bbox 631 2792 1683 2860; baseline -0.004 -13"><span class='ocrx_word' id='word_1_115' title='bbox 631 2796 898 2860; x_wconf 83' lang='lat' dir='ltr'><strong>largiatur,</strong></span> <span class='ocrx_word' id='word_1_116' title='bbox 934 2794 1181 2845; x_wconf 72' lang='lat' dir='ltr'><strong>celeriter</strong></span> <span class='ocrx_word' id='word_1_117' title='bbox 1213 2792 1508 2855; x_wconf 85' lang='lat' dir='ltr'><strong>elabantur,</strong></span> <span class='ocrx_word' id='word_1_118' title='bbox 1545 2794 1683 2843; x_wconf 80' lang='lat' dir='ltr'><strong>futu-</strong></span> 
     </span>
     <span class='ocr_line' id='line_1_25' title="bbox 631 2866 1685 2933; baseline -0.005 -12"><span class='ocrx_word' id='word_1_119' title='bbox 631 2882 922 2933; x_wconf 86' lang='lat' dir='ltr'><strong>rarumque</strong></span> <span class='ocrx_word' id='word_1_120' title='bbox 965 2881 1148 2919; x_wconf 90' lang='lat' dir='ltr'><strong>rerum</strong></span> <span class='ocrx_word' id='word_1_121' title='bbox 1187 2869 1397 2918; x_wconf 84' lang='lat' dir='ltr'><strong>anxiam</strong></span> <span class='ocrx_word' id='word_1_122' title='bbox 1435 2866 1685 2917; x_wconf 87' lang='lat' dir='ltr'><strong>sollicitu-</strong></span> 
     </span>
     <span class='ocr_line' id='line_1_26' title="bbox 632 2939 1678 3004; baseline -0.005 -9"><span class='ocrx_word' id='word_1_123' title='bbox 632 2944 815 2995; x_wconf 88' lang='lat' dir='ltr'><strong>dinem</strong></span> <span class='ocrx_word' id='word_1_124' title='bbox 848 2955 1041 2992; x_wconf 85' lang='lat' dir='ltr'><strong>vanam</strong></span> <span class='ocrx_word' id='word_1_125' title='bbox 1075 2955 1197 2993; x_wconf 91' lang='lat' dir='ltr'><strong>esse</strong></span> <span class='ocrx_word' id='word_1_126' title='bbox 1226 2944 1386 3004; x_wconf 84' lang='lat' dir='ltr'><strong>atque</strong></span> <span class='ocrx_word' id='word_1_127' title='bbox 1422 2939 1678 2991; x_wconf 77' lang='lat' dir='ltr'><strong>inutilem.</strong></span> 
     </span>
     <span class='ocr_line' id='line_1_27' title="bbox 636 3015 1681 3080; baseline -0.003 -12"><span class='ocrx_word' id='word_1_128' title='bbox 636 3018 855 3080; x_wconf 82' lang='lat' dir='ltr'><strong>(Franke</strong></span> <span class='ocrx_word' id='word_1_129' title='bbox 898 3029 1118 3066; x_wconf 90' lang='lat' dir='ltr'><strong>carmen</strong></span> <span class='ocrx_word' id='word_1_130' title='bbox 1151 3016 1317 3067; x_wconf 78' lang='lat' dir='ltr'><strong>refert</strong></span> <span class='ocrx_word' id='word_1_131' title='bbox 1356 3015 1427 3065; x_wconf 85' lang='lat' dir='ltr'><strong>ad</strong></span> <span class='ocrx_word' id='word_1_132' title='bbox 1460 3028 1508 3065; x_wconf 87' lang='lat' dir='ltr'><strong>a.</strong></span> <span class='ocrx_word' id='word_1_133' title='bbox 1542 3016 1681 3077; x_wconf 66' lang='lat'><strong>729„</strong></span> 
     </span>
     <span class='ocr_line' id='line_1_28' title="bbox 635 3088 1278 3153; baseline -0.002 -12"><span class='ocrx_word' id='word_1_134' title='bbox 635 3088 920 3141; x_wconf 80' lang='lat' dir='ltr'><strong>Grotefend</strong></span> <span class='ocrx_word' id='word_1_135' title='bbox 954 3089 1025 3139; x_wconf 92' lang='lat' dir='ltr'><strong>ad</strong></span> <span class='ocrx_word' id='word_1_136' title='bbox 1056 3103 1106 3140; x_wconf 89' lang='lat' dir='ltr'><strong>a.</strong></span> <span class='ocrx_word' id='word_1_137' title='bbox 1144 3089 1278 3153; x_wconf 83' lang='lat'><strong>735.)</strong></span> 
     </span>
    </p>

    <p class='ocr_par' dir='ltr' id='par_1_7' title="bbox 633 3165 1690 4271">
     <span class='ocr_line' id='line_1_29' title="bbox 703 3165 1680 3230; baseline 0.001 -15"><span class='ocrx_word' id='word_1_138' title='bbox 703 3167 749 3215; x_wconf 94' lang='grc'><strong>4.</strong></span> <span class='ocrx_word' id='word_1_139' title='bbox 777 3168 827 3216; x_wconf 76' lang='lat'><strong>2.</strong></span> <span class='ocrx_word' id='word_1_140' title='bbox 868 3166 1125 3227; x_wconf 73' lang='lat' dir='ltr'><strong>Tyrrhena</strong></span> <span class='ocrx_word' id='word_1_141' title='bbox 1148 3165 1474 3230; x_wconf 69' lang='lat' dir='ltr'><strong>requmJCfr.</strong></span> <span class='ocrx_word' id='word_1_142' title='bbox 1502 3165 1598 3216; x_wconf 90' lang='lat' dir='ltr'><strong>Od.</strong></span> <span class='ocrx_word' id='word_1_143' title='bbox 1628 3167 1680 3227; x_wconf 93' lang='grc'><strong>4,</strong></span> 
     </span>
     <span class='ocr_line' id='line_1_30' title="bbox 637 3238 1688 3303; baseline -0.001 -13"><span class='ocrx_word' id='word_1_144' title='bbox 637 3242 686 3300; x_wconf 99' lang='grc'><strong>4,</strong></span> <span class='ocrx_word' id='word_1_145' title='bbox 716 3240 763 3290; x_wconf 92' lang='grc'><strong>4.</strong></span> <span class='ocrx_word' id='word_1_146' title='bbox 791 3238 944 3290; x_wconf 89' lang='lat' dir='ltr'><strong>Silius</strong></span> <span class='ocrx_word' id='word_1_147' title='bbox 967 3240 1017 3301; x_wconf 88' lang='lat'><strong>7,</strong></span> <span class='ocrx_word' id='word_1_148' title='bbox 1041 3239 1132 3290; x_wconf 80' lang='lat'><strong>29:</strong></span> <span class='ocrx_word' id='word_1_149' title='bbox 1170 3239 1357 3290; x_wconf 77' lang='lat' dir='ltr'><strong>Cilnius</strong></span> <span class='ocrx_word' id='word_1_150' title='bbox 1375 3239 1542 3291; x_wconf 77' lang='lat' dir='ltr'><strong>Arreti</strong></span> <span class='ocrx_word' id='word_1_151' title='bbox 1566 3241 1688 3303; x_wconf 68' lang='lat' dir='ltr'><strong>Tyr-</strong></span> 
     </span>
     <span class='ocr_line' id='line_1_31' title="bbox 633 3313 1687 3365; baseline -0.001 -1"><span class='ocrx_word' id='word_1_152' title='bbox 633 3314 801 3364; x_wconf 73' lang='lat' dir='ltr'><strong>rhenis</strong></span> <span class='ocrx_word' id='word_1_153' title='bbox 849 3319 989 3364; x_wconf 78' lang='lat' dir='ltr'><strong>ortus</strong></span> <span class='ocrx_word' id='word_1_154' title='bbox 1043 3313 1099 3363; x_wconf 79' lang='lat' dir='ltr'><strong>in</strong></span> <span class='ocrx_word' id='word_1_155' title='bbox 1146 3314 1266 3364; x_wconf 78' lang='lat' dir='ltr'><strong>oris.</strong></span> <span class='ocrx_word' id='word_1_156' title='bbox 1313 3338 1366 3350; x_wconf 91' lang='lat'>—</span> <span class='ocrx_word' id='word_1_157' title='bbox 1404 3315 1519 3365; x_wconf 78' lang='lat' dir='ltr'><strong>Non</strong></span> <span class='ocrx_word' id='word_1_158' title='bbox 1568 3319 1687 3365; x_wconf 81' lang='lat' dir='ltr'><strong>ante</strong></span> 
     </span>
     <span class='ocr_line' id='line_1_32' title="bbox 634 3386 1686 3453; baseline 0 -15"><span class='ocrx_word' id='word_1_159' title='bbox 634 3388 871 3453; x_wconf 76' lang='lat' dir='ltr'><strong>versoJ«</strong></span> <span class='ocrx_word' id='word_1_160' title='bbox 846 3388 1084 3438; x_wconf 76' lang='lat' dir='ltr'><strong>«intacto</strong></span> <span class='ocrx_word' id='word_1_161' title='bbox 1128 3387 1343 3438; x_wconf 76' lang='lat' dir='ltr'><strong>adhuc»</strong></span> <span class='ocrx_word' id='word_1_162' title='bbox 1364 3427 1377 3449; x_wconf 93' lang='lat'><strong>,</strong></span> <span class='ocrx_word' id='word_1_163' title='bbox 1434 3388 1490 3438; x_wconf 91' lang='lat' dir='ltr'><strong>id</strong></span> <span class='ocrx_word' id='word_1_164' title='bbox 1538 3386 1686 3453; x_wconf 89' lang='lat' dir='ltr'><strong>quod</strong></span> 
     </span>
     <span class='ocr_line' id='line_1_33' title="bbox 637 3461 1687 3514; baseline -0.001 0"><span class='ocrx_word' id='word_1_165' title='bbox 637 3464 893 3513; x_wconf 87' lang='lat' dir='ltr'><strong>convivae</strong></span> <span class='ocrx_word' id='word_1_166' title='bbox 927 3462 1117 3511; x_wconf 90' lang='lat' dir='ltr'><strong>honori</strong></span> <span class='ocrx_word' id='word_1_167' title='bbox 1150 3461 1415 3513; x_wconf 78' lang='lat' dir='ltr'><strong>tribuitur.</strong></span> <span class='ocrx_word' id='word_1_168' title='bbox 1473 3464 1567 3514; x_wconf 90' lang='lat' dir='ltr'><strong>Est</strong></span> <span class='ocrx_word' id='word_1_169' title='bbox 1588 3476 1687 3513; x_wconf 90' lang='lat' dir='ltr'><strong>au-</strong></span> 
     </span>
     <span class='ocr_line' id='line_1_34' title="bbox 638 3535 1682 3589; baseline -0.001 -2"><span class='ocrx_word' id='word_1_170' title='bbox 638 3541 747 3587; x_wconf 91' lang='lat' dir='ltr'><strong>tem</strong></span> <span class='ocrx_word' id='word_1_171' title='bbox 789 3551 820 3587; x_wconf 91' lang='lat' dir='ltr'><strong>e</strong></span> <span class='ocrx_word' id='word_1_172' title='bbox 861 3550 1109 3587; x_wconf 87' lang='lat' dir='ltr'><strong>sermone</strong></span> <span class='ocrx_word' id='word_1_173' title='bbox 1162 3538 1444 3589; x_wconf 88' lang='lat' dir='ltr'><strong>cotidiano.</strong></span> <span class='ocrx_word' id='word_1_174' title='bbox 1516 3535 1682 3588; x_wconf 84' lang='lat' dir='ltr'><strong>Plaut.</strong></span> 
     </span>
     <span class='ocr_line' id='line_1_35' title="bbox 635 3608 1689 3672; baseline 0 -11"><span class='ocrx_word' id='word_1_175' title='bbox 635 3611 797 3661; x_wconf 85' lang='lat' dir='ltr'><strong>Stich.</strong></span> <span class='ocrx_word' id='word_1_176' title='bbox 823 3612 881 3671; x_wconf 74' lang='grc' dir='ltr'><strong>ὅ,</strong></span> <span class='ocrx_word' id='word_1_177' title='bbox 913 3608 968 3671; x_wconf 75' lang='grc'><strong>4,</strong></span> <span class='ocrx_word' id='word_1_178' title='bbox 995 3611 1081 3661; x_wconf 82' lang='grc'><strong>39;</strong></span> <span class='ocrx_word' id='word_1_179' title='bbox 1120 3612 1350 3672; x_wconf 72' lang='lat' dir='ltr'><strong>quamvis</strong></span> <span class='ocrx_word' id='word_1_180' title='bbox 1370 3610 1588 3662; x_wconf 74' lang='lat' dir='ltr'><strong>desubito</strong></span> <span class='ocrx_word' id='word_1_181' title='bbox 1608 3611 1689 3661; x_wconf 82' lang='lat' dir='ltr'><strong>vel</strong></span> 
     </span>
     <span class='ocr_line' id='line_1_36' title="bbox 633 3685 1683 3748; baseline -0.001 -13"><span class='ocrx_word' id='word_1_182' title='bbox 633 3687 789 3736; x_wconf 69' lang='lat' dir='ltr'><strong>cadus</strong></span> <span class='ocrx_word' id='word_1_183' title='bbox 827 3687 961 3735; x_wconf 81' lang='lat' dir='ltr'><strong>vorti</strong></span> <span class='ocrx_word' id='word_1_184' title='bbox 986 3690 1164 3748; x_wconf 78' lang='lat' dir='ltr'><strong>potest.</strong></span> <span class='ocrx_word' id='word_1_185' title='bbox 1237 3687 1343 3735; x_wconf 89' lang='lat' dir='ltr'><strong>Sat.</strong></span> <span class='ocrx_word' id='word_1_186' title='bbox 1380 3686 1443 3747; x_wconf 72' lang='lat'><strong>2,</strong></span> <span class='ocrx_word' id='word_1_187' title='bbox 1480 3686 1538 3748; x_wconf 84' lang='lat'><strong>8,</strong></span> <span class='ocrx_word' id='word_1_188' title='bbox 1585 3685 1683 3736; x_wconf 82' lang='lat'><strong>39:</strong></span> 
     </span>
     <span class='ocr_line' id='line_1_37' title="bbox 634 3760 1690 3824; baseline 0 -14"><span class='ocrx_word' id='word_1_189' title='bbox 634 3762 891 3810; x_wconf 71' lang='lat' dir='ltr'><strong>lavercum</strong></span> <span class='ocrx_word' id='word_1_190' title='bbox 911 3760 1144 3824; x_wconf 77' lang='lat' dir='ltr'><strong>Allifanis</strong></span> <span class='ocrx_word' id='word_1_191' title='bbox 1165 3760 1373 3809; x_wconf 78' lang='lat' dir='ltr'><strong>vinaria</strong></span> <span class='ocrx_word' id='word_1_192' title='bbox 1400 3765 1523 3810; x_wconf 76' lang='lat' dir='ltr'><strong>tota.</strong></span> <span class='ocrx_word' id='word_1_193' title='bbox 1559 3760 1690 3810; x_wconf 84' lang='lat' dir='ltr'><strong>Ver-</strong></span> 
     </span>
     <span class='ocr_line' id='line_1_38' title="bbox 636 3834 1690 3895; baseline 0 -10"><span class='ocrx_word' id='word_1_194' title='bbox 636 3834 867 3895; x_wconf 87' lang='lat' dir='ltr'><strong>tebatur,</strong></span> <span class='ocrx_word' id='word_1_195' title='bbox 895 3848 1019 3885; x_wconf 89' lang='lat' dir='ltr'><strong>cum</strong></span> <span class='ocrx_word' id='word_1_196' title='bbox 1044 3835 1166 3885; x_wconf 90' lang='lat' dir='ltr'><strong>inde</strong></span> <span class='ocrx_word' id='word_1_197' title='bbox 1192 3835 1244 3884; x_wconf 90' lang='lat' dir='ltr'><strong>in</strong></span> <span class='ocrx_word' id='word_1_198' title='bbox 1264 3836 1502 3886; x_wconf 79' lang='lat' dir='ltr'><strong>crateres</strong></span> <span class='ocrx_word' id='word_1_199' title='bbox 1521 3835 1690 3885; x_wconf 77' lang='lat' dir='ltr'><strong>effun-</strong></span> 
     </span>
     <span class='ocr_line' id='line_1_39' title="bbox 637 3908 1687 3973; baseline -0.002 -13"><span class='ocrx_word' id='word_1_200' title='bbox 637 3909 869 3960; x_wconf 86' lang='lat' dir='ltr'><strong>debatur</strong></span> <span class='ocrx_word' id='word_1_201' title='bbox 901 3910 1100 3960; x_wconf 86' lang='lat' dir='ltr'><strong>vinum.</strong></span> <span class='ocrx_word' id='word_1_202' title='bbox 1143 3936 1195 3944; x_wconf 91' lang='lat'>—</span> <span class='ocrx_word' id='word_1_203' title='bbox 1231 3908 1353 3973; x_wconf 81' lang='lat' dir='ltr'><strong>lene]</strong></span> <span class='ocrx_word' id='word_1_204' title='bbox 1393 3910 1687 3959; x_wconf 74' lang='lat' dir='ltr'><strong>«vetustate</strong></span> 
     </span>
     <span class='ocr_line' id='line_1_40' title="bbox 638 3984 1685 4046; baseline -0.003 -12"><span class='ocrx_word' id='word_1_205' title='bbox 638 3985 916 4035; x_wconf 90' lang='lat' dir='ltr'><strong>domitum.</strong></span> <span class='ocrx_word' id='word_1_206' title='bbox 929 4001 952 4027; x_wconf 77' lang='lat' dir='ltr'><strong>n</strong></span> <span class='ocrx_word' id='word_1_207' title='bbox 978 3984 1163 4033; x_wconf 74' lang='lat' dir='ltr'><strong>Senot..</strong></span> <span class='ocrx_word' id='word_1_208' title='bbox 1188 4011 1239 4019; x_wconf 91' lang='lat'>-</span> <span class='ocrx_word' id='word_1_209' title='bbox 1257 3984 1423 4034; x_wconf 79' lang='lat' dir='ltr'><strong>Cadus</strong></span> <span class='ocrx_word' id='word_1_210' title='bbox 1439 3995 1504 4031; x_wconf 83' lang='lat' dir='ltr'><strong>ex</strong></span> <span class='ocrx_word' id='word_1_211' title='bbox 1522 3995 1685 4046; x_wconf 92' lang='lat' dir='ltr'><strong>opere</strong></span> 
     </span>
     <span class='ocr_line' id='line_1_41' title="bbox 639 4056 1688 4123; baseline -0.001 -15"><span class='ocrx_word' id='word_1_212' title='bbox 639 4057 816 4122; x_wconf 87' lang='lat' dir='ltr'><strong>flglino</strong></span> <span class='ocrx_word' id='word_1_213' title='bbox 848 4058 957 4108; x_wconf 87' lang='lat' dir='ltr'><strong>Xll.</strong></span> <span class='ocrx_word' id='word_1_214' title='bbox 997 4059 1215 4122; x_wconf 81' lang='lat' dir='ltr'><strong>congios</strong></span> <span class='ocrx_word' id='word_1_215' title='bbox 1251 4056 1520 4123; x_wconf 86' lang='lat' dir='ltr'><strong>capiebat;</strong></span> <span class='ocrx_word' id='word_1_216' title='bbox 1559 4070 1688 4120; x_wconf 88' lang='lat' dir='ltr'><strong>qua·</strong></span> 
     </span>
     <span class='ocr_line' id='line_1_42' title="bbox 639 4132 1687 4196; baseline 0.001 -14"><span class='ocrx_word' id='word_1_217' title='bbox 639 4132 877 4196; x_wconf 83' lang='lat' dir='ltr'><strong>draginta</strong></span> <span class='ocrx_word' id='word_1_218' title='bbox 922 4132 1141 4183; x_wconf 85' lang='lat' dir='ltr'><strong>circiter</strong></span> <span class='ocrx_word' id='word_1_219' title='bbox 1167 4132 1430 4184; x_wconf 88' lang='lat' dir='ltr'><strong>eiusmodi</strong></span> <span class='ocrx_word' id='word_1_220' title='bbox 1463 4145 1687 4183; x_wconf 90' lang='lat' dir='ltr'><strong>mensu—</strong></span> 
     </span>
     <span class='ocr_line' id='line_1_43' title="bbox 638 4204 1680 4271; baseline -0.002 -13"><span class='ocrx_word' id='word_1_221' title='bbox 638 4220 751 4271; x_wconf 88' lang='lat' dir='ltr'><strong>ras,</strong></span> <span class='ocrx_word' id='word_1_222' title='bbox 789 4220 923 4271; x_wconf 88' lang='lat' dir='ltr'><strong>quas</strong></span> <span class='ocrx_word' id='word_1_223' title='bbox 938 4207 1104 4270; x_wconf 71' lang='lat' dir='ltr'><strong>pineas</strong></span> <span class='ocrx_word' id='word_1_224' title='bbox 1126 4210 1319 4258; x_wconf 86' lang='lat' dir='ltr'><strong>vocant</strong></span> <span class='ocrx_word' id='word_1_225' title='bbox 1340 4204 1680 4271; x_wconf 85' lang='lat' dir='ltr'><strong>Francogalli.</strong></span> 
     </span>
    </p>
   </div>
   <div class='ocr_carea' id='block_1_7' title="bbox 1747 1526 2808 2399">
    <p class='ocr_par' dir='ltr' id='par_1_8' title="bbox 1747 1526 2808 2399">
     <span class='ocr_line' id='line_1_44' title="bbox 1815 1526 2801 1622; baseline 0.001 -40"><span class='ocrx_word' id='word_1_226' title='bbox 1815 1531 1864 1582; x_wconf 84' lang='lat'><strong>3.</strong></span> <span class='ocrx_word' id='word_1_227' title='bbox 1893 1531 1942 1583; x_wconf 76' lang='grc'><strong>4.</strong></span> <span class='ocrx_word' id='word_1_228' title='bbox 1976 1533 2416 1597; x_wconf 67' lang='lat' dir='ltr'><strong>nore-rosarum]</strong></span> <span class='ocrx_word' id='word_1_229' title='bbox 2453 1527 2640 1622; x_wconf 74' lang='grc' dir='ltr'><em>ῥόδων</em></span> <span class='ocrx_word' id='word_1_230' title='bbox 2673 1526 2801 1583; x_wconf 77' lang='grc' dir='ltr'><strong>ἀώ-</strong></span> 
     </span>
     <span class='ocr_line' id='line_1_45' title="bbox 1748 1600 2806 1678; baseline 0.003 -23"><span class='ocrx_word' id='word_1_231' title='bbox 1748 1620 1873 1668; x_wconf 72' lang='lat' dir='ltr'><strong>rou,-</strong></span> <span class='ocrx_word' id='word_1_232' title='bbox 1943 1603 2197 1670; x_wconf 68' lang='grc' dir='ltr'><strong>σκιάζειν</strong></span> <span class='ocrx_word' id='word_1_233' title='bbox 2262 1605 2508 1678; x_wconf 75' lang='grc' dir='ltr'><strong>λιπαραν</strong></span> <span class='ocrx_word' id='word_1_234' title='bbox 2572 1600 2806 1678; x_wconf 69' lang='grc' dir='ltr'><strong>ἔθειραν</strong></span> 
     </span>
     <span class='ocr_line' id='line_1_46' title="bbox 1749 1679 2800 1747; baseline 0.003 -17"><span class='ocrx_word' id='word_1_235' title='bbox 1749 1679 1881 1732; x_wconf 83' lang='lat' dir='ltr'><strong>dixit</strong></span> <span class='ocrx_word' id='word_1_236' title='bbox 1928 1681 2229 1733; x_wconf 88' lang='lat' dir='ltr'><strong>Simonides</strong></span> <span class='ocrx_word' id='word_1_237' title='bbox 2275 1695 2329 1747; x_wconf 89' lang='lat' dir='ltr'><strong>p.</strong></span> <span class='ocrx_word' id='word_1_238' title='bbox 2380 1682 2491 1733; x_wconf 74' lang='grc'><strong>495.</strong></span> <span class='ocrx_word' id='word_1_239' title='bbox 2538 1682 2697 1733; x_wconf 86' lang='lat' dir='ltr'><strong>Scbn.</strong></span> <span class='ocrx_word' id='word_1_240' title='bbox 2744 1710 2800 1719; x_wconf 94' lang='lat'>—</span> 
     </span>
     <span class='ocr_line' id='line_1_47' title="bbox 1748 1754 2808 1820; baseline 0.002 -15"><span class='ocrx_word' id='word_1_241' title='bbox 1748 1754 1976 1820; x_wconf 65' lang='lat' dir='ltr'><strong>batam]</strong></span> <span class='ocrx_word' id='word_1_242' title='bbox 1999 1769 2043 1807; x_wconf 92' lang='lat' dir='ltr'><strong>s.</strong></span> <span class='ocrx_word' id='word_1_243' title='bbox 2070 1755 2475 1819; x_wconf 76' lang='lat' dir='ltr'><strong>myrobalanus,</strong></span> <span class='ocrx_word' id='word_1_244' title='bbox 2513 1755 2664 1820; x_wconf 89' lang='lat' dir='ltr'><strong>glans</strong></span> <span class='ocrx_word' id='word_1_245' title='bbox 2687 1770 2808 1820; x_wconf 77' lang='lat' dir='ltr'><strong>my—</strong></span> 
     </span>
     <span class='ocr_line' id='line_1_48' title="bbox 1747 1829 2805 1893; baseline 0.003 -15"><span class='ocrx_word' id='word_1_246' title='bbox 1747 1830 1984 1893; x_wconf 88' lang='lat' dir='ltr'><strong>repsica,</strong></span> <span class='ocrx_word' id='word_1_247' title='bbox 2053 1832 2400 1893; x_wconf 85' lang='lat' dir='ltr'><strong>unguentaria</strong></span> <span class='ocrx_word' id='word_1_248' title='bbox 2464 1829 2691 1882; x_wconf 80' lang='lat' dir='ltr'><strong>Arabiae</strong></span> <span class='ocrx_word' id='word_1_249' title='bbox 2746 1833 2805 1881; x_wconf 86' lang='lat' dir='ltr'><strong>et</strong></span> 
     </span>
     <span class='ocr_line' id='line_1_49' title="bbox 1749 1902 2798 1967; baseline 0 -13"><span class='ocrx_word' id='word_1_250' title='bbox 1749 1903 2059 1967; x_wconf 82' lang='lat' dir='ltr'><strong>Aethiopiae</strong></span> <span class='ocrx_word' id='word_1_251' title='bbox 2101 1902 2201 1967; x_wconf 81' lang='lat' dir='ltr'><strong>(die</strong></span> <span class='ocrx_word' id='word_1_252' title='bbox 2232 1905 2798 1965; x_wconf 60' lang='lat' dir='ltr'><strong>arabi-schem,</strong></span> 
     </span>
     <span class='ocr_line' id='line_1_50' title="bbox 1749 1977 2806 2042; baseline 0.002 -15"><span class='ocrx_word' id='word_1_253' title='bbox 1749 1977 2132 2040; x_wconf 70' lang='lat' dir='ltr'><strong>Baltwtfi‘ucht.</strong></span> <span class='ocrx_word' id='word_1_254' title='bbox 2137 1978 2178 2042; x_wconf 89' lang='lat'><strong>);</strong></span> <span class='ocrx_word' id='word_1_255' title='bbox 2214 1978 2269 2029; x_wconf 85' lang='lat' dir='ltr'><strong>b.</strong></span> <span class='ocrx_word' id='word_1_256' title='bbox 2307 1977 2341 2029; x_wconf 94' lang='lat' dir='ltr'><strong>l.</strong></span> <span class='ocrx_word' id='word_1_257' title='bbox 2368 1977 2549 2029; x_wconf 89' lang='lat' dir='ltr'><strong>oleum</strong></span> <span class='ocrx_word' id='word_1_258' title='bbox 2590 1992 2657 2028; x_wconf 83' lang='lat' dir='ltr'><strong>ex</strong></span> <span class='ocrx_word' id='word_1_259' title='bbox 2688 1980 2806 2030; x_wconf 86' lang='lat' dir='ltr'><strong>eius</strong></span> 
     </span>
     <span class='ocr_line' id='line_1_51' title="bbox 1752 2051 2806 2117; baseline 0.002 -15"><span class='ocrx_word' id='word_1_260' title='bbox 1752 2051 1942 2103; x_wconf 87' lang='lat' dir='ltr'><strong>nucleo</strong></span> <span class='ocrx_word' id='word_1_261' title='bbox 1975 2065 2242 2117; x_wconf 90' lang='lat' dir='ltr'><strong>pressum.</strong></span> <span class='ocrx_word' id='word_1_262' title='bbox 2303 2052 2430 2103; x_wconf 91' lang='lat' dir='ltr'><strong>Oleo</strong></span> <span class='ocrx_word' id='word_1_263' title='bbox 2463 2055 2645 2104; x_wconf 85' lang='lat' dir='ltr'><strong>autem</strong></span> <span class='ocrx_word' id='word_1_264' title='bbox 2679 2052 2806 2104; x_wconf 89' lang='lat' dir='ltr'><strong>inde</strong></span> 
     </span>
     <span class='ocr_line' id='line_1_52' title="bbox 1752 2122 2807 2198; baseline 0.002 -22"><span class='ocrx_word' id='word_1_265' title='bbox 1752 2139 2010 2192; x_wconf 85' lang='lat' dir='ltr'><strong>expresso</strong></span> <span class='ocrx_word' id='word_1_266' title='bbox 2054 2127 2167 2189; x_wconf 75' lang='grc' dir='ltr'><strong>«εἰς</strong></span> <span class='ocrx_word' id='word_1_267' title='bbox 2211 2122 2284 2176; x_wconf 83' lang='grc' dir='ltr'><strong>τὰ</strong></span> <span class='ocrx_word' id='word_1_268' title='bbox 2325 2123 2607 2192; x_wconf 74' lang='grc' dir='ltr'><strong><em>πολυτελῆ</em></strong></span> <span class='ocrx_word' id='word_1_269' title='bbox 2646 2122 2807 2198; x_wconf 76' lang='grc' dir='ltr'><strong><em>μύρα</em></strong></span> 
     </span>
     <span class='ocr_line' id='line_1_53' title="bbox 1749 2194 2802 2272; baseline 0.003 -22"><span class='ocrx_word' id='word_1_270' title='bbox 1749 2194 1870 2250; x_wconf 77' lang='grc' dir='ltr'><strong>ἄντ’</strong></span> <span class='ocrx_word' id='word_1_271' title='bbox 1902 2199 2099 2252; x_wconf 75' lang='grc' dir='ltr'><strong><em>ἐλαίου</em></strong></span> <span class='ocrx_word' id='word_1_272' title='bbox 2133 2196 2441 2272; x_wconf 74' lang='grc' dir='ltr'><strong>ἐχρῶντο.»</strong></span> <span class='ocrx_word' id='word_1_273' title='bbox 2482 2203 2721 2254; x_wconf 90' lang='lat' dir='ltr'><strong>Dioscor.</strong></span> <span class='ocrx_word' id='word_1_274' title='bbox 2749 2201 2802 2262; x_wconf 76' lang='lat'><strong>4,</strong></span> 
     </span>
     <span class='ocr_line' id='line_1_54' title="bbox 1752 2274 2807 2341; baseline 0.002 -17"><span class='ocrx_word' id='word_1_275' title='bbox 1752 2274 1865 2325; x_wconf 84' lang='grc'><strong>460.</strong></span> <span class='ocrx_word' id='word_1_276' title='bbox 1906 2303 1962 2312; x_wconf 91' lang='grc'>-</span> <span class='ocrx_word' id='word_1_277' title='bbox 2003 2276 2181 2326; x_wconf 71' lang='lat' dir='ltr'><strong>Pressa</strong></span> <span class='ocrx_word' id='word_1_278' title='bbox 2227 2277 2378 2326; x_wconf 68' lang='lat' dir='ltr'><strong>taie-</strong></span> <span class='ocrx_word' id='word_1_279' title='bbox 2398 2276 2694 2341; x_wconf 68' lang='lat' dir='ltr'><strong>capilli-31«</strong></span> <span class='ocrx_word' id='word_1_280' title='bbox 2669 2275 2807 2327; x_wconf 81' lang='lat' dir='ltr'><strong>«tibi</strong></span> 
     </span>
     <span class='ocr_line' id='line_1_55' title="bbox 1752 2347 2069 2399; baseline -0.009 -1"><span class='ocrx_word' id='word_1_281' title='bbox 1752 2347 2069 2399; x_wconf 71' lang='lat' dir='ltr'><strong>destinata.»</strong></span> 
     </span>
    </p>
   </div>
   <div class='ocr_carea' id='block_1_8' title="bbox 1750 2497 2810 4193">
    <p class='ocr_par' dir='ltr' id='par_1_9' title="bbox 1750 2497 2810 4193">
     <span class='ocr_line' id='line_1_56' title="bbox 1815 2497 2805 2562; baseline 0.002 -16"><span class='ocrx_word' id='word_1_282' title='bbox 1815 2497 1953 2547; x_wconf 71' lang='lat'><strong>5-7.</strong></span> <span class='ocrx_word' id='word_1_283' title='bbox 1989 2497 2303 2562; x_wconf 62' lang='lat' dir='ltr'><strong>Iandudum]</strong></span> <span class='ocrx_word' id='word_1_284' title='bbox 2338 2500 2455 2548; x_wconf 89' lang='lat' dir='ltr'><strong>Non</strong></span> <span class='ocrx_word' id='word_1_285' title='bbox 2486 2498 2663 2562; x_wconf 79' lang='lat' dir='ltr'><strong>«quod</strong></span> <span class='ocrx_word' id='word_1_286' title='bbox 2685 2497 2805 2548; x_wconf 86' lang='lat' dir='ltr'><strong>diu-</strong></span> 
     </span>
     <span class='ocr_line' id='line_1_57' title="bbox 1750 2571 2805 2624; baseline 0.002 -3"><span class='ocrx_word' id='word_1_287' title='bbox 1750 2572 1855 2622; x_wconf 88' lang='lat' dir='ltr'><strong>tius</strong></span> <span class='ocrx_word' id='word_1_288' title='bbox 1908 2571 2088 2622; x_wconf 89' lang='lat' dir='ltr'><strong>omnia</strong></span> <span class='ocrx_word' id='word_1_289' title='bbox 2135 2573 2237 2623; x_wconf 88' lang='lat' dir='ltr'><strong>ista</strong></span> <span class='ocrx_word' id='word_1_290' title='bbox 2286 2571 2432 2622; x_wconf 89' lang='lat' dir='ltr'><strong>domi</strong></span> <span class='ocrx_word' id='word_1_291' title='bbox 2481 2584 2612 2622; x_wconf 89' lang='lat' dir='ltr'><strong>suae</strong></span> <span class='ocrx_word' id='word_1_292' title='bbox 2654 2573 2805 2624; x_wconf 77' lang='lat' dir='ltr'><strong>Mae-</strong></span> 
     </span>
     <span class='ocr_line' id='line_1_58' title="bbox 1752 2646 2804 2723; baseline 0.001 -28"><span class='ocrx_word' id='word_1_293' title='bbox 1752 2646 1926 2695; x_wconf 88' lang='lat' dir='ltr'><strong>cenati</strong></span> <span class='ocrx_word' id='word_1_294' title='bbox 1980 2647 2234 2696; x_wconf 75' lang='lat' dir='ltr'><strong>servarit»</strong></span> <span class='ocrx_word' id='word_1_295' title='bbox 2288 2647 2395 2723; x_wconf 87' lang='lat' dir='ltr'><strong>(ut</strong></span> <span class='ocrx_word' id='word_1_296' title='bbox 2425 2646 2804 2710; x_wconf 80' lang='lat' dir='ltr'><strong>interpretatus</strong></span> 
     </span>
     <span class='ocr_line' id='line_1_59' title="bbox 1753 2702 2804 2782; baseline 0.001 -14"><span class='ocrx_word' id='word_1_297' title='bbox 1753 2720 1837 2769; x_wconf 87' lang='lat' dir='ltr'><strong>est</strong></span> <span class='ocrx_word' id='word_1_298' title='bbox 1870 2719 2033 2769; x_wconf 89' lang='lat' dir='ltr'><strong>etiam</strong></span> <span class='ocrx_word' id='word_1_299' title='bbox 2055 2717 2352 2782; x_wconf 89' lang='lat' dir='ltr'><strong>Gargallus,</strong></span> <span class='ocrx_word' id='word_1_300' title='bbox 2387 2702 2663 2779; x_wconf 88' lang='lat' dir='ltr'><strong>&#39;metuens,</strong></span> <span class='ocrx_word' id='word_1_301' title='bbox 2702 2731 2804 2769; x_wconf 81' lang='lat' dir='ltr'><strong>«ne</strong></span> 
     </span>
     <span class='ocr_line' id='line_1_60' title="bbox 1753 2793 2802 2855; baseline -0.002 -10"><span class='ocrx_word' id='word_1_302' title='bbox 1753 2807 1908 2845; x_wconf 88' lang='lat' dir='ltr'><strong>rosae</strong></span> <span class='ocrx_word' id='word_1_303' title='bbox 1954 2794 2249 2845; x_wconf 89' lang='lat' dir='ltr'><strong>admodum</strong></span> <span class='ocrx_word' id='word_1_304' title='bbox 2280 2795 2455 2844; x_wconf 85' lang='lat' dir='ltr'><strong>vietae</strong></span> <span class='ocrx_word' id='word_1_305' title='bbox 2503 2794 2738 2844; x_wconf 76' lang='lat' dir='ltr'><strong>tuerint»</strong></span> <span class='ocrx_word' id='word_1_306' title='bbox 2712 2793 2802 2855; x_wconf 69' lang='grc' dir='ltr'><strong>υ),</strong></span> 
     </span>
     <span class='ocr_line' id='line_1_61' title="bbox 1752 2868 2802 2933; baseline -0.003 -14"><span class='ocrx_word' id='word_1_307' title='bbox 1752 2869 1852 2920; x_wconf 87' lang='lat' dir='ltr'><strong>sed</strong></span> <span class='ocrx_word' id='word_1_308' title='bbox 1908 2873 2126 2920; x_wconf 89' lang='lat' dir='ltr'><strong>omnino</strong></span> <span class='ocrx_word' id='word_1_309' title='bbox 2184 2868 2635 2933; x_wconf 75' lang='lat' dir='ltr'><strong>«impatientiam,</strong></span> <span class='ocrx_word' id='word_1_310' title='bbox 2696 2879 2802 2930; x_wconf 87' lang='lat' dir='ltr'><strong>qua</strong></span> 
     </span>
     <span class='ocr_line' id='line_1_62' title="bbox 1754 2941 2806 3007; baseline -0.004 -11"><span class='ocrx_word' id='word_1_311' title='bbox 1754 2945 2121 2996; x_wconf 76' lang='lat' dir='ltr'><strong>Maecenatem</strong></span> <span class='ocrx_word' id='word_1_312' title='bbox 2149 2944 2476 3007; x_wconf 52' lang='lat' dir='ltr'><strong>exspectem</strong></span> <span class='ocrx_word' id='word_1_313' title='bbox 2514 2942 2688 2993; x_wconf 86' lang='lat' dir='ltr'><strong>amice</strong></span> <span class='ocrx_word' id='word_1_314' title='bbox 2710 2941 2806 2992; x_wconf 89' lang='lat' dir='ltr'><strong>de-</strong></span> 
     </span>
     <span class='ocr_line' id='line_1_63' title="bbox 1754 3014 2802 3081; baseline -0.003 -13"><span class='ocrx_word' id='word_1_315' title='bbox 1754 3016 1935 3068; x_wconf 87' lang='lat' dir='ltr'><strong>clarat.</strong></span> <span class='ocrx_word' id='word_1_316' title='bbox 1988 3045 2043 3055; x_wconf 92' lang='lat'>-</span> <span class='ocrx_word' id='word_1_317' title='bbox 2085 3018 2242 3080; x_wconf 58' lang='lat' dir='ltr'><strong>Empe</strong></span> <span class='ocrx_word' id='word_1_318' title='bbox 2280 3021 2328 3068; x_wconf 81' lang='lat' dir='ltr'><strong>te</strong></span> <span class='ocrx_word' id='word_1_319' title='bbox 2368 3017 2561 3081; x_wconf 78' lang='lat' dir='ltr'><strong>morae]</strong></span> <span class='ocrx_word' id='word_1_320' title='bbox 2605 3014 2702 3066; x_wconf 90' lang='lat' dir='ltr'><strong>Od.</strong></span> <span class='ocrx_word' id='word_1_321' title='bbox 2739 3014 2802 3076; x_wconf 73' lang='lat'><strong>4,</strong></span> 
     </span>
     <span class='ocr_line' id='line_1_64' title="bbox 1756 3087 2804 3154; baseline -0.003 -13"><span class='ocrx_word' id='word_1_322' title='bbox 1756 3092 1847 3151; x_wconf 74' lang='grc'><strong>42,</strong></span> <span class='ocrx_word' id='word_1_323' title='bbox 1885 3093 1978 3142; x_wconf 75' lang='lat'><strong>25:</strong></span> <span class='ocrx_word' id='word_1_324' title='bbox 2013 3104 2142 3154; x_wconf 79' lang='lat' dir='ltr'><strong>pone</strong></span> <span class='ocrx_word' id='word_1_325' title='bbox 2174 3104 2364 3141; x_wconf 75' lang='lat' dir='ltr'><strong>moras.</strong></span> <span class='ocrx_word' id='word_1_326' title='bbox 2406 3115 2461 3127; x_wconf 92' lang='lat'><em>-</em></span> <span class='ocrx_word' id='word_1_327' title='bbox 2498 3087 2804 3153; x_wconf 70' lang='lat' dir='ltr'><strong>Nosomper]</strong></span> 
     </span>
     <span class='ocr_line' id='line_1_65' title="bbox 1754 3163 2806 3217; baseline -0.004 -1"><span class='ocrx_word' id='word_1_328' title='bbox 1754 3164 1933 3216; x_wconf 77' lang='lat' dir='ltr'><strong>Altera</strong></span> <span class='ocrx_word' id='word_1_329' title='bbox 1979 3164 2136 3217; x_wconf 88' lang='lat' dir='ltr'><strong>lectio</strong></span> <span class='ocrx_word' id='word_1_330' title='bbox 2180 3179 2270 3216; x_wconf 77' lang='lat' dir='ltr'><strong>nec</strong></span> <span class='ocrx_word' id='word_1_331' title='bbox 2315 3163 2481 3215; x_wconf 87' lang='lat' dir='ltr'><strong>habet</strong></span> <span class='ocrx_word' id='word_1_332' title='bbox 2526 3177 2670 3214; x_wconf 88' lang='lat' dir='ltr'><strong>nunc</strong></span> <span class='ocrx_word' id='word_1_333' title='bbox 2704 3176 2806 3213; x_wconf 87' lang='lat' dir='ltr'><strong>au—</strong></span> 
     </span>
     <span class='ocr_line' id='line_1_66' title="bbox 1755 3238 2805 3305; baseline -0.004 -14"><span class='ocrx_word' id='word_1_334' title='bbox 1755 3241 2053 3292; x_wconf 86' lang='lat' dir='ltr'><strong>ctoritatem</strong></span> <span class='ocrx_word' id='word_1_335' title='bbox 2087 3241 2360 3305; x_wconf 77' lang='lat' dir='ltr'><strong>antiquiss,</strong></span> <span class='ocrx_word' id='word_1_336' title='bbox 2398 3238 2529 3291; x_wconf 90' lang='lat' dir='ltr'><strong>Cod.</strong></span> <span class='ocrx_word' id='word_1_337' title='bbox 2568 3239 2624 3288; x_wconf 88' lang='lat' dir='ltr'><strong>B.</strong></span> <span class='ocrx_word' id='word_1_338' title='bbox 2652 3250 2805 3288; x_wconf 90' lang='lat' dir='ltr'><strong>eam-</strong></span> 
     </span>
     <span class='ocr_line' id='line_1_67' title="bbox 1755 3312 2801 3380; baseline -0.004 -15"><span class='ocrx_word' id='word_1_339' title='bbox 1755 3327 1861 3378; x_wconf 81' lang='lat' dir='ltr'><strong>que</strong></span> <span class='ocrx_word' id='word_1_340' title='bbox 1901 3313 2057 3365; x_wconf 86' lang='lat' dir='ltr'><strong>valde</strong></span> <span class='ocrx_word' id='word_1_341' title='bbox 2098 3314 2294 3380; x_wconf 87' lang='lat' dir='ltr'><strong>probat</strong></span> <span class='ocrx_word' id='word_1_342' title='bbox 2333 3312 2704 3376; x_wconf 87' lang='lat' dir='ltr'><strong>Dillenburger</strong></span> <span class='ocrx_word' id='word_1_343' title='bbox 2746 3325 2801 3376; x_wconf 86' lang='lat' dir='ltr'><strong>p.</strong></span> 
     </span>
     <span class='ocr_line' id='line_1_68' title="bbox 1756 3386 2798 3451; baseline -0.005 -12"><span class='ocrx_word' id='word_1_344' title='bbox 1756 3388 1837 3440; x_wconf 76' lang='grc'><strong>34.</strong></span> <span class='ocrx_word' id='word_1_345' title='bbox 1876 3388 2107 3440; x_wconf 78' lang='lat' dir='ltr'><strong>afferens</strong></span> <span class='ocrx_word' id='word_1_346' title='bbox 2141 3389 2280 3440; x_wconf 87' lang='lat' dir='ltr'><strong>inter</strong></span> <span class='ocrx_word' id='word_1_347' title='bbox 2311 3388 2413 3439; x_wconf 89' lang='lat' dir='ltr'><strong>alia</strong></span> <span class='ocrx_word' id='word_1_348' title='bbox 2435 3386 2682 3451; x_wconf 81' lang='lat' dir='ltr'><strong>exempla</strong></span> <span class='ocrx_word' id='word_1_349' title='bbox 2703 3386 2798 3436; x_wconf 90' lang='lat' dir='ltr'><strong>Od.</strong></span> 
     </span>
     <span class='ocr_line' id='line_1_69' title="bbox 1758 3461 2805 3527; baseline -0.004 -14"><span class='ocrx_word' id='word_1_350' title='bbox 1758 3464 1815 3524; x_wconf 92' lang='grc'><strong>4,</strong></span> <span class='ocrx_word' id='word_1_351' title='bbox 1855 3464 1947 3527; x_wconf 89' lang='grc'><strong>44,</strong></span> <span class='ocrx_word' id='word_1_352' title='bbox 1992 3464 2052 3514; x_wconf 77' lang='lat'><strong>2:</strong></span> <span class='ocrx_word' id='word_1_353' title='bbox 2104 3476 2195 3513; x_wconf 76' lang='lat' dir='ltr'><strong>nec</strong></span> <span class='ocrx_word' id='word_1_354' title='bbox 2235 3463 2535 3525; x_wconf 67' lang='lat' dir='ltr'><strong>Babylonios</strong></span> <span class='ocrx_word' id='word_1_355' title='bbox 2581 3461 2805 3512; x_wconf 65' lang='lat' dir='ltr'><strong>Tantam</strong></span> 
     </span>
     <span class='ocr_line' id='line_1_70' title="bbox 1754 3534 2806 3603; baseline -0.003 -16"><span class='ocrx_word' id='word_1_356' title='bbox 1754 3551 2004 3588; x_wconf 69' lang='lat' dir='ltr'><strong>micros.</strong></span> <span class='ocrx_word' id='word_1_357' title='bbox 2063 3540 2234 3603; x_wconf 78' lang='lat' dir='ltr'><strong>Atque</strong></span> <span class='ocrx_word' id='word_1_358' title='bbox 2269 3538 2338 3587; x_wconf 90' lang='lat' dir='ltr'><strong>de</strong></span> <span class='ocrx_word' id='word_1_359' title='bbox 2370 3537 2477 3588; x_wconf 85' lang='lat' dir='ltr'><strong>boc</strong></span> <span class='ocrx_word' id='word_1_360' title='bbox 2505 3549 2667 3586; x_wconf 88' lang='lat' dir='ltr'><strong>nemo</strong></span> <span class='ocrx_word' id='word_1_361' title='bbox 2699 3534 2806 3585; x_wconf 90' lang='lat' dir='ltr'><strong>du-</strong></span> 
     </span>
     <span class='ocr_line' id='line_1_71' title="bbox 1757 3611 2806 3677; baseline -0.004 -14"><span class='ocrx_word' id='word_1_362' title='bbox 1757 3611 1929 3664; x_wconf 87' lang='lat' dir='ltr'><strong>bitare</strong></span> <span class='ocrx_word' id='word_1_363' title='bbox 1964 3615 2202 3677; x_wconf 90' lang='lat' dir='ltr'><strong>poterat,</strong></span> <span class='ocrx_word' id='word_1_364' title='bbox 2244 3626 2334 3664; x_wconf 77' lang='lat' dir='ltr'><strong>nec</strong></span> <span class='ocrx_word' id='word_1_365' title='bbox 2375 3613 2455 3663; x_wconf 90' lang='lat' dir='ltr'><strong>sic</strong></span> <span class='ocrx_word' id='word_1_366' title='bbox 2490 3612 2806 3675; x_wconf 87' lang='lat' dir='ltr'><strong>usurpatum</strong></span> 
     </span>
     <span class='ocr_line' id='line_1_72' title="bbox 1758 3678 2807 3752; baseline -0.005 -15"><span class='ocrx_word' id='word_1_367' title='bbox 1758 3700 1858 3752; x_wconf 90' lang='lat' dir='ltr'><strong>per</strong></span> <span class='ocrx_word' id='word_1_368' title='bbox 1878 3701 1944 3739; x_wconf 89' lang='lat' dir='ltr'><strong>se</strong></span> <span class='ocrx_word' id='word_1_369' title='bbox 1961 3687 2321 3738; x_wconf 86' lang='lat' dir='ltr'><strong>rectissimum</strong></span> <span class='ocrx_word' id='word_1_370' title='bbox 2337 3698 2485 3743; x_wconf 84' lang='lat' dir='ltr'><strong>esse;</strong></span> <span class='ocrx_word' id='word_1_371' title='bbox 2510 3684 2612 3736; x_wconf 88' lang='lat' dir='ltr'><strong>sed</strong></span> <span class='ocrx_word' id='word_1_372' title='bbox 2632 3678 2807 3733; x_wconf 77' lang='grc' dir='ltr'><strong><em>ἀσύν-</em></strong></span> 
     </span>
     <span class='ocr_line' id='line_1_73' title="bbox 1757 3757 2804 3824; baseline -0.002 -14"><span class='ocrx_word' id='word_1_373' title='bbox 1757 3758 1922 3811; x_wconf 79' lang='grc' dir='ltr'><strong><em>δετον</em></strong></span> <span class='ocrx_word' id='word_1_374' title='bbox 1954 3761 2164 3811; x_wconf 85' lang='lat' dir='ltr'><strong>servavi</strong></span> <span class='ocrx_word' id='word_1_375' title='bbox 2193 3762 2417 3824; x_wconf 89' lang='lat' dir='ltr'><strong>propter</strong></span> <span class='ocrx_word' id='word_1_376' title='bbox 2448 3757 2638 3809; x_wconf 86' lang='lat' dir='ltr'><strong>similia</strong></span> <span class='ocrx_word' id='word_1_377' title='bbox 2673 3770 2726 3807; x_wconf 85' lang='grc' dir='ltr'><strong>ν.</strong></span> <span class='ocrx_word' id='word_1_378' title='bbox 2753 3757 2804 3808; x_wconf 88' lang='grc'><strong>9.</strong></span> 
     </span>
     <span class='ocr_line' id='line_1_74' title="bbox 1758 3829 2809 3898; baseline -0.005 -13"><span class='ocrx_word' id='word_1_379' title='bbox 1758 3836 1814 3885; x_wconf 93' lang='lat' dir='ltr'><strong>et</strong></span> <span class='ocrx_word' id='word_1_380' title='bbox 1836 3836 1890 3885; x_wconf 95' lang='grc'><strong>44</strong></span> <span class='ocrx_word' id='word_1_381' title='bbox 1912 3849 1924 3893; x_wconf 90' lang='grc'><strong>;</strong></span> <span class='ocrx_word' id='word_1_382' title='bbox 1960 3836 2242 3898; x_wconf 84' lang='lat' dir='ltr'><strong>praeterea</strong></span> <span class='ocrx_word' id='word_1_383' title='bbox 2263 3846 2326 3883; x_wconf 74' lang='lat' dir='ltr'><strong>ne</strong></span> <span class='ocrx_word' id='word_1_384' title='bbox 2346 3832 2663 3884; x_wconf 88' lang='lat' dir='ltr'><strong>celeriorem</strong></span> <span class='ocrx_word' id='word_1_385' title='bbox 2687 3829 2809 3880; x_wconf 89' lang='lat' dir='ltr'><strong>red-</strong></span> 
     </span>
     <span class='ocr_line' id='line_1_75' title="bbox 1759 3904 2809 3971; baseline -0.006 -10"><span class='ocrx_word' id='word_1_386' title='bbox 1759 3909 1836 3960; x_wconf 87' lang='lat' dir='ltr'><strong>dit</strong></span> <span class='ocrx_word' id='word_1_387' title='bbox 1855 3910 2240 3961; x_wconf 85' lang='lat' dir='ltr'><strong>sententiarum</strong></span> <span class='ocrx_word' id='word_1_388' title='bbox 2269 3919 2634 3971; x_wconf 84' lang='lat' dir='ltr'><strong>progressum.</strong></span> <span class='ocrx_word' id='word_1_389' title='bbox 2670 3904 2809 3955; x_wconf 84' lang='lat' dir='ltr'><strong>Neu-</strong></span> 
     </span>
     <span class='ocr_line' id='line_1_76' title="bbox 1760 3979 2810 4047; baseline -0.005 -13"><span class='ocrx_word' id='word_1_390' title='bbox 1760 3985 1961 4047; x_wconf 81' lang='lat' dir='ltr'><strong>tiquam</strong></span> <span class='ocrx_word' id='word_1_391' title='bbox 1983 3996 2113 4034; x_wconf 78' lang='lat' dir='ltr'><strong>vero</strong></span> <span class='ocrx_word' id='word_1_392' title='bbox 2136 3983 2292 4047; x_wconf 86' lang='lat' dir='ltr'><strong>aptus</strong></span> <span class='ocrx_word' id='word_1_393' title='bbox 2316 3984 2400 4032; x_wconf 83' lang='lat' dir='ltr'><strong>est</strong></span> <span class='ocrx_word' id='word_1_394' title='bbox 2419 3980 2508 4030; x_wconf 85' lang='lat' dir='ltr'><strong>bic</strong></span> <span class='ocrx_word' id='word_1_395' title='bbox 2523 3979 2810 4031; x_wconf 78' lang='lat' dir='ltr'><strong>sententia-</strong></span> 
     </span>
     <span class='ocr_line' id='line_1_77' title="bbox 1758 4053 2804 4120; baseline -0.007 -12"><span class='ocrx_word' id='word_1_396' title='bbox 1758 4072 1878 4110; x_wconf 90' lang='lat' dir='ltr'><strong>rum</strong></span> <span class='ocrx_word' id='word_1_397' title='bbox 1898 4070 2090 4118; x_wconf 82' lang='lat' dir='ltr'><strong>nexus,</strong></span> <span class='ocrx_word' id='word_1_398' title='bbox 2112 4068 2275 4120; x_wconf 88' lang='lat' dir='ltr'><strong>quem</strong></span> <span class='ocrx_word' id='word_1_399' title='bbox 2299 4053 2535 4104; x_wconf 90' lang='lat' dir='ltr'><strong>nonnulli</strong></span> <span class='ocrx_word' id='word_1_400' title='bbox 2551 4055 2804 4104; x_wconf 85' lang='lat' dir='ltr'><strong>statuunt:</strong></span> 
     </span>
     <span class='ocr_line' id='line_1_78' title="bbox 1758 4126 2808 4193; baseline -0.007 -9"><span class='ocrx_word' id='word_1_401' title='bbox 1758 4131 1960 4193; x_wconf 79' lang='lat' dir='ltr'><strong>«Pelle,</strong></span> <span class='ocrx_word' id='word_1_402' title='bbox 2010 4130 2159 4193; x_wconf 90' lang='lat' dir='ltr'><strong>tolle,</strong></span> <span class='ocrx_word' id='word_1_403' title='bbox 2205 4141 2396 4192; x_wconf 91' lang='lat' dir='ltr'><strong>rumpe</strong></span> <span class='ocrx_word' id='word_1_404' title='bbox 2447 4141 2658 4179; x_wconf 87' lang='lat' dir='ltr'><strong>moram</strong></span> <span class='ocrx_word' id='word_1_405' title='bbox 2714 4126 2808 4189; x_wconf 88' lang='lat' dir='ltr'><strong>(eo</strong></span> 
     </span>
    </p>
   </div>
   <div class='ocr_carea' id='block_1_9' title="bbox 1757 4201 2811 4269">
    <p class='ocr_par' dir='ltr' id='par_1_10' title="bbox 1757 4201 2811 4269">
     <span class='ocr_line' id='line_1_79' title="bbox 1757 4201 2811 4269; baseline -0.007 -11"><span class='ocrx_word' id='word_1_406' title='bbox 1757 4206 1914 4269; x_wconf 81' lang='lat' dir='ltr'><strong>fine),</strong></span> <span class='ocrx_word' id='word_1_407' title='bbox 1967 4219 2036 4257; x_wconf 91' lang='lat' dir='ltr'><strong>ne</strong></span> <span class='ocrx_word' id='word_1_408' title='bbox 2078 4201 2526 4269; x_wconf 81' lang='lat' dir='ltr'><strong>contempleris»;</strong></span> <span class='ocrx_word' id='word_1_409' title='bbox 2587 4201 2683 4255; x_wconf 86' lang='lat' dir='ltr'><strong>sed</strong></span> <span class='ocrx_word' id='word_1_410' title='bbox 2726 4203 2811 4253; x_wconf 87' lang='lat' dir='ltr'><strong>est</strong></span> 
     </span>
    </p>
   </div>
  </div>
 </body>
</html>
