3234 4975
643 388 719 453 ⁴4

1406 389 1661 438 non-ATU
1700 388 2038 439 CARMINUM

934 545 1234 613 Seculum
1279 544 1565 634 Pyrrhae
1610 564 1779 610 nova
1821 553 2106 608 monstra
2148 553 2434 629 questae,

940 669 1147 733 Omne
1191 687 1339 732 cum
1380 667 1649 731 Proteus
1693 684 1895 751 pecus
1940 664 2069 749 egit
2112 660 2272 727 altos

1228 787 1448 853 Visere
1495 795 1781 858 montes,

933 909 1213 975 Piscium
1257 918 1321 972 et
1364 926 1611 971 summa
1657 925 1860 991 genus
1906 902 2114 969 haesit
2155 901 2376 978 nime..

934 1032 1090 1094 Nota
1136 1047 1306 1114 quae
1353 1025 1546 1092 sedes
1590 1025 1796 1090 suerat
1841 1022 2186 1096 columbis,

2723 1023 2802 1086 lo

934 1150 1010 1214 Et
1053 1148 1420 1235 superiecto
1467 1145 1744 1234 pavidae
1789 1154 2085 1209 natarunt

770 1332 818 1381 8.
854 1330 1035 1380 montis
1066 1327 1234 1378 Bch.
1266 1354 1321 1362 —-
1349 1328 1443 1375 Vv.
1471 1326 1650 1375 9—42.
1679 1324 1781 1375 del.
1811 1327 1995 1375 censet
2017 1325 2212 1373 Buttm.
2238 1324 2441 1385 Mythol.
2469 1323 2732 1388 11.p.36·‡.

711 1434 763 1441 —
796 1406 873 1454 ⁴0.
893 1403 1145 1466 palumbis
1165 1417 1209 1450 ω
1238 1402 1382 1465 (Cod.
1421 1400 1625 1463 Battel.)
1650 1414 1748 1463 pro
1771 1417 1881 1452 var.
1910 1402 2052 1463 lect.‚
2081 1404 2133 1452 F.
2166 1429 2220 1438 --
2250 1404 2329 1452 ll.
2355 1417 2504 1465 super
2525 1404 2656 1452 iacto
2678 1404 2735 1451 T.

707 1566 756 1614 6.
796 1562 1016 1626 Pyrrha,
1060 1560 1353 1624 Epimethei
1387 1561 1442 1608 et
1474 1558 1686 1609 Pando-

643 1653 733 1689 rae
768 1637 897 1696 filia,
943 1634 1274 1686 Deucalionis
1314 1646 1463 1683 uxor.
1535 1633 1681 1683 Ovid.

644 1714 765 1764 Met.
805 1714 852 1772 4,
878 1704 992 1760 260¹.
1032 1707 1277 1758 Similiter
1306 1706 1478 1757 valer.
1512 1706 1682 1757 Flacc.

645 1788 693 1846 6,
743 1785 855 1834 390.
904 1784 1148 1833 homines
1193 1780 1422 1845 appellat
1462 1783 1688 1842 Pyrrhae

641 1873 809 1923 yona-3.
864 1859 986 1908 Eius
1019 1859 1193 1920 imago
1229 1870 1353 1906 cum
1370 1856 1609 1906 Pandora
1635 1857 1690 1904 et

643 1933 960 1984 Deucalione
1017 1933 1099 1982 est
1162 1932 1216 1981 in
1280 1945 1409 1980 vase
1464 1931 1681 1980 Nolano.

642 2009 770 2057 Ana.
809 2008 916 2056 dell’
953 2007 1066 2055 inst.
1114 2007 1253 2055 arch.
1291 2006 1376 2055 lv.
1412 2018 1464 2068 p.
1503 2005 1584 2054 80.
1627 2033 1681 2040 —

641 2095 774 2131 nova
803 2080 1043 2143 nwnstra]
1083 2082 1215 2130 «Res
1250 2093 1349 2128 nec
1382 2080 1523 2128 visas
1563 2080 1685 2127 ante

644 2168 818 2218 neque
843 2154 1065 2214 auditas,
1102 2153 1424 2215 terrorisque
1447 2151 1686 2216 plenasuz

638 2229 1023 2291 permixtionem
1044 2233 1235 2288 terrae,
1270 2229 1330 2277 ut
1351 2228 1424 2276 ait
1444 2226 1545 2276 Sal.
1572 2227 1682 2287 lug.

644 2304 726 2354 4⁴.
786 2304 869 2352 Sic
925 2302 1157 2352 Catullus
1208 2303 1377 2366 Epith.
1430 2298 1539 2351 Pel.
1595 2301 1683 2349 45:

643 2379 927 2440 Aequor-eae
965 2383 1239 2427 monstram»
1282 2377 1435 2440 (Argo
1477 2372 1685 2434 navem)

644 2453 879 2505 Nereidos
910 2452 1230 2503 admirantes.

711 2529 760 2578 7.
826 2528 1045 2590 Proteus]
1083 2527 1271 2589 Odyss.
1309 2524 1359 2587 ὅ,
1395 2525 1507 2576 386.
1543 2526 1684 2588 virg.

647 2605 832 2665 Georg.
888 2599 936 2661 4,
991 2601 1110 2650 395:
1171 2601 1416 2650 immania
1462 2600 1689 2663 Neptuni

645 2678 883 2727 Armenta
916 2682 964 2726 et
995 2680 1163 2737 turpes
1187 2676 1352 2736 pascit
1382 2673 1471 2722 sub
1493 2674 1692 2737 quryite

639 2753 841 2814 phocas.
881 2778 937 2787 -
975 2751 1129 2800 Omne
1162 2763 1313 2811 pecus
1363 2748 1563 2798 dictum
1608 2751 1691 2798 est

646 2830 705 2876 ut
738 2828 842 2875 Sat.
882 2827 929 2885 ⁴,
967 2827 1014 2885 5,
1052 2827 1101 2875 2.
1140 2838 1283 2875 mnne
1314 2825 1438 2885 olus,
1478 2824 1689 2875 «omnis

646 2901 854 2961 generis
887 2898 1074 2949 beluas
1107 2900 1391 2949 marinas.»
1451 2899 1534 2947 Sic
1557 2899 1688 2946 utin

647 2974 772 3023 Livii
816 2973 1096 3022 Andronici
1137 2974 1220 3022 Fr.
1268 2974 1317 3021 Ξ.
1356 2972 1450 3021 Ed.
1488 2974 1692 3021 Duent-

648 3061 761 3097 zer:
815 3048 1072 3097 Lascivom
1112 3048 1262 3097 Nerei
1302 3048 1482 3095 simum
1517 3060 1685 3108 pecus.

650 3126 841 3173 Pacuv,
895 3123 1098 3183 Fragm.
1143 3122 1200 3170 5:
1261 3122 1411 3170 Nerei
1454 3123 1694 3183 repandi-

647 3201 867 3245 rostrum
898 3195 1343 3244 incurvicervicum
1366 3208 1534 3256 pocus.

692 3271 772 3319 40.
799 3270 896 3328 Qui
914 3268 1162 3329 palumbis
1185 3271 1546 3330 correxerunt,
1573 3283 1693 3319 me-

648 3345 876 3399 tuerant,
918 3356 986 3392 ne
1021 3345 1175 3405 poeta
1203 3355 1442 3392 errorem
1467 3345 1694 3393 commi-

648 3420 805 3468 sisset
836 3418 1088 3467 columbas
1120 3418 1172 3467 in
1195 3416 1337 3468 silvis
1360 3418 1693 3468 nidificantes

649 3506 973 3543 memorans.
1059 3492 1163 3541 Sed
1217 3492 1446 3542 columba
1495 3506 1692 3543 nomen

650 3571 732 3616 est
764 3568 974 3629 generis
1009 3566 1368 3630 complectens
1405 3567 1564 3616 etiam
1591 3580 1693 3627 pa-

649 3641 864 3701 lumbem,
922 3643 984 3690 ut
1037 3641 1177 3705 apud
1234 3642 1375 3690 Suet.
1431 3642 1544 3689 Oct.
1600 3640 1690 3690 64:

642 3717 821 3776 palma
872 3716 1285 3779 frequentabatur
1349 3715 1696 3765 columbarum

649 3790 793 3838 nidis.

717 3864 795 3912 44.
849 3864 1136 3928 superiecto]
1193 3866 1406 3915 «omnia
1458 3865 1562 3913 iam
1612 3866 1696 3912 te—

650 3939 872 4000 gente«,
927 3964 979 3971 —
1026 3951 1131 3987 non
1182 3952 1311 3988 vero
1357 3938 1696 4002 «superiecto

651 4011 890 4071 damis«,
943 4013 1001 4059 ut
1043 4024 1308 4061 nonnemo
1347 4011 1696 4061 calumniatus

652 4089 750 4143 est,
772 4098 878 4148 quo
895 4085 1278 4148 suspectiorem
1296 4087 1544 4136 redderet
1556 4087 1697 4136 hunc

652 4160 843 4210 locum.
877 4188 930 4196 —
951 4160 1147 4224 damae]
1187 4162 1454 4211 «dmumae
1479 4163 1553 4224 (ut
1586 4163 1692 4211 mei

653 4235 819 4285 Codd.
869 4235 1146 4297 Horatiani)
1190 4234 1386 4297 ubique
1430 4236 1696 4286 Mediceus

1761 1559 2212 1610 consentientibus
2256 1561 2488 1610 Romano
2533 1564 2586 1610 et
2625 1562 2805 1610 Servio

1760 1635 2100 1686 Dresdensi.n
2142 1636 2371 1684 WAcmza
2393 1636 2635 1698 orthogr.
2661 1636 2800 1698 Virg.

1759 1723 1813 1773 p.
1852 1708 1964 1759 432.
2017 1707 2183 1770 Volgo
2208 1707 2466 1772 explicant
2490 1710 2803 1769 Damhirsch,

1761 1784 1920 1843 daini,
1957 1785 2170 1844 danmw,
2207 1785 2379 1839 daim:
2413 1784 2546 1833 Voss
2570 1783 2637 1833 ad
2661 1785 2801 1845 Virg.

1763 1860 1853 1906 Ge.
1891 1858 2004 1907 539.
2043 1859 2266 1918 Gemsen,
2303 1857 2532 1918 camoset,
2568 1858 2803 1917 chameis,

1761 1932 1944 1993 sicque
1997 1929 2341 1981 Forcellinus:
2398 1944 2597 1994 «capra
2647 1929 2807 1981 silve-

1761 2005 1934 2058 stris»
1969 2006 2055 2055 W.
2079 2006 2136 2055 E.
2157 2005 2360 2054 Weber
2383 2004 2450 2054 ad
2472 2006 2582 2055 Iuv.
2608 2018 2661 2069 p.
2689 2006 2803 2054 536.

1759 2065 2106 2140 ἅνθόλωπας
2130 2078 2526 2142 (Blumenauqe),
2548 2079 2810 2140 Antilopen

1761 2166 1804 2202 s.
1834 2153 2085 2214 Gazetten,
2122 2154 2282 2216 idque
2317 2167 2375 2203 re
2409 2167 2538 2203 vera
2568 2152 2809 2218 pluribus

1761 2228 2076 2277 testimoniis
2109 2229 2236 2277 satis
2258 2227 2535 2291 probabile
2560 2228 2804 2277 reddidit.

1763 2302 1902 2363 Virg.
1940 2303 2126 2364 Georg.
2164 2301 2212 2360 3,
2250 2302 2371 2350 539:
2426 2303 2587 2351 timidi
2630 2304 2810 2352 damae

1760 2376 1988 2437 cervique
2017 2376 2234 2438 fuyaces.
2261 2402 2316 2412 —-
2335 2375 2810 2426 Alexandrinorum

1762 2452 2044 2514 poetarum
2101 2448 2335 2501 colorem
2404 2451 2640 2503 referunt
2706 2451 2808 2501 hae

1764 2527 2045 2588 imagines,
2099 2539 2239 2589 quae
2280 2525 2457 2578 multis
2508 2528 2662 2578 nimis
2713 2539 2809 2576 cu-

1764 2599 1993 2650 mulatae
2048 2603 2101 2650 et
2156 2601 2427 2663 quaesitae
2483 2603 2628 2651 visae
2687 2603 2811 2652 sunt

1767 2676 1956 2739 (pisces
2007 2673 2075 2724 illi
2127 2676 2384 2739 imprimis
2440 2675 2490 2724 iu
2543 2675 2809 2726 ulmorum

1761 2751 1960 2800 vertice
1981 2751 2117 2799 inter
2134 2763 2312 2800 ramos
2329 2750 2647 2813 haerentes),
2674 2751 2809 2800 adeo

1766 2828 1823 2873 ut
1862 2828 1984 2888 post
2026 2827 2290 2886 Guyetum
2333 2824 2416 2874 alii
2459 2838 2675 2888 quoque
2721 2839 2805 2873 w.

1763 2900 1940 2948 9-42.
1999 2912 2098 2963 pro
2153 2898 2476 2962 interpolatis
2526 2898 2805 2947 haberent.

1764 2973 1961 3022 Verum
2005 2973 2147 3036 apud
2190 2972 2416 3034 lyricum
2459 2973 2634 3022 minus
2678 2985 2808 3021 sane

1763 3046 1965 3096 habent
2002 3047 2426 3110 reprehensionis
2466 3059 2630 3109 quam
2667 3046 2811 3108 apud

1765 3122 2005 3170 Ovidium
2042 3123 2179 3183 (Met.
2221 3123 2267 3182 l,
2305 3121 2439 3184 296.)
2479 3123 2533 3170 et
2564 3123 2810 3171 Nonnum

1767 3196 1815 3257 6,
1843 3197 1956 3246 229.
1994 3197 2085 3258 qui
2119 3194 2294 3245 locum
2329 3194 2397 3244 de
2422 3193 2618 3244 diluvio
2642 3194 2810 3244 multo

1768 3272 1928 3320 etiam
1951 3269 2265 3320 luxuriosius
2289 3272 2595 3319 tractarunt.
2642 3269 2807 3332 (Ovid.

1767 3344 1801 3394 l.
1827 3344 1860 3394 1.
1897 3359 2092 3394 smnma
2127 3345 2313 3405 piscem
2354 3346 2611 3407 deprendit
2641 3345 2693 3392 in
2729 3344 2812 3392 ul—

1766 3420 1890 3484 ma.)
1939 3447 1991 3455 —
2039 3418 2228 3469 Similis
2284 3422 2466 3469 autem
2522 3419 2811 3480 imaginum

1769 3495 1998 3559 profusio
2032 3496 2114 3541 est
2149 3493 2199 3541 in
2241 3492 2407 3556 Epod.
2447 3493 2526 3553 46,
2566 3493 2648 3542 27.
2709 3492 2814 3542 Ce—

1768 3573 1942 3618 terum
1965 3568 2014 3617 in
2038 3568 2139 3616 hac
2161 3565 2470 3617 luxuriantis
2486 3567 2813 3627 φαντασίας

1770 3643 2020 3692 effusione
2043 3640 2147 3691 noli
2172 3642 2401 3704 cogitare
2428 3654 2550 3690 cum
2569 3640 2813 3691 Liibkero

1771 3716 1837 3765 de
1882 3717 2057 3766 nescio
2100 3729 2204 3779 qua
2241 3716 2527 3786 εἰρωνείᾳ,
2573 3728 2712 3778 quae
2749 3716 2814 3763 fi-

1770 3802 1898 3852 gura
1938 3789 2042 3837 hoc
2085 3804 2302 3839 carmen
2337 3788 2493 3853 plane
2529 3789 2815 3838 dedecuis-

1770 3866 1868 3914 set.
1927 3865 2220 3914 Praeeunte
2244 3864 2483 3915 lacobsio
2516 3862 2812 3913 Weberus:

1773 3960 1796 3983 ιι
1820 3937 2051 4001 Eleganti
2133 3939 2421 4002 imaginum
2505 3937 2814 4002 gradatione

1770 4013 2165 4063 inundationem
2218 4014 2488 4063 describit.
2576 4014 2815 4063 Primum

1770 4087 1992 4151 phocae,
2030 4086 2153 4136 olim
2188 4089 2412 4150 apricari
2436 4089 2641 4137 tantum
2675 4088 2728 4136 in
2751 4085 2815 4134 li-

1770 4164 1884 4211 tore
1940 4160 2150 4221 solitae,
2211 4175 2352 4211 nunc
2407 4163 2548 4224 ipsos
2605 4162 2814 4210 montes

1770 4234 2047 4297 obtegunt;
2095 4236 2288 4285 deinde
2330 4237 2528 4299 pisces,
2578 4236 2630 4283 in
2674 4238 2813 4282 terra
