<?xml version="1.0" encoding="UTF-8"?>
<!DOCTYPE html PUBLIC "-//W3C//DTD XHTML 1.0 Transitional//EN"
    "http://www.w3.org/TR/xhtml1/DTD/xhtml1-transitional.dtd">
<html xmlns="http://www.w3.org/1999/xhtml" xml:lang="en" lang="en">
 <head>
  <title>
</title>
<meta http-equiv="Content-Type" content="text/html;charset=utf-8" />
  <meta name='ocr-system' content='tesseract 3.04.00' />
  <meta name='ocr-capabilities' content='ocr_page ocr_carea ocr_par ocr_line ocrx_word'/>
</head>
<body>
  <div class='ocr_page' id='page_1' title='image "./qhoratiusflaccu05baitgoog_0445.png"; bbox 0 0 3234 4975; ppageno 0'>
   <div class='ocr_carea' id='block_1_1' title="bbox 1177 417 2569 483">
    <p class='ocr_par' dir='ltr' id='par_1_1' title="bbox 1177 417 2569 483">
     <span class='ocr_line' id='line_1_1' title="bbox 1177 417 2569 483; baseline -0.004 -11"><span class='ocrx_word' id='word_1_1' title='bbox 1177 423 1294 473; x_wconf 78' lang='lat' dir='ltr'><strong>Lm.</strong></span> <span class='ocrx_word' id='word_1_2' title='bbox 1334 423 1417 473; x_wconf 89' lang='lat' dir='ltr'><strong>m.</strong></span> <span class='ocrx_word' id='word_1_3' title='bbox 1489 422 1546 471; x_wconf 87' lang='lat' dir='ltr'><strong>c.</strong></span> <span class='ocrx_word' id='word_1_4' title='bbox 1584 421 1668 472; x_wconf 74' lang='lat' dir='ltr'><strong>xi.</strong></span> <span class='ocrx_word' id='word_1_5' title='bbox 2444 417 2569 483; x_wconf 70' lang='lat'><strong>4⁴7</strong></span> 
     </span>
    </p>
   </div>
   <div class='ocr_carea' id='block_1_2' title="bbox 404 576 2575 1480">
    <p class='ocr_par' dir='ltr' id='par_1_2' title="bbox 404 576 2569 810">
     <span class='ocr_line' id='line_1_2' title="bbox 404 576 2568 645; baseline -0.001 -14"><span class='ocrx_word' id='word_1_6' title='bbox 404 582 642 645; x_wconf 80' lang='lat' dir='ltr'><strong>graviore</strong></span> <span class='ocrx_word' id='word_1_7' title='bbox 693 581 987 632; x_wconf 82' lang='lat' dir='ltr'><strong>sententiae</strong></span> <span class='ocrx_word' id='word_1_8' title='bbox 1039 593 1102 630; x_wconf 87' lang='lat' dir='ltr'><strong>ac</strong></span> <span class='ocrx_word' id='word_1_9' title='bbox 1152 580 1308 630; x_wconf 86' lang='lat' dir='ltr'><strong>metri</strong></span> <span class='ocrx_word' id='word_1_10' title='bbox 1358 579 1676 631; x_wconf 86' lang='lat' dir='ltr'><strong>detrimento</strong></span> <span class='ocrx_word' id='word_1_11' title='bbox 1725 577 1948 631; x_wconf 72' lang='lat' dir='ltr'><strong>devitari</strong></span> <span class='ocrx_word' id='word_1_12' title='bbox 1990 591 2096 629; x_wconf 92' lang='lat' dir='ltr'><strong>non</strong></span> <span class='ocrx_word' id='word_1_13' title='bbox 2139 580 2346 643; x_wconf 88' lang='lat' dir='ltr'><strong>posset,</strong></span> <span class='ocrx_word' id='word_1_14' title='bbox 2401 576 2568 628; x_wconf 85' lang='lat' dir='ltr'><strong>libere</strong></span> 
     </span>
     <span class='ocr_line' id='line_1_3' title="bbox 404 659 2569 728; baseline 0.001 -18"><span class='ocrx_word' id='word_1_15' title='bbox 404 660 697 716; x_wconf 73' lang='lat' dir='ltr'><strong>fateamur?</strong></span> <span class='ocrx_word' id='word_1_16' title='bbox 755 662 1157 728; x_wconf 77' lang='lat' dir='ltr'><strong>(Negligentiam</strong></span> <span class='ocrx_word' id='word_1_17' title='bbox 1199 662 1418 727; x_wconf 89' lang='lat' dir='ltr'><strong>quidam</strong></span> <span class='ocrx_word' id='word_1_18' title='bbox 1460 663 1830 727; x_wconf 71' lang='lat' dir='ltr'><strong>vituperat-unt</strong></span> <span class='ocrx_word' id='word_1_19' title='bbox 1875 662 2036 713; x_wconf 84' lang='lat' dir='ltr'><strong>etiam</strong></span> <span class='ocrx_word' id='word_1_20' title='bbox 2081 662 2136 712; x_wconf 85' lang='lat' dir='ltr'><strong>in</strong></span> <span class='ocrx_word' id='word_1_21' title='bbox 2168 659 2450 725; x_wconf 75' lang='lat' dir='ltr'><strong>virgiliano</strong></span> <span class='ocrx_word' id='word_1_22' title='bbox 2483 659 2569 712; x_wconf 89' lang='lat' dir='ltr'><strong>illo</strong></span> 
     </span>
     <span class='ocr_line' id='line_1_4' title="bbox 404 744 2278 810; baseline -0.003 -11"><span class='ocrx_word' id='word_1_23' title='bbox 404 751 534 799; x_wconf 78' lang='lat' dir='ltr'><strong>Aen.</strong></span> <span class='ocrx_word' id='word_1_24' title='bbox 573 748 629 809; x_wconf 74' lang='lat'><strong>4,</strong></span> <span class='ocrx_word' id='word_1_25' title='bbox 668 747 789 799; x_wconf 70' lang='lat'><strong>479:</strong></span> <span class='ocrx_word' id='word_1_26' title='bbox 828 749 925 810; x_wconf 74' lang='lat' dir='ltr'><strong>Qui</strong></span> <span class='ocrx_word' id='word_1_27' title='bbox 955 748 1077 797; x_wconf 64' lang='lat' dir='ltr'><strong>mihi</strong></span> <span class='ocrx_word' id='word_1_28' title='bbox 1108 748 1287 798; x_wconf 69' lang='lat' dir='ltr'><strong>wddat</strong></span> <span class='ocrx_word' id='word_1_29' title='bbox 1319 760 1451 798; x_wconf 79' lang='lat' dir='ltr'><strong>oum</strong></span> <span class='ocrx_word' id='word_1_30' title='bbox 1480 746 1561 797; x_wconf 78' lang='lat' dir='ltr'><strong>vol</strong></span> <span class='ocrx_word' id='word_1_31' title='bbox 1591 759 1656 797; x_wconf 80' lang='lat' dir='ltr'><strong>eo</strong></span> <span class='ocrx_word' id='word_1_32' title='bbox 1685 759 1766 797; x_wconf 77' lang='lat' dir='ltr'><strong>mo</strong></span> <span class='ocrx_word' id='word_1_33' title='bbox 1796 746 1957 796; x_wconf 75' lang='lat' dir='ltr'><strong>solvat</strong></span> <span class='ocrx_word' id='word_1_34' title='bbox 1988 744 2278 796; x_wconf 69' lang='lat' dir='ltr'><strong>mansan?</strong></span> 
     </span>
    </p>

    <p class='ocr_par' dir='ltr' id='par_1_3' title="bbox 405 829 2575 1480">
     <span class='ocr_line' id='line_1_5' title="bbox 534 829 2575 893; baseline -0.002 -10"><span class='ocrx_word' id='word_1_35' title='bbox 534 833 733 883; x_wconf 90' lang='lat' dir='ltr'><strong>Verum</strong></span> <span class='ocrx_word' id='word_1_36' title='bbox 767 832 1047 882; x_wconf 78' lang='lat' dir='ltr'><strong>audiamus</strong></span> <span class='ocrx_word' id='word_1_37' title='bbox 1082 832 1243 882; x_wconf 87' lang='lat' dir='ltr'><strong>etiam</strong></span> <span class='ocrx_word' id='word_1_38' title='bbox 1266 830 1546 892; x_wconf 83' lang='lat' dir='ltr'><strong>Naekium,</strong></span> <span class='ocrx_word' id='word_1_39' title='bbox 1584 830 1908 880; x_wconf 83' lang='lat' dir='ltr'><strong>acerrimum</strong></span> <span class='ocrx_word' id='word_1_40' title='bbox 1931 830 2089 881; x_wconf 88' lang='lat' dir='ltr'><strong>huius</strong></span> <span class='ocrx_word' id='word_1_41' title='bbox 2111 829 2361 893; x_wconf 81' lang='lat' dir='ltr'><strong>strophae</strong></span> <span class='ocrx_word' id='word_1_42' title='bbox 2385 829 2575 879; x_wconf 85' lang='lat' dir='ltr'><strong>adver-</strong></span> 
     </span>
     <span class='ocr_line' id='line_1_6' title="bbox 405 911 2572 979; baseline -0.002 -12"><span class='ocrx_word' id='word_1_43' title='bbox 405 918 630 967; x_wconf 86' lang='lat' dir='ltr'><strong>sarium:</strong></span> <span class='ocrx_word' id='word_1_44' title='bbox 669 915 1048 967; x_wconf 77' lang='lat' dir='ltr'><strong>«Occasionem</strong></span> <span class='ocrx_word' id='word_1_45' title='bbox 1080 913 1297 964; x_wconf 84' lang='lat' dir='ltr'><strong>ludendi</strong></span> <span class='ocrx_word' id='word_1_46' title='bbox 1331 916 1387 965; x_wconf 84' lang='lat' dir='ltr'><strong>et</strong></span> <span class='ocrx_word' id='word_1_47' title='bbox 1416 911 1620 979; x_wconf 88' lang='lat' dir='ltr'><strong>puerile</strong></span> <span class='ocrx_word' id='word_1_48' title='bbox 1655 913 1924 977; x_wconf 81' lang='lat' dir='ltr'><strong>ingenium</strong></span> <span class='ocrx_word' id='word_1_49' title='bbox 1958 911 2244 964; x_wconf 84' lang='lat' dir='ltr'><strong>exercendi</strong></span> <span class='ocrx_word' id='word_1_50' title='bbox 2276 915 2390 977; x_wconf 87' lang='lat' dir='ltr'><strong>ipse</strong></span> <span class='ocrx_word' id='word_1_51' title='bbox 2412 926 2572 977; x_wconf 86' lang='lat' dir='ltr'><strong>prae—</strong></span> 
     </span>
     <span class='ocr_line' id='line_1_7' title="bbox 406 995 2573 1061; baseline -0.002 -11"><span class='ocrx_word' id='word_1_52' title='bbox 406 999 600 1051; x_wconf 87' lang='lat' dir='ltr'><strong>buerat</strong></span> <span class='ocrx_word' id='word_1_53' title='bbox 631 1000 905 1060; x_wconf 77' lang='lat' dir='ltr'><strong>Horatius,</strong></span> <span class='ocrx_word' id='word_1_54' title='bbox 951 999 1102 1049; x_wconf 88' lang='lat' dir='ltr'><strong>cuius</strong></span> <span class='ocrx_word' id='word_1_55' title='bbox 1136 997 1383 1061; x_wconf 85' lang='lat' dir='ltr'><strong>stropha,</strong></span> <span class='ocrx_word' id='word_1_56' title='bbox 1432 1010 1569 1061; x_wconf 82' lang='lat' dir='ltr'><strong>quae</strong></span> <span class='ocrx_word' id='word_1_57' title='bbox 1610 997 1913 1061; x_wconf 85' lang='lat' dir='ltr'><strong>praecedit,</strong></span> <span class='ocrx_word' id='word_1_58' title='bbox 1963 1009 2089 1048; x_wconf 82' lang='lat' dir='ltr'><strong>cum</strong></span> <span class='ocrx_word' id='word_1_59' title='bbox 2119 997 2204 1048; x_wconf 87' lang='lat' dir='ltr'><strong>his</strong></span> <span class='ocrx_word' id='word_1_60' title='bbox 2237 1009 2323 1045; x_wconf 87' lang='lat' dir='ltr'><strong>vv.</strong></span> <span class='ocrx_word' id='word_1_61' title='bbox 2361 995 2573 1047; x_wconf 83' lang='lat' dir='ltr'><strong>finiatur</strong></span> 
     </span>
     <span class='ocr_line' id='line_1_8' title="bbox 406 1077 2569 1145; baseline -0.002 -11"><span class='ocrx_word' id='word_1_62' title='bbox 406 1085 638 1134; x_wconf 66' lang='lat' dir='ltr'><strong>manis</strong></span> <span class='ocrx_word' id='word_1_63' title='bbox 685 1084 874 1133; x_wconf 74' lang='lat' dir='ltr'><strong>ianitor</strong></span> <span class='ocrx_word' id='word_1_64' title='bbox 922 1082 1097 1143; x_wconf 77' lang='lat' dir='ltr'><strong>aulae,</strong></span> <span class='ocrx_word' id='word_1_65' title='bbox 1152 1080 1347 1145; x_wconf 90' lang='lat' dir='ltr'><strong>quibus</strong></span> <span class='ocrx_word' id='word_1_66' title='bbox 1379 1080 1559 1131; x_wconf 84' lang='lat' dir='ltr'><strong>verbis</strong></span> <span class='ocrx_word' id='word_1_67' title='bbox 1592 1079 1758 1132; x_wconf 88' lang='lat' dir='ltr'><strong>latere</strong></span> <span class='ocrx_word' id='word_1_68' title='bbox 1792 1084 1979 1145; x_wconf 87' lang='lat' dir='ltr'><strong>posset</strong></span> <span class='ocrx_word' id='word_1_69' title='bbox 2020 1080 2326 1131; x_wconf 79' lang='lat' dir='ltr'><strong>hebetiores</strong></span> <span class='ocrx_word' id='word_1_70' title='bbox 2360 1077 2569 1141; x_wconf 82' lang='lat' dir='ltr'><strong>oculos,</strong></span> 
     </span>
     <span class='ocr_line' id='line_1_9' title="bbox 408 1163 2567 1231; baseline -0.002 -13"><span class='ocrx_word' id='word_1_71' title='bbox 408 1169 527 1231; x_wconf 87' lang='lat' dir='ltr'><strong>quis</strong></span> <span class='ocrx_word' id='word_1_72' title='bbox 578 1169 723 1218; x_wconf 86' lang='lat' dir='ltr'><strong>esset</strong></span> <span class='ocrx_word' id='word_1_73' title='bbox 768 1166 984 1228; x_wconf 76' lang='lat' dir='ltr'><strong>ianitor,</strong></span> <span class='ocrx_word' id='word_1_74' title='bbox 1036 1165 1168 1230; x_wconf 87' lang='lat' dir='ltr'><strong>quid</strong></span> <span class='ocrx_word' id='word_1_75' title='bbox 1215 1164 1501 1230; x_wconf 84' lang='lat' dir='ltr'><strong>proclivius</strong></span> <span class='ocrx_word' id='word_1_76' title='bbox 1550 1168 1667 1217; x_wconf 81' lang='lat' dir='ltr'><strong>erat</strong></span> <span class='ocrx_word' id='word_1_77' title='bbox 1714 1178 1879 1229; x_wconf 88' lang='lat' dir='ltr'><strong>quam</strong></span> <span class='ocrx_word' id='word_1_78' title='bbox 1928 1165 2106 1215; x_wconf 82' lang='lat' dir='ltr'><strong>addita</strong></span> <span class='ocrx_word' id='word_1_79' title='bbox 2139 1164 2357 1229; x_wconf 83' lang='lat' dir='ltr'><strong>stropha</strong></span> <span class='ocrx_word' id='word_1_80' title='bbox 2402 1163 2567 1224; x_wconf 84' lang='lat' dir='ltr'><strong>banc,</strong></span> 
     </span>
     <span class='ocr_line' id='line_1_10' title="bbox 409 1246 2573 1315; baseline -0.001 -14"><span class='ocrx_word' id='word_1_81' title='bbox 409 1264 546 1315; x_wconf 78' lang='lat' dir='ltr'><strong>quae</strong></span> <span class='ocrx_word' id='word_1_82' title='bbox 579 1248 860 1300; x_wconf 83' lang='lat' dir='ltr'><strong>videbatur</strong></span> <span class='ocrx_word' id='word_1_83' title='bbox 892 1262 1038 1310; x_wconf 91' lang='lat' dir='ltr'><strong>esse,</strong></span> <span class='ocrx_word' id='word_1_84' title='bbox 1088 1248 1472 1300; x_wconf 75' lang='lat' dir='ltr'><strong>obscuritatem</strong></span> <span class='ocrx_word' id='word_1_85' title='bbox 1507 1246 1691 1300; x_wconf 84' lang='lat' dir='ltr'><strong>tollere</strong></span> <span class='ocrx_word' id='word_1_86' title='bbox 1707 1288 1720 1311; x_wconf 88' lang='lat'>,</span> <span class='ocrx_word' id='word_1_87' title='bbox 1767 1248 1989 1300; x_wconf 90' lang='lat' dir='ltr'><strong>Cerberi</strong></span> <span class='ocrx_word' id='word_1_88' title='bbox 2023 1262 2217 1300; x_wconf 91' lang='lat' dir='ltr'><strong>nomen</strong></span> <span class='ocrx_word' id='word_1_89' title='bbox 2250 1261 2481 1312; x_wconf 86' lang='lat' dir='ltr'><strong>ponere,</strong></span> <span class='ocrx_word' id='word_1_90' title='bbox 2517 1250 2573 1298; x_wconf 88' lang='lat' dir='ltr'><strong>et</strong></span> 
     </span>
     <span class='ocr_line' id='line_1_11' title="bbox 409 1330 2571 1397; baseline -0.002 -12"><span class='ocrx_word' id='word_1_91' title='bbox 409 1334 667 1386; x_wconf 77' lang='lat' dir='ltr'><strong>notissimi</strong></span> <span class='ocrx_word' id='word_1_92' title='bbox 700 1334 925 1383; x_wconf 78' lang='lat' dir='ltr'><strong>monstri</strong></span> <span class='ocrx_word' id='word_1_93' title='bbox 956 1332 1264 1384; x_wconf 80' lang='lat' dir='ltr'><strong>foeditatem</strong></span> <span class='ocrx_word' id='word_1_94' title='bbox 1296 1332 1584 1384; x_wconf 88' lang='lat' dir='ltr'><strong>luminibus</strong></span> <span class='ocrx_word' id='word_1_95' title='bbox 1606 1334 1828 1397; x_wconf 71' lang='lat' dir='ltr'><strong>poeticis</strong></span> <span class='ocrx_word' id='word_1_96' title='bbox 1850 1330 2145 1384; x_wconf 70' lang='lat' dir='ltr'><strong>illustrare?</strong></span> <span class='ocrx_word' id='word_1_97' title='bbox 2160 1350 2185 1378; x_wconf 70' lang='grc' dir='ltr'><strong><em>ι</em></strong></span> <span class='ocrx_word' id='word_1_98' title='bbox 2220 1332 2571 1383; x_wconf 83' lang='lat' dir='ltr'><strong>Imitationem</strong></span> 
     </span>
     <span class='ocr_line' id='line_1_12' title="bbox 410 1416 2026 1480; baseline -0.001 -12"><span class='ocrx_word' id='word_1_99' title='bbox 410 1420 588 1468; x_wconf 85' lang='lat' dir='ltr'><strong>autem</strong></span> <span class='ocrx_word' id='word_1_100' title='bbox 621 1419 843 1468; x_wconf 80' lang='lat' dir='ltr'><strong>tractam</strong></span> <span class='ocrx_word' id='word_1_101' title='bbox 875 1419 1028 1480; x_wconf 84' lang='lat' dir='ltr'><strong>putat</strong></span> <span class='ocrx_word' id='word_1_102' title='bbox 1060 1430 1123 1467; x_wconf 85' lang='lat' dir='ltr'><strong>ex</strong></span> <span class='ocrx_word' id='word_1_103' title='bbox 1159 1416 1254 1467; x_wconf 90' lang='lat' dir='ltr'><strong>Od.</strong></span> <span class='ocrx_word' id='word_1_104' title='bbox 1291 1418 1349 1478; x_wconf 77' lang='lat'><strong>2,</strong></span> <span class='ocrx_word' id='word_1_105' title='bbox 1389 1417 1477 1477; x_wconf 71' lang='lat'><strong>43,</strong></span> <span class='ocrx_word' id='word_1_106' title='bbox 1516 1416 1596 1467; x_wconf 81' lang='lat'><strong>33.</strong></span> <span class='ocrx_word' id='word_1_107' title='bbox 1637 1420 1692 1466; x_wconf 87' lang='lat' dir='ltr'><strong>et</strong></span> <span class='ocrx_word' id='word_1_108' title='bbox 1723 1418 1782 1477; x_wconf 75' lang='lat'><strong>2,</strong></span> <span class='ocrx_word' id='word_1_109' title='bbox 1821 1416 1909 1479; x_wconf 75' lang='lat'><strong>⁴9,</strong></span> <span class='ocrx_word' id='word_1_110' title='bbox 1945 1417 2026 1466; x_wconf 78' lang='lat'><strong>29.</strong></span> 
     </span>
    </p>
   </div>
   <div class='ocr_carea' id='block_1_3' title="bbox 1302 2214 1714 2235">
    <p class='ocr_par' dir='ltr' id='par_1_4' title="bbox 1302 2214 1714 2235">
     <span class='ocr_line' id='line_1_13' title="bbox 1302 2214 1714 2235; textangle 90"><span class='ocrx_word' id='word_1_111' title='bbox 1302 2214 1714 2235; x_wconf 70' lang='lat'><strong>11</strong></span> 
     </span>
    </p>
   </div>
   <div class='ocr_carea' id='block_1_4' title="bbox 590 4383 2233 4437">
    <p class='ocr_par' dir='ltr' id='par_1_5' title="bbox 590 4383 2233 4437">
     <span class='ocr_line' id='line_1_14' title="bbox 590 4383 2233 4437; baseline -0.002 -4"><span class='ocrx_word' id='word_1_112' title='bbox 590 4389 770 4437; x_wconf 71' lang='lat' dir='ltr'><strong>Honn.</strong></span> <span class='ocrx_word' id='word_1_113' title='bbox 803 4401 913 4436; x_wconf 78' lang='lat' dir='ltr'><strong>vot..</strong></span> <span class='ocrx_word' id='word_1_114' title='bbox 946 4389 978 4435; x_wconf 88' lang='grc'><strong>1.</strong></span> <span class='ocrx_word' id='word_1_115' title='bbox 1040 4402 1116 4436; x_wconf 74' lang='lat' dir='ltr'><strong>nn.</strong></span> <span class='ocrx_word' id='word_1_116' title='bbox 1150 4398 1303 4437; x_wconf 70' lang='lat' dir='ltr'><strong>imon</strong></span> <span class='ocrx_word' id='word_1_117' title='bbox 1333 4386 1403 4432; x_wconf 82' lang='lat'><em>11¹.</em></span> <span class='ocrx_word' id='word_1_118' title='bbox 2178 4383 2233 4429; x_wconf 71' lang='lat'><strong>27</strong></span> 
     </span>
    </p>
   </div>
  </div>
 </body>
</html>
