3234 4975
1183 409 1302 458 Lm.
1341 406 1426 457 lV.
1498 408 1557 458 C.
1594 407 1702 458 xll.

2495 408 2620 473 605

703 563 937 630 Dicunt
980 564 1044 628 in
1087 573 1311 630 tenero
1356 562 1645 650 gramine
1689 563 2026 650 pinguium

705 682 1023 750 Custodes
1066 685 1282 749 ovium
1326 684 1611 751 carmina
1654 684 1868 750 fistula

2538 684 2619 750 40

700 804 1161 891 Delectantque
1207 803 1428 880 deum,
1478 805 1582 871 cui
1629 825 1833 891 pecus
1878 814 1944 871 et
1988 806 2150 893 nigri

875 924 1086 991 Colles
1129 924 1443 992 Arcadiae
1486 924 1762 1012 placent.

700 1081 1045 1148 Adduxere
1090 1082 1258 1147 sitim
1303 1091 1593 1168 tempora
1612 1134 1626 1157 ,
1674 1083 1928 1170 Virgili3

701 1202 832 1269 Sed
874 1222 1174 1289 pressum
1220 1201 1480 1269 Calibus
1524 1201 1768 1270 ducere
1812 1204 2118 1271 Liberum

701 1324 767 1389 Si
811 1323 1046 1410 gestiS‚
1095 1324 1400 1389 iuvenum
1443 1322 1757 1390 nobilium
1800 1323 2036 1402 clien'S,

2535 1327 2615 1392 45

579 1504 627 1551 9.
654 1502 707 1550 in
730 1501 914 1564 tenero]
938 1502 1133 1565 inteqro
1156 1502 1212 1551 T.
1241 1526 1298 1538 —
1346 1502 1426 1552 44.
1462 1501 1751 1551 Delectante
1784 1503 1823 1551 T
1860 1505 1915 1552 et
1944 1501 2125 1567 plures
2161 1504 2390 1554 Pottierii
2428 1506 2551 1568 (non

512 1574 700 1637 BbSd).
724 1602 779 1612 —
806 1577 986 1640 niqrae
1008 1590 1074 1626 ex
1091 1590 1204 1625 var.
1225 1574 1346 1625 lect.
1376 1575 1506 1625 Cod.
1533 1575 1720 1627 Battel.
1741 1575 1908 1627 Bentl.
1935 1605 1990 1613 —
2020 1577 2097 1627 43.
2125 1578 2307 1642 Verqili
2324 1583 2468 1630 recte
2488 1581 2544 1630 B.

446 1738 507 1784 τ,
565 1724 692 1775 5⁴8:
744 1718 844 1786 Ὡς
896 1721 943 1773 δ’
1003 1716 1101 1773 ὅτε
1153 1721 1492 1793 Πανδαρέου

445 1793 663 1884 κούρη,
720 1797 968 1885 χλωρηῒς
996 1792 1240 1865 Ἀηδών,
1297 1793 1493 1849 Καλὸν

446 1866 731 1960 ἀείδῃσιν,
760 1867 932 1943 ἔαρος
964 1875 1097 1924 νέον
1132 1874 1490 1938 ἱσταμένοιο,

444 1973 474 1984 -
494 1975 525 1985 -
539 1940 670 1997 ’Ἡτε
702 1944 868 2012 θαμὰ
912 1944 1196 2019 τρωπῶσα
1229 1950 1349 2007 χέει
1384 1962 1494 1996 πο-

445 2019 664 2088 λυηχέα
705 2018 934 2087 φωνήν,
988 2021 1151 2073 Παῖδ
1196 2017 1492 2092 ὀλοφυρο-

441 2097 590 2160 μένη
598 2090 818 2145 Ἴτυλον
839 2094 1031 2157 φίλον.
1060 2099 1153 2159 (De
1178 2096 1365 2160 triplici
1392 2098 1493 2145 sor·

443 2183 531 2220 ma
556 2170 713 2221 huius
738 2170 945 2221 fabulae
970 2172 1181 2234 egregie
1206 2170 1493 2233 disputavit

442 2243 716 2305 Rossignol
736 2245 1032 2306 Fragments
1063 2246 1147 2293 des
1180 2243 1493 2293 Choliambo-

443 2318 659 2379 maphes
678 2330 731 2380 p.
759 2318 824 2366 50
847 2316 989 2380 sqq.)
1020 2344 1074 2353 -
1102 2317 1300 2380 Inscite]
1342 2320 1492 2366 Pam-

442 2389 617 2454 philus
644 2391 694 2440 in
718 2390 874 2440 Anth.
902 2390 1007 2440 Pal.
1028 2392 1089 2440 11.
1115 2405 1169 2456 p.
1190 2394 1284 2441 22ε
1323 2390 1492 2440 Time

443 2465 824 2553 παναμέριος,
893 2462 1171 2516 Πανδιονὶ
1222 2463 1492 2537 κάμμορε

441 2535 661 2664 {3⁶52
696 2539 1023 2680 &fimat
1038 2539 1493 2678 &metm

442 2690 633 2754 domus]
670 2703 858 2752 regum
894 2691 1313 2751 Atheniensium,
1353 2703 1492 2753 quo-

444 2777 565 2814 rum
599 2765 804 2828 primus
838 2764 934 2814 fuit
956 2767 1208 2829 Cecrops.
1247 2763 1486 2829 Apollod.

441 2838 489 2900 3,
513 2838 593 2900 44,
616 2840 662 2888 4.
688 2864 740 2875 -
767 2838 913 2902 qnod]
947 2842 1282 2901 «propterea,
1309 2838 1485 2902 quod»

440 2915 542 2962 cet.
596 2940 651 2948 —
710 2912 864 2975 mle]
924 2913 1122 2962 «nimis
1174 2913 1485 2962 atrociter.»

441 2990 622 3037 Senot..
680 3013 738 3024 -
800 2986 1018 3050 Reqwm]
1079 2984 1265 3048 quales
1316 2986 1489 3037 solent

439 3075 560 3113 esse
594 3061 950 3111 barbarorum
983 3074 1171 3123 regum
1220 3060 1483 3122 libidineS,

441 3137 572 3188 tales
639 3137 849 3186 fuerunt
899 3137 1061 3185 etiam
1110 3137 1293 3196 Terei,
1353 3149 1487 3198 quas

438 3211 576 3263 ultae
611 3213 736 3262 sunt
766 3214 969 3262 Procne
1007 3214 1061 3261 et
1093 3210 1399 3261 Philomela.

504 3287 692 3335 9-42.
760 3285 973 3349 Dicunt]
1045 3284 1483 3335 «modulanturm

438 3360 622 3408 Senot..
670 3358 766 3407 Od.
809 3359 867 3419 3,
905 3358 964 3419 4,
1006 3359 1063 3408 ⁴:
1101 3360 1180 3407 dic
1213 3373 1309 3423 aye
1341 3359 1480 3408 tibia.

437 3430 590 3495 Apul.
634 3433 757 3483 Met.
810 3432 869 3492 6,
910 3432 1009 3482 24:
1065 3438 1124 3481 ut
1172 3434 1389 3494 Satyrus
1439 3438 1486 3483 et

435 3506 674 3555 Paniscus
705 3505 774 3553 ad
802 3506 1023 3567 fistulam
1057 3505 1289 3556 dicerent.
1348 3508 1479 3570 Epp.

438 3580 493 3637 4,
534 3578 631 3637 49,
670 3579 736 3627 7:
805 3579 874 3627 ad
916 3580 1380 3640 anna-dicenda,
1431 3580 1484 3629 id

437 3653 553 3711 est,
615 3650 885 3712 canenda,
952 3653 1013 3700 ut
1058 3664 1247 3715 saepe,
1321 3654 1482 3703 etiam

437 3724 580 3788 apud
630 3727 878 3774 Graecos
949 3726 1171 3775 Theocr.
1224 3727 1323 3786 20,
1384 3727 1479 3776 29;

435 3794 562 3863 Κῆν
593 3792 752 3864 αὐλῷ
786 3797 968 3849 λαλέω
1002 3794 1114 3863 κῆν
1147 3796 1380 3849 δώνακι.
1424 3827 1479 3837 -

431 3874 617 3939 flamia]
652 3886 844 3938 «quam
875 3877 983 3925 Pan
1008 3876 1285 3925 invenerat
1310 3876 1480 3938 (Voss.

435 3949 503 3999 ad
541 3949 683 4012 Virg.
728 3948 835 4002 Ecl.
879 3951 937 4011 2,
982 3950 1102 4011 32),
1141 3949 1284 3998 hunc
1320 3948 1483 3999 deum

432 4022 749 4074 delectant.»
791 4050 845 4059 —-
893 4022 1270 4086 Delectantque]
1306 4021 1483 4072 Altera

432 4097 588 4149 lectio
633 4099 901 4149 delectante
943 4100 1088 4148 deum
1127 4110 1322 4162 prosae
1357 4109 1483 4146 ora-

432 4174 587 4224 tionis
637 4171 873 4223 indolem
918 4174 1098 4223 refert.
1169 4171 1298 4223 Mire
1337 4169 1482 4221 Vos-

432 4249 542 4300 sius
564 4247 830 4301 malebat:
868 4248 1126 4310 carmina,
1161 4245 1333 4312 fistula
1369 4245 1482 4307 (no-

1567 1724 1772 1787 minat.)
1807 1724 2141 1787 Delo-etatem.
2188 1753 2244 1782 -,-
2291 1727 2428 1790 nigri
2461 1728 2617 1778 Colles

1565 1798 1841 1862 Arcadiae]
1891 1799 2154 1863 spiniferi,
2193 1802 2411 1864 opaci»,
2463 1804 2615 1853 dun-

1566 1872 1787 1925 kelnde
1817 1874 2022 1937 Hitqel.
2060 1875 2213 1925 Voss.
2261 1874 2533 1928 Claudian.
2560 1882 2614 1928 in

1567 1947 1680 1997 Ruf.
1714 1949 1769 2006 4,
1808 1948 1929 1997 336;
1968 1949 2245 2012 caligantia
2281 1951 2443 2013 nim-is
2477 1952 2615 2002 Ilici-

1567 2020 1658 2070 bus
1686 2023 1941 2086 Pangaea.
2014 2025 2207 2085 (Lectio
2251 2025 2387 2087 niqra·
2432 2028 2613 2077 nescio

1567 2096 1839 2158 quomodo
1883 2098 2159 2147 venustior
2200 2100 2308 2157 est,
2363 2112 2525 2162 quam
2566 2102 2614 2151 si

1566 2170 1738 2232 ipsam
1772 2171 2052 2221 Arcadiam
2099 2173 2303 2234 niqram
2346 2177 2610 2237 vocasset,

1566 2241 1621 2291 id
1656 2244 1801 2305 quod
1844 2243 2213 2307 explicandum
2257 2249 2401 2295 esset
2432 2247 2612 2299 verbis

1564 2317 1840 2367 Boccaccii
1875 2319 2093 2367 Decam.
2132 2318 2309 2367 Giorn.
2347 2320 2464 2369 111.:
2521 2334 2614 2371 era

1564 2403 1636 2437 un
1651 2396 1806 2451 prato
1840 2391 1891 2439 di
1922 2392 2255 2439 minutissima
2284 2392 2429 2452 erim,
2463 2390 2613 2444 verde

1565 2468 1734 2525 tante,
1781 2464 1867 2514 che
1907 2464 2052 2524 quasi
2083 2477 2210 2513 nera
2234 2465 2443 2531 parea.)
2501 2467 2606 2517 Cir.

1567 2539 1663 2589 Od.
1694 2541 1753 2600 4,
1779 2540 1872 2600 24,
1901 2540 1955 2588 7:
1992 2540 2167 2602 Nigris
2198 2540 2611 2602 aucErymanthi

1565 2615 1739 2674 Silvis,
1778 2616 1906 2664 item
1940 2614 2007 2664 de
2041 2615 2284 2664 Arcadia.
2339 2616 2433 2665 Od.
2471 2615 2531 2676 4,
2558 2615 2606 2677 4,

1564 2689 1662 2738 58:
1698 2690 1893 2752 Niarae
1922 2690 2084 2751 feraci
2113 2689 2308 2752 frondis
2339 2691 2392 2739 in
2412 2690 2606 2753 Alqido.

1564 2763 1714 2813 Pind.
1742 2761 1817 2812 Ol.
1844 2764 1901 2823 6,
1926 2762 2020 2814 4οε
2074 2760 2301 2826 λόχμας
2325 2758 2439 2813 ὑπὸ
2468 2778 2611 2814 κυα-

1563 2838 1716 2900 νέας.
1754 2837 1907 2898 Pyth.
1936 2838 1991 2897 4,
2019 2837 2112 2886 282
2163 2835 2372 2899 Αἴτνας
2406 2836 2468 2887 ἐν
2503 2852 2611 2902 με·

1563 2908 1923 2977 λαμφύλλοις
1940 2939 1970 2949 -
1986 2916 2291 2981 κορυφαῖς.
2336 2912 2491 2962 Colles
2511 2925 2611 2961 au-

1561 2989 1673 3036 tem
1691 2984 1977 3047 MaenaluS,
2000 2987 2258 3048 Lycaeus,
2283 2985 2521 3048 Cyllene.
2549 3013 2605 3024 —

1561 3060 1859 3111 Simonides
1877 3062 2082 3123 Fragm.
2106 3060 2218 3109 489.
2253 3061 2411 3110 Schn.
2437 3075 2448 3110 z
2489 3056 2605 3111 Τὸν

1559 3130 1888 3205 τραγόπουν
1920 3134 2025 3199 ἐμὲ
2044 3131 2216 3184 Πᾶνα
2238 3171 2253 3197 ,
2287 3131 2392 3186 τὸν
2407 3129 2608 3207 Ἀρκά-

1558 3208 1633 3260 δα
1665 3207 1784 3259 κτλ.
1823 3209 1970 3259 Ovid.
1999 3210 2134 3259 Fast.
2161 3210 2222 3269 2,
2250 3210 2366 3259 274.

1626 3286 1688 3336 43
1704 3312 1735 3323 -
1752 3285 1832 3335 46.
1868 3284 2137 3333 Adduxere
2155 3284 2305 3348 sitim]
2332 3285 2513 3347 Cogita
2538 3284 2607 3334 de

1557 3361 1700 3411 veris
1743 3357 1902 3409 Italici
1947 3357 2123 3408 calore
2158 3360 2395 3408 nostram
2430 3360 2608 3408 aesta-

1558 3437 1669 3485 tem
1692 3446 1860 3498 prope
1885 3433 2165 3495 aequante.
2191 3459 2247 3468 —-
2266 3444 2496 3493 pressum
2513 3431 2610 3481 Ca-

1555 3509 1700 3573 libus]
1742 3505 1998 3558 Calenum
2030 3506 2213 3555 vinum
2239 3518 2269 3553 e
2295 3505 2603 3567 Campania.

1559 3582 1637 3633 Cf.
1664 3581 1760 3630 Od.
1789 3581 1809 3628 4
1835 3616 1846 3637 ,
1872 3579 1938 3628 20
1956 3616 1968 3638 ,
1993 3579 2042 3627 9.
2068 3604 2124 3614 -
2148 3577 2398 3641 iuvenum]
2425 3579 2609 3628 Utrum

1558 3657 1693 3705 haec
1710 3653 1780 3703 ad
1794 3651 2064 3701 Tiberium
2085 3652 2140 3700 et
2160 3652 2409 3711 Drusum,
2435 3653 2612 3712 Augu-

1557 3730 1624 3780 sti
1647 3728 1944 3791 privignos,
1981 3738 2049 3775 an
2076 3724 2145 3773 ad
2162 3724 2423 3786 Agrippae
2449 3722 2604 3786 filios,

1557 3801 1776 3865 Augusti
1810 3802 2058 3863 nepotes,
2105 3798 2197 3860 qui
2229 3800 2417 3860 postea
2453 3799 2511 3847 C.
2551 3802 2608 3850 et

1557 3877 1614 3926 L.
1653 3873 1764 3924 lulii
1816 3876 2100 3933 Caesares,
2156 3883 2251 3930 an,
2307 3872 2365 3919 ut
2409 3872 2609 3923 mavolt

1556 3948 1852 4006 Bentleius,
1898 3946 1965 3995 ad
2001 3956 2352 4008 quoscunque
2385 3946 2606 3997 tandem

1556 4020 1764 4072 nobiles
1823 4021 2045 4070 iuvenes
2105 4018 2427 4081 pertineant,
2504 4031 2603 4070 nos

1556 4096 1878 4158 ignoramus,
1952 4092 2051 4153 Qui
2098 4092 2167 4142 de
2201 4090 2412 4155 Virgilio
2445 4095 2604 4157 po'eta

1555 4171 1862 4232 exponunt,
1923 4169 2154 4232 cogitant
2203 4167 2272 4218 de
2324 4165 2599 4227 Marcello,

1554 4244 1889 4304 Maecenate,
1918 4243 2172 4305 Pollione,
2200 4242 2447 4305 Agrippa.
2503 4242 2604 4291 Ho-
