3234 4975
641 338 765 400 520

894 496 1027 562 Sub
1073 516 1270 583 regno
1317 495 1605 563 Cinarae.

812 655 1011 719 Mater
1053 673 1249 719 saeva
1304 652 1721 740 Cupidinum.

1413 339 1669 390 nonnil
1704 340 2042 393 CARMINUM

1692 497 1963 572 Desine,
2011 495 2294 563 dulcium

2776 654 2817 715 vt

899 773 1084 840 Circa
1130 772 1327 840 lustra
1372 772 1603 839 decem
1650 772 1913 840 flectere
1959 772 2260 840 mollibus

810 897 941 960 lam
986 893 1221 960 durum
1266 893 1584 981 imperiis:
1636 893 1773 968 abi,

893 1016 1039 1094 Quo
1084 1012 1359 1079 blandae
1404 1013 1709 1079 iuvenum
1753 1024 1815 1079 te
1858 1023 2162 1081 revocant
2216 1035 2466 1101 preceS.

811 1171 1277 1259 Tempestivius
1323 1171 1386 1234 in
1429 1169 1696 1237 domum

769 1399 817 1450 i.
855 1397 1090 1459 Cynaroe
1121 1394 1311 1456 AlduS,
1350 1396 1469 1446 LCt.
1512 1423 1566 1432 —
1611 1395 1662 1445 9.
1698 1396 1844 1446 domo
1888 1394 2148 1456 BbS,LCt.
2187 1397 2411 1460 (domum
2437 1410 2484 1457 c,
2531 1396 2752 1463 βκξω,χ

719 1473 905 1541 duojet
938 1473 1058 1522 octo
1080 1470 1331 1530 Pettierii,
1365 1471 1492 1520 item
1528 1467 1834 1531 Bentleius.)

640 1676 937 1740 significare
971 1688 1073 1726 nec
1113 1673 1456 1739 «pulchrae»,
1492 1674 1551 1723 ut
1587 1672 1700 1722 volt
1770 1672 1962 1736 ἀσσοηι]
2013 1674 2509 1739 Quinquagenarius
2559 1677 2667 1727 iam
2700 1681 2820 1728 erat

639 1751 981 1802 Ruhnkeuius
1019 1748 1088 1799 ad
1140 1749 1256 1799 Ter.
1302 1748 1516 1800 Phorm.
1553 1748 1608 1807 4,
1633 1748 1694 1806 2,
1769 1747 2016 1797 Horatius
2050 1761 2100 1799 a.
2135 1761 2188 1798 ιι.
2228 1761 2275 1798 c.
2312 1749 2426 1799 739.

643 1827 759 1886 δ7.,
796 1838 960 1875 nec«
934 1825 1072 1874 «vita
1110 1823 1422 1874 defunctam·
1444 1823 1553 1883 ,ιιι
1585 1822 1699 1886 opi-

1833 1820 1883 1869 7.
1925 1822 2199 1907 dyrwnJ·
2174 1824 2517 1874 «tenerorum
2558 1836 2816 1875 sensuum

645 1900 805 1950 natur
838 1900 939 1949 ΗΡ.
988 1926 1043 1935 -
1103 1897 1347 1961 Cinarae]
1399 1897 1512 1947 Hoc
1556 1897 1696 1946 inter
1769 1894 1874 1944 iam
1898 1896 2076 1947 minus
2099 1909 2408 1961 capaeem.»
2383 1899 2502 1947 »ln
2523 1899 2817 1950 variatione

645 1975 724 2023 tot
754 1973 1049 2024 amicarum
1089 1971 1213 2021 ficta
1247 1971 1460 2022 nomina
1508 1969 1690 2033 (Lyde,
1768 1981 1832 2018 ac
1853 1967 2000 2020 velut
2032 1972 2369 2035 oppositione
2400 1970 2679 2024 ἐπιθέτων
2699 1987 2819 2023 sae-

645 2047 843 2110 Lydia,
898 2044 1112 2107 Lalage,
1166 2042 1393 2103 Pholoe,
1447 2042 1691 2106 Glycera,

647 2121 770 2183 cet.)
821 2130 1015 2170 verum
1065 2119 1150 2168 est
1183 2130 1381 2168 nomen
1414 2115 1693 2168 libertinae

645 2194 714 2244 ab
779 2194 995 2245 Horatio
1056 2190 1341 2256 aliquando
1400 2205 1466 2241 ex
1513 2194 1694 2242 animo

648 2270 883 2330 amatae,
932 2267 1084 2318 cuius
1116 2267 1320 2330 gratam
1363 2267 1693 2316 mentionem

645 2341 770 2393 fecit
792 2342 952 2393 etiam
986 2340 1081 2391 Od.
1107 2340 1167 2401 4,
1196 2340 1287 2402 43,
1312 2340 1369 2390 24
1400 2352 1519 2403 sqq.
1557 2341 1690 2404 Epp.

647 2418 695 2476 4,
720 2417 772 2476 7,
797 2416 879 2466 28.
919 2416 977 2476 4,
1004 2415 1085 2476 44,
1111 2414 1194 2465 33.
1216 2453 1228 2476 ,
1265 2427 1366 2464 nec
1388 2417 1567 2464 tamen
1590 2427 1694 2464 un-

645 2503 810 2554 quam
854 2488 1103 2554 singulari
1145 2490 1383 2540 carmine
1426 2489 1543 2539 eius
1576 2488 1694 2539 lau-

644 2564 744 2615 des
795 2563 1120 2623 celebravit,
1183 2561 1268 2613 vel
1316 2565 1537 2627 propter
1585 2563 1693 2613 hoc

644 2639 850 2702 ipsum,
905 2636 1050 2701 quod
1092 2649 1221 2687 vera
1266 2638 1380 2686 erat
1423 2649 1689 2701 persona:

644 2712 807 2763 talem
840 2714 1021 2763 autem
1057 2725 1122 2762 ex
1153 2711 1502 2762 meretricum
1534 2709 1695 2761 liber-

646 2788 877 2837 tinarum
928 2784 1084 2836 turba
1138 2785 1304 2849 ipsius
1345 2785 1561 2836 nomine
1603 2797 1695 2835 ce-

644 2861 857 2912 lebrare
914 2860 1071 2910 nimis
1137 2859 1326 2909 fuisset
1387 2857 1689 2908 ridiculum.

647 2934 902 2998 (Eandem
946 2934 1108 2984 fuisse
1156 2933 1444 2983 arbitratur
1475 2934 1531 2983 et
1567 2945 1692 2982 cum

647 3007 873 3071 Glycera
892 3009 947 3057 et
964 3020 1091 3058 cum
1105 3005 1293 3070 Lalage
1304 3006 1507 3058 Weber
1519 3008 1695 3057 Horas

647 3096 700 3146 p.
736 3082 818 3132 87.
846 3119 858 3142 ,
896 3082 1030 3131 utin
1051 3081 1200 3132 hisce
1222 3081 1497 3132 amoribus
1519 3079 1696 3132 solent

645 3153 919 3219 indulgere
964 3154 1322 3219 opinabilibus
1365 3156 1695 3207 recentiores

648 3232 985 3296 interpretes,
1057 3231 1311 3281 Ceterum
1376 3232 1695 3296 scripturam

648 3308 860 3370 Cynam
902 3304 1048 3355 idem
1089 3303 1329 3369 praefert
1364 3317 1416 3369 p.
1455 3306 1536 3356 88.
1583 3305 1690 3357 Cir.

650 3383 800 3432 Estre
836 3382 960 3432 Hor.
987 3383 1072 3430 Pr.
1110 3392 1162 3444 p.
1190 3379 1304 3430 523.
1341 3378 1574 3431 Alteram
1608 3378 1699 3429 fir-

650 3457 797 3506 mant
830 3455 998 3506 Codd.
1040 3455 1147 3505 mei
1179 3454 1549 3518 antiquissimi.
1593 3452 1696 3504 Κι-

648 3526 797 3601 νάρα
815 3531 995 3579 autem
1012 3541 1057 3579 s.
1079 3524 1316 3600 κυνάρα,
1340 3527 1698 3592 Artischokke.)

715 3606 763 3654 ὅ.
791 3605 839 3654 6.
877 3602 1060 3667 Mater]
1082 3602 1387 3654 versiculus
1404 3602 1501 3653 Od.
1525 3604 1545 3652 4
1570 3639 1582 3662 ,
1611 3602 1692 3663 49,

650 3681 696 3728 4.
734 3679 822 3727 hic
845 3674 1086 3728 consulto
1115 3678 1390 3741 repetitur.
1417 3675 1701 3727 Philostra-

650 3753 704 3801 to
726 3753 921 3814 lmagg.
950 3751 998 3812 4,
1025 3751 1074 3800 6.
1099 3763 1151 3815 p.
1172 3751 1287 3801 383.
1308 3751 1367 3799 Κ.
1407 3749 1697 3813 Cupidines

650 3828 867 3889 praeter
915 3823 1205 3877 caelestem
1240 3823 1387 3875 illum
1419 3823 1698 3888 Nympha-

650 3911 773 3948 rum
807 3901 933 3949 sunt
965 3898 1073 3950 filii.
1117 3924 1172 3935 —
1223 3898 1397 3964 Circa]
1437 3898 1699 3962 «Propin-

650 3973 864 4036 quitatis
898 3975 1041 4023 notio
1075 3974 1344 4025 transferri
1380 3973 1448 4023 ad
1481 3974 1698 4036 tempus

655 4047 832 4109 coepit
852 4045 1034 4097 seculo
1052 4048 1286 4111 Augusti.
1324 4049 1545 4098 Notatur
1566 4058 1698 4096 vero

656 4121 757 4170 hoc
826 4119 986 4170 modo
1051 4122 1264 4186 tempus
1341 4122 1696 4186 proximum.»

656 4195 801 4245 Ham)
853 4195 1002 4245 Turs.
1056 4195 1116 4244 Π.
1155 4209 1274 4259 pag.
1313 4195 1393 4246 64.
1439 4224 1494 4233 -
1537 4196 1701 4245 lettera

1765 2056 1835 2092 va
1857 2068 1887 2080 —
1910 2069 1939 2079 -
1957 2044 2188 2094 mollibus
2226 2045 2520 2096 haeserunt
2549 2047 2819 2111 interpre-

1767 2120 1850 2168 tes
1883 2117 2136 2169 nonnulli.
2206 2119 2408 2170 Verum
2439 2133 2493 2170 v.
2531 2134 2684 2171 saeva
2716 2135 2819 2186 op-

1766 2193 1983 2256 ponitur
2014 2192 2290 2244 dumtaxat
2319 2207 2372 2244 v.
2399 2195 2649 2245 dammn-
2637 2232 2649 2254 ,
2687 2209 2816 2246 cum

1767 2277 1867 2329 per
1898 2278 1958 2316 se
1993 2265 2178 2319 dulces
2211 2268 2318 2319 sint
2360 2281 2604 2330 amores,
2657 2282 2814 2320 suam

1767 2341 2043 2391 saevitiam
2092 2344 2253 2406 atque
2305 2343 2715 2394 amaritudinem
2749 2344 2815 2393 iis

1766 2415 2036 2465 immiscet
2055 2414 2271 2474 venus;
2321 2418 2507 2467 contra
2540 2431 2593 2467 v.
2631 2418 2819 2467 durum

1767 2491 2054 2555 opponitur
2085 2489 2350 2541 vocabulo
2382 2492 2642 2551 mollibit-53
2697 2491 2818 2542 tali-

1765 2560 1870 2612 bus
1894 2564 2038 2613 enim
2059 2564 2298 2627 imperiis
2321 2578 2464 2615 nunc
2486 2567 2561 2616 uti
2588 2580 2814 2618 necesse

1767 2638 1851 2685 est
1897 2636 2060 2697 deae,
2125 2638 2170 2687 si
2220 2635 2432 2689 allicere
2481 2638 2592 2690 volt
2638 2642 2817 2691 minus

1765 2711 1872 2760 iam
1901 2722 2133 2774 pronum
2165 2711 2235 2761 ad
2265 2724 2498 2763 amores.
2546 2715 2674 2764 Tota
2714 2727 2815 2765 au-

1767 2786 1878 2834 tem
1911 2785 2087 2848 imago
2121 2787 2344 2850 repetita
2380 2789 2466 2838 est
2496 2786 2565 2838 ab
2603 2789 2816 2852 equita·

1766 2859 1943 2917 tione3
1998 2860 2150 2922 equis
2200 2862 2344 2910 enim
2391 2873 2453 2912 os
2486 2865 2580 2912 aut
2627 2863 2814 2912 duriam

1767 2935 1861 2983 aut
1878 2933 2025 2983 molle
2045 2934 2294 2985 tribuitur
2310 2972 2322 2995 ,
2358 2937 2520 2998 prout
2545 2934 2632 2986 vel
2655 2949 2815 2999 aegre

1765 3006 1850 3059 vel
1894 3006 2046 3059 facile
2094 3007 2245 3059 freno
2287 3011 2580 3072 flectuntur,
2615 3023 2816 3073 regun—

1767 3084 1870 3132 tur.
1911 3108 1967 3120 —·
2002 3083 2259 3147 revocant]
2296 3096 2357 3132 «a
2392 3095 2481 3133 me
2515 3083 2587 3133 ad
2619 3097 2679 3134 se
2715 3086 2819 3148 (re-

1767 3158 2019 3219 trorsum)
2071 3160 2267 3207 vocant
2281 3195 2294 3217 ,
2357 3157 2452 3208 ubi
2502 3157 2596 3207 tibi
2645 3159 2817 3222 aptior

1766 3229 1918 3281 locus
1968 3243 2132 3293 quam
2175 3231 2319 3295 apud
2350 3244 2495 3282 me.»
2561 3233 2677 3282 Non
2711 3234 2813 3289 est,

1769 3306 1828 3354 ut
1876 3303 1962 3354 alii
2011 3302 2223 3365 volunt,
2285 3305 2512 3354 «iterum
2559 3307 2812 3361 vocant»,

1770 3390 1974 3441 neque,
2029 3379 2087 3428 ut
2120 3391 2308 3429 rursus
2341 3376 2453 3439 alii,
2506 3377 2817 3443 simpliciter

1769 3464 1867 3516 pro
1898 3457 2080 3502 vocant
2113 3453 2363 3517 positum.

1835 3525 1884 3575 9.
1941 3526 2019 3575 40.
2090 3526 2459 3590 Tempestivus-s]
2521 3527 2815 3590 «opportu-

1770 3600 1889 3650 nius
1923 3613 1986 3650 ac
2021 3599 2352 3651 decentius.»
2391 3627 2448 3637 -
2507 3601 2561 3649 in
2594 3600 2812 3663 donam]

1773 3675 1897 3724 «Sic
1945 3672 2232 3737 legendum
2254 3712 2266 3734 ,
2330 3686 2437 3724 non
2486 3675 2664 3734 domo,
2727 3673 2814 3723 vel

1769 3750 1991 3813 propter
2038 3745 2165 3798 illud
2208 3748 2311 3798 ales
2359 3747 2613 3810 oloribus,
2670 3748 2816 3810 quod
2894 3740 2904 3750 '

1772 3823 1977 3872 motum
2001 3822 2052 3871 in
2076 3821 2255 3872 locum
2271 3822 2546 3885 significat.
2589 3821 2813 3871 Theocr.

1773 3896 1832 3955 3,
1871 3898 1891 3946 4
1924 3911 1936 3944 :
1991 3891 2296 3960 Κωμάσδω
2346 3896 2480 3946 ποτὶ
2511 3890 2618 3944 τὰν
2646 3888 2816 3959 Ἁμα-

1771 3969 2059 4042 ρυλλίδα.»
2097 3972 2199 4021 ΗΡ.
2239 3972 2290 4021 in
2323 3969 2455 4020 Bibl.
2494 3970 2610 4020 crit.
2654 3982 2706 4018 n.
2746 3969 2811 4017 ΙΙ.

1773 4059 1827 4111 p.
1854 4046 1935 4097 4⁴.
1968 4073 2022 4082 —
2057 4044 2237 4108 Paulli]
2272 4046 2407 4095 Cum
2431 4044 2651 4093 vocetur
2663 4053 2817 4103 puer,

1772 4122 1860 4170 vix
1910 4120 2025 4170 fleri
2075 4121 2279 4184 potest,
2350 4120 2411 4167 ιιι
2473 4118 2542 4167 sit
2605 4112 2818 4166 Paullus

1774 4193 1964 4245 Fabius
2006 4194 2290 4252 Maximus,
2344 4190 2487 4256 apud
2521 4192 2816 4252 Augustum
