3234 4975
642 431 727 494 20

1408 428 1666 479 HonA'rn
1701 425 2038 477 CARMINUM

1234 583 1531 650 Caesaris
1573 581 1770 647 ultor:

979 707 1179 771 Serus
1225 704 1287 768 in
1331 702 1583 769 caelum
1626 700 1861 767 redeas
1903 700 2151 789 diuque

2730 697 2809 760 45

975 826 1210 889 Laetus
1256 823 1510 889 intersis
1553 820 1797 909 populo
1841 821 2112 900 Quirini.

976 947 1154 1010 Neve
1198 953 1259 1009 tc
1305 943 1540 1009 nostris
1581 942 1754 1008 vitiis
1797 942 2088 1030 iniquum

1229 1064 1429 1131 Ocior
1472 1083 1633 1129 aura

975 1184 1200 1263 Tollat3
1247 1183 1352 1251 hic
1395 1204 1667 1271 magnos
1713 1183 1927 1271 potius
1969 1181 2329 1269 triumphos
2351 1234 2365 1256 ,

974 1307 1091 1371 Hic
1135 1325 1314 1371 ames
1365 1303 1492 1371 dici
1537 1314 1723 1391 pater
1764 1311 1958 1390 atque
2003 1302 2337 1390 princeps,

2727 1305 2808 1366 50

767 1504 847 1557 ss.
887 1505 1020 1553 altor
1050 1501 1333 1552 Paldamus
1367 1501 1629 1564 deceptus
1662 1499 1730 1550 ab
1755 1500 1905 1549 Estre
1941 1499 2003 1549 H.
2041 1500 2125 1549 Pr.
2162 1512 2215 1562 p.
2255 1499 2368 1549 277.
2402 1527 2454 1534 -
2494 1498 2574 1549 46.
2615 1501 2741 1562 Qui-

700 1582 815 1630 rino
848 1591 972 1629 cum
1008 1577 1173 1628 C3dd.
1214 1575 1454 1627 Lambini
1489 1574 1747 1638 Cuningh.
1785 1572 2007 1636 (Quirini
2042 1573 2209 1623 Codd.
2238 1572 2475 1634 Bentleii,
2511 1576 2742 1625 Pottierii

701 1668 764 1705 ec
799 1652 1003 1714 nostri.)

641 1858 695 1867 —
767 1829 999 1881 Caesaris
1066 1826 1217 1890 tollor]
1303 1820 1681 1895 Αργειφόντῃ,

638 1905 881 1954 Caesaris
906 1902 1069 1964 figura
1094 1903 1265 1950 terras
1294 1899 1554 1959 invisenti,
1580 1899 1685 1947 hoc

636 1977 877 2041 apposite
902 1974 1060 2024 tribui
1096 1976 1322 2038 poterat,
1360 1971 1503 2035 quod
1527 1972 1685 2021 Octa-

635 2053 823 2101 vianus
866 2048 1156 2099 identidem
1196 2060 1324 2110 prae
1360 2060 1419 2096 se
1456 2045 1681 2104 terebat,

635 2128 694 2174 ut
727 2126 873 2174 initio
918 2122 1249 2173 monumenti
1285 2121 1550 2181 Ancyrani
1584 2119 1681 2169 Ed.

638 2199 801 2248 Franz
847 2210 897 2261 p.
958 2197 1047 2245 29:
1109 2195 1419 2244 Cum--me
1472 2194 1688 2243 Senatus

629 2273 940 2333 populusque
972 2270 1057 2318 Ro,
1085 2268 1332 2317 consulem
1359 2281 1476 2316 cum
1509 2269 1567 2328 Q.
1592 2269 1687 2317 Pe-

636 2347 718 2395 dio
751 2346 976 2395 edidisset
1012 2345 1076 2404 (a.
1114 2343 1248 2404 742.)
1287 2346 1334 2391 οι
1364 2343 1686 2391 triunwimm

634 2421 711 2468 rei
744 2419 975 2482 publicae
1023 2416 1407 2478 constituendae,
1454 2418 1541 2478 qui
1585 2430 1687 2479 pa-

634 2500 825 2545 rentem
865 2493 1116 2543 coniurati
1163 2493 1474 2551 occidissent,
1528 2492 1687 2541 onmis

636 2573 691 2619 in
736 2569 946 2619 exilium
991 2567 1162 2630 aemili
1209 2567 1409 2616 iudiciis
1457 2566 1687 2630 le9itimis

637 2645 829 2704 ultus,
875 2647 1052 2704 postea
1096 2640 1274 2690 bellum
1315 2641 1571 2704 inferentis
1610 2641 1687 2689 rei

633 2717 902 2781 publicae.
935 2755 945 2765 .
978 2754 988 2764 .
1031 2714 1226 2775 (cetera
1263 2713 1495 2775 desunt.)
1552 2713 1685 2763 Vide

636 2794 854 2842 Excurs.
891 2792 930 2839 1.
1002 2790 1254 2839 Ceterum
1296 2792 1418 2838 nota
1460 2789 1690 2838 Caesaris

638 2878 834 2915 nomen
869 2863 1014 2913 omni
1048 2861 1289 2927 ἐπιθέτῳ
1334 2862 1682 2921 destitutum3

639 2940 838 2989 etenim
906 2936 1364 3000 quemadmodum
1422 2937 1684 2996 Horatius,

639 3014 710 3061 ita
744 3009 987 3073 Virgilius
1021 3021 1236 3072 quoque
1273 3011 1327 3057 et
1348 3009 1564 3059 Ovidius
1597 3022 1689 3059 sa-

638 3088 705 3135 tis
746 3084 990 3135 modeste
1033 3082 1234 3144 ubique
1277 3082 1346 3131 de
1385 3081 1515 3132 lulio
1550 3084 1689 3133 Cae-

639 3172 760 3209 sare
803 3156 1107 3219 loquuntur.
1178 3154 1436 3205 Videlicet
1476 3158 1689 3205 metue-

639 3232 794 3291 bant,
832 3243 899 3280 ne
933 3227 1120 3278 laudes
1153 3229 1269 3279 eius
1290 3229 1448 3279 nimis
1483 3231 1691 3292 magni-

642 3306 774 3355 ficae
818 3303 1035 3366 Augusti
1079 3302 1348 3366 splendori
1391 3303 1685 3354 officerent.

706 3379 786 3430 45.
858 3378 1006 3427 Ovid.
1052 3378 1175 3428 Met.
1221 3377 1300 3438 45,
1337 3377 1458 3428 868:
1522 3379 1692 3427 Tarda

638 3455 702 3502 sit
750 3452 840 3501 illa
888 3452 992 3501 dies
1039 3455 1086 3500 et
1133 3455 1302 3500 nostro
1342 3452 1502 3501 serior
1544 3465 1686 3513 aevo,

643 3529 755 3590 Qua
786 3529 938 3588 caput
971 3530 1267 3588 augustum,
1315 3540 1459 3587 quem
1500 3530 1690 3588 tempe-

639 3608 751 3663 rat,
818 3600 936 3650 orbe
988 3600 1187 3659 relicto,
1253 3600 1465 3650 Accedat
1529 3601 1683 3650 caelo.

642 3677 755 3737 Qua
779 3675 1023 3725 cautione
1057 3676 1239 3724 autem
1259 3676 1448 3736 poetae
1471 3676 1691 3738 Augusti

642 3743 1002 3808 ἀποθέωσιν,
1037 3747 1090 3797 id
1127 3750 1224 3806 est,
1260 3750 1490 3798 mortem
1520 3762 1585 3798 eo
1606 3749 1690 3797 vi-

642 3836 710 3872 vo
753 3823 1029 3885 tetiam-int,
1074 3822 1434 3873 demonstravi
1476 3823 1546 3872 ad
1588 3822 1685 3872 Od.

709 3969 790 4019 46.
841 3969 1030 4031 populo
1065 3970 1283 4034 Quirini]
1320 3970 1409 4019 Sic
1446 3970 1594 4032 (non,
1632 3973 1693 4020 ut

645 4042 847 4093 habent
902 4042 1128 4093 Codices
1181 4042 1406 4107 aliquot,
1462 4045 1691 4109 Quin-ineu

644 4118 833 4181 poetae
869 4115 1210 4167 imitabantur
1235 4117 1549 4168 sollemnem
1584 4119 1696 4168 for-

647 4189 871 4240 mulam:
891 4190 1109 4252 populus
1128 4192 1380 4242 Romanus
1401 4193 1688 4253 Quiritium.

647 4263 793 4314 Ovid.
834 4265 968 4314 Fast.
1012 4266 1056 4325 4,
1095 4264 1182 4313 69:
1222 4266 1414 4316 Dexter
1445 4267 1565 4317 ades
1593 4280 1694 4328 pa-

1757 1822 2014 1885 tribusque
2073 1825 2173 1873 tuis
2229 1824 2514 1887 populoque
2578 1826 2806 1886 Quirini,

1758 1898 1993 1960 itemque
2029 1898 2151 1948 Met.
2191 1900 2271 1958 45,
2309 1900 2422 1949 572.
2461 1900 2517 1947 et
2549 1899 2663 1949 756.

1824 2006 1998 2058 4749.
2025 2009 2268 2073 iniquum]
2282 2010 2521 2059 «iratum.
2533 2027 2556 2052 ι
2573 2036 2628 2045 -
2642 2009 2806 2074 Ocior]

1759 2094 1921 2144 quam
1965 2082 2118 2132 nobis
2161 2084 2212 2132 in
2258 2084 2449 2146 optatis
2493 2085 2591 2132 est.
2661 2084 2803 2145 Virg.

1758 2158 1946 2218 Georg.
1986 2157 2034 2215 4,
2072 2158 2194 2206 50οε
2240 2158 2383 2206 Hunc
2423 2159 2598 2207 sallem
2641 2172 2809 2207 everso

1757 2229 1982 2278 iuvenem
2022 2242 2314 2279 succurrere
2353 2232 2479 2280 seclo
2520 2233 2595 2281 Ne
2629 2233 2810 2294 prohi-

1759 2303 1876 2351 bete.
1908 2330 1961 2338 -
1994 2304 2164 2368 Tollac]
2202 2305 2285 2353 «in
2323 2305 2533 2355 caelum
2560 2307 2807 2356 evehat.»

1763 2404 1817 2411 —
1843 2377 2132 2441 triumphos]
2171 2379 2241 2427 Ex
2266 2380 2512 2430 universa
2548 2381 2808 2430 sententia

1760 2449 2078 2502 eliciendum
2120 2466 2170 2502 v.
2217 2466 2361 2517 agas.
2432 2453 2687 2518 Loquitur
2738 2455 2807 2506 de

1759 2526 2063 2590 triumphis,
2118 2528 2208 2589 qui
2251 2530 2378 2578 tunc
2421 2529 2811 2594 exspectaban-

1758 2602 1861 2650 tur.
1934 2601 2125 2659 Quinto
2158 2604 2340 2652 autem
2376 2603 2649 2654 consulatu
2674 2618 2722 2654 a.
2751 2605 2804 2654 d.

1759 2674 1888 2723 VIII.
1943 2673 2049 2723 vu.
2102 2673 2186 2725 VI.
2255 2676 2381 2728 Idus
2432 2677 2652 2729 Sextiles
2698 2681 2809 2729 tres

1760 2748 1889 2810 egit,
1927 2747 1995 2797 de
2030 2749 2311 2800 Pannoniis
2346 2753 2402 2800 et
2423 2750 2704 2811 Delmatis3
2741 2765 2808 2802 ex

1759 2821 2066 2872 Macedonia
2092 2824 2144 2872 et
2162 2825 2335 2885 Actio;
2374 2839 2440 2875 ex
2473 2828 2712 2890 Aegypto
2736 2827 2806 2876 de

1760 2897 1938 2957 regina
1985 2895 2281 2960 Cleopatra.
2327 2899 2387 2947 V.
2436 2901 2625 2950 Baiteri
2668 2901 2804 2949 Fast.

1758 2969 2009 3032 triumph.
2045 2983 2100 3033 p.
2139 2972 2328 3021 CLXII.

1825 3079 1906 3129 50.
1941 3081 2093 3130 Pater
2124 3082 2345 3143 quidem
2361 3084 2566 3144 patriae
2586 3085 2808 3134 demum

1761 3166 1812 3201 a.
1835 3166 1890 3201 u.
1918 3167 1966 3202 c.
1994 3154 2107 3203 752.
2147 3154 2358 3218 publice
2381 3157 2675 3222 appellatus
2697 3161 2806 3215 esu

1758 3228 1992 3289 Princeps
2034 3232 2217 3278 contra
2261 3231 2314 3280 in
2348 3233 2498 3281 sexto
2533 3231 2810 3283 consulatu

1762 3314 1810 3350 a.
1857 3301 1970 3351 726.
2028 3302 2150 3364 (quo
2202 3303 2254 3353 in
2306 3306 2539 3356 nummis
2587 3309 2811 3356 vocatur

1762 3386 2059 3424 Luem-uis.
2106 3388 2150 3423 r.
2198 3389 2242 3425 s.
2288 3379 2515 3440 visnsx),
2560 3381 2811 3443 Augustus

1799 3450 1961 3498 ..727
2024 3448 2173 3499 ovid.
2203 3451 2337 3500 Fast.
2366 3453 2416 3512 2,
2456 3453 2577 3503 ⁴42:
2623 3455 2701 3503 Vis
2721 3454 2811 3504 tibi

1764 3521 2016 3588 (Romulo)
2072 3529 2229 3586 arata
2287 3526 2412 3587 tuin
2478 3530 2657 3591 florent
2720 3528 2810 3578 sub

1762 3598 1976 3648 Caesare
2027 3597 2182 3660 leaes:
2253 3599 2324 3649 Tu
2377 3601 2565 3649 domini
2609 3615 2807 3663 nornen,

1755 3673 2001 3737 principis
2031 3673 2114 3722 ilie
2145 3677 2288 3723 tenet.
2343 3675 2464 3725 Tac.
2502 3678 2634 3725 Ann.
2674 3678 2721 3725 4.
2749 3678 2806 3725 4;

1764 3750 1953 3800 Cuncta
1993 3748 2253 3797 discordiis
2289 3749 2423 3812 fessa
2462 3750 2685 3799 civilibus
2714 3764 2810 3800 no-

1761 3825 1895 3873 mine
1919 3822 2165 3884 pmncipis
2194 3822 2283 3871 sub
2303 3824 2570 3885 imperim
2601 3825 2807 3886 accepit.

1766 3899 2054 3958 Utrumque
2107 3896 2263 3957 igitur
2313 3909 2512 3948 nomen
2555 3902 2610 3947 et
2643 3899 2812 3959 patris

1756 3971 1962 4032 patriae
2002 3970 2056 4018 et
2081 3969 2327 4031 principis
2366 3973 2679 4033 cogitatione
2713 3985 2812 4022 ve-

1765 4042 1856 4093 luti
1897 4042 2170 4105 praecepit
2211 4045 2387 4105 poeta.
2447 4071 2502 4080 —
2558 4047 2809 4095 Ceterum

1766 4118 1932 4168 oratio
1967 4117 2017 4166 in
2054 4116 2137 4165 his
2172 4116 2240 4165 ita
2274 4119 2573 4182 temperata
2607 4122 2714 4180 est,
2751 4121 2810 4167 ut

1767 4194 1900 4243 mire
1934 4191 2144 4253 utrique
2178 4193 2234 4241 et
2261 4192 2523 4244 Mercurio
2557 4198 2610 4244 et
2632 4197 2812 4255 Augu-

1765 4270 1848 4316 sto
1882 4265 2177 4314 conveniat.
