3234 4975
1203 415 1319 465 Lm.
1359 415 1394 464 1.
1469 417 1526 463 (ι.
1567 415 1693 465 xw,
2490 416 2572 479 93

401 570 552 620 sium
584 572 849 620 civitatem
884 572 1040 622 nimis
1062 573 1244 636 utique
1278 572 1507 623 verbose
1544 572 1750 623 confert
1784 576 1906 635 τοῖς
1928 565 2273 635 ἀδεσπότοις
2293 569 2565 635 σκάφεσι.

401 655 521 702 Cic,
559 654 627 704 ad
661 656 760 704 Att.
798 656 848 715 7,
887 655 967 715 ⁴3,
1014 656 1064 706 Ξ.
1134 656 1239 705 Sed
1284 659 1405 705 ante
1453 670 1643 706 omnes
1688 656 2048 719 inspiciendus
2092 656 2316 707 Alcaeus
2372 657 2433 707 fr.
2490 660 2565 710 18.

403 739 580 801 Bergk
614 752 666 802 p.
715 738 837 789 574:
883 732 1214 804 Ἄσυνέτημι
1258 737 1373 789 τῶν
1419 734 1649 804 ἀνέμων
1694 737 1919 790 στάσιν·
1991 736 2069 790 Τὸ
2113 739 2221 806 μὲν
2261 736 2371 811 γὰρ
2404 734 2570 792 ἔνθεν

398 818 569 886 κῦμα
601 820 944 881 κυλίνδεται,
994 819 1073 873 Τὸ
1118 821 1165 872 δ’
1212 816 1395 873 ἔνθεν·
1442 816 1635 888 ἄμμες
1677 820 1726 873 δ’
1769 817 1844 871 ἂν
1876 818 1945 873 τὸ
1976 825 2201 888 μέσσον
2234 824 2347 874 Ναὶ·
2380 822 2571 896 φορή-

393 908 565 970 μεθα
598 902 707 957 σὺν
738 906 999 974 μελαίνᾳ,
1034 903 1294 972 Χειμῶνι
1324 908 1646 973 μοχθέντες
1678 903 1909 975 μεγάλῳ
1930 904 2110 972 μάλα·
2168 907 2288 978 Πὲρ
2320 908 2429 973 μὲν
2461 905 2571 981 γὰρ

396 985 619 1053 ἄντλος
664 989 969 1041 ἱστοπέδαν
1013 983 1164 1051 ἔχει,
1212 989 1443 1053 Λαῖφος
1486 989 1548 1041 δὲ
1597 988 1712 1041 πᾶν
1756 987 2000 1058 ζάδηλον
2034 986 2164 1058 ἤδη,
2200 992 2311 1043 Καὶ
2346 991 2594 1057 λακίδες·

393 1070 654 1139 μεγάλαι
698 1077 820 1124 κατ’
866 1066 1029 1125 αῧτο·
1076 1072 1331 1126 Χόλαισι
1377 1076 1448 1138 (id
1494 1078 1604 1135 est,
1655 1074 1893 1139 χαλῶσι)
1940 1073 1988 1124 δ’
2023 1070 2286 1147 ἄγκυραι.
2330 1105 2382 1113 -
2421 1077 2571 1141 quod

397 1172 628 1208 carmen
674 1159 964 1210 admodum
1008 1159 1283 1224 probabile
1318 1162 1402 1210 est
1434 1160 1778 1211 obversatum
1813 1174 1932 1211 esse
1968 1163 2158 1224 poetae
2197 1161 2282 1223 (cf.
2323 1160 2571 1211 Welcker

396 1242 472 1292 ad
510 1243 745 1305 Theogn.
783 1256 836 1306 p.
873 1241 995 1305 tt),
1042 1245 1140 1294 etsi
1187 1244 1390 1293 initium
1433 1244 1803 1294 tantummodo
1850 1244 2081 1293 imitatus
2126 1243 2360 1305 videtur,
2408 1247 2569 1308 atque

395 1325 507 1375 alio
545 1328 718 1375 metro
753 1339 881 1376 usus
917 1328 1014 1376 est.
1085 1327 1302 1390 Proprie
1338 1326 1405 1377 de
1440 1329 1560 1377 navi
1584 1325 1758 1391 aliqua
1781 1326 1864 1377 vel
1890 1327 2087 1377 Horatii
2109 1325 2192 1377 vel
2218 1328 2373 1377 amici
2397 1326 2572 1379 lacera

395 1408 780 1472 accipiendum
820 1423 939 1460 esse
975 1411 1169 1460 acriter
1202 1410 1594 1461 contenderunt
1616 1412 1869 1471 Muretus,
1907 1410 2104 1471 Faber,
2140 1411 2435 1471 Bentleius;
2472 1412 2572 1463 sed

393 1494 472 1542 ita
520 1494 701 1543 nervis
747 1496 800 1542 et
843 1495 1138 1557 argumenti
1181 1494 1420 1558 pondere
1465 1496 1676 1544 careret
1709 1497 1878 1544 totum
1914 1507 2149 1544 carmen.
2222 1494 2422 1554 Quodsi
2466 1496 2570 1546 hoo

397 1576 690 1637 voluisset,
739 1576 922 1641 procul
963 1577 1126 1627 dubio
1171 1578 1476 1629 nominibus
1522 1577 1723 1642 aliquot
1768 1581 1860 1628 aut
1903 1578 2179 1628 hominum
2228 1579 2280 1629 in
2313 1580 2415 1629 hac
2450 1581 2569 1629 navi

394 1662 687 1711 vectorum
721 1663 810 1710 aut
843 1660 1111 1722 locorum,
1153 1662 1246 1711 ubi
1297 1664 1443 1726 prius
1488 1661 1724 1727 pericula
1766 1674 2021 1725 perpessa
2073 1665 2245 1723 esset,
2300 1677 2416 1713 rem
2458 1664 2569 1713 sin-

397 1744 626 1807 gulatim
668 1744 989 1795 distinxisset
1033 1745 1294 1809 nobisque
1328 1748 1451 1796 ante
1486 1745 1671 1796 oculos
1709 1745 2108 1810 proposuisset,
2156 1748 2215 1796 ut
2248 1746 2482 1797 Catullus
2515 1748 2568 1797 in

401 1827 656 1879 Phaselo.

1095 1910 1133 1949 O
1856 1911 1893 1948 C

913 1990 936 2019 ο
1477 1957 1514 1994 C

540 2069 938 2122 Subiiciendum
980 2085 1120 2121 nune
1165 2071 1410 2122 duximus
1452 2072 1851 2133 argumentum,
1906 2070 2046 2133 quod
2100 2070 2221 2120 huic
2257 2073 2477 2122 carmini
2514 2075 2565 2124 in

399 2155 595 2206 codice
630 2155 669 2204 T
701 2153 770 2204 ab
807 2154 1025 2216 eadem,
1064 2168 1169 2218 qua
1202 2158 1393 2219 poetae
1427 2153 1592 2204 verba
1628 2155 1823 2218 scripta
1858 2155 2008 2214 sunt,
2046 2167 2207 2204 manu
2243 2156 2293 2204 in
2329 2158 2566 2219 margine

397 2239 683 2303 adpictum
716 2241 824 2288 est:
1375 2288 1390 2309 ο

535 2323 645 2372 Hac
686 2324 786 2372 oda
827 2322 1099 2385 alloquitur
1139 2336 1370 2372 maronam
1413 2321 1613 2371 bricciam
1657 2323 1743 2383 qui
1785 2322 1921 2383 apud
1947 2322 2209 2384 phutippos
2248 2325 2566 2374 macedoniae

397 2406 578 2455 urbem
607 2406 749 2469 fusus
778 2406 1043 2457 uidebatur
1071 2421 1249 2457 rursus
1275 2420 1503 2470 puynam
1534 2407 1793 2456 instnoore.
1864 2408 2044 2456 Merito
2078 2410 2245 2456 autom
2269 2421 2368 2469 pro
2399 2421 2568 2469 eoper

399 2491 705 2555 allegoriam
730 2495 880 2552 poeta
911 2497 1128 2542 maluere
1159 2505 1210 2541 se
1241 2496 1478 2553 κασίην,
1516 2492 1637 2553 quia
1669 2490 1757 2540 sub
1790 2504 1847 2541 oo
1878 2491 2203 2541 militauerat.

1483 2763 1492 2794 l'
