3234 4975
669 416 749 479 48

1436 419 1693 468 HORATII
1731 419 2068 471 CARMINUM

1002 575 1131 639 Nos
1173 572 1494 648 convivia,
1541 593 1662 639 nos
1707 572 1953 660 proelia
2000 574 2316 661 virginum

1006 693 1212 761 Sectis
1258 694 1320 758 in
1365 693 1635 760 iuvenes
1681 693 2006 781 unguibus
2050 695 2295 762 acrium

1006 815 1349 881 Cantemus
1393 815 1579 881 vacui
1609 866 1623 890 ‚
1672 816 1810 881 sive
1855 813 2013 902 quid
2057 816 2335 890 urimur,

1170 937 1308 1001 Non
1352 946 1611 1022 praeter
1654 934 1912 1002 solitum
1954 934 2152 1002 leveS.

2750 938 2832 1002 20

798 1135 875 1185 ⁴8.
916 1133 1086 1197 Sectis]
1122 1133 1320 1183 Stricti-3
1350 1132 1519 1183 Bentl.
1559 1134 1694 1183 coni.
1738 1160 1792 1168 —
1837 1134 1916 1183 ⁴9.
1956 1134 2089 1196 quod
2121 1135 2176 1184 L.

667 1313 860 1360 simum
884 1311 1021 1360 inter
1041 1306 1296 1360 Achillem
1321 1311 1375 1358 et
1396 1308 1711 1358 Diomedem

669 1385 981 1444 memorari,
1028 1397 1131 1434 non
1177 1384 1473 1446 cogitarunt
1513 1396 1710 1433 nomen

666 1473 920 1510 sonorum
955 1456 1194 1509 consulto
1219 1455 1486 1508 delectum
1524 1471 1646 1507 esse
1681 1471 1710 1507 a

666 1537 841 1598 poeta.
901 1531 1005 1581 Sed
1029 1532 1211 1581 confer
1234 1532 1396 1581 etiam
1421 1531 1535 1580 eius
1559 1533 1711 1594 quasi

668 1602 963 1678 ἀριστείαν
1016 1607 1072 1657 11.
1126 1620 1171 1666 ε,
1217 1607 1298 1656 59.
1363 1632 1418 1642 -
1477 1606 1712 1656 Minerva

667 1684 921 1732 adiutrice
972 1681 1260 1732 Diomedes
1308 1678 1539 1745 δαίμονι
1582 1676 1713 1743 ἶσος

669 1757 827 1820 (Iliad.
872 1770 918 1816 ε,
964 1755 1098 1817 884.)
1168 1755 1432 1805 Venerem
1475 1758 1530 1804 et
1571 1756 1712 1806 Mar-

666 1836 776 1881 tem
808 1831 1115 1881 volneravit.
1185 1828 1328 1880 Iliad.
1368 1844 1413 1890 ε,
1451 1830 1563 1879 335.
1637 1832 1712 1880 Ex

664 1905 957 1969 posteriore
995 1902 1168 1953 fabula
1204 1904 1413 1953 Pindar.
1445 1906 1596 1954 Nem.
1627 1905 1707 1964 ⁴0,

665 1981 721 2029 7:
800 1974 1093 2043 Διομήδεα
1157 1970 1457 2048 ἄμβροτον
1521 1974 1710 2042 ξανθά

666 2068 805 2104 ποτε
836 2051 1174 2115 Γλαυκῶπις
1206 2044 1385 2118 ἔθηκε
1416 2049 1574 2103 θεόν.

733 2129 813 2177 47.
853 2129 932 2179 48.
973 2128 1187 2192 proelia]
1236 2126 1455 2179 «faciles
1497 2130 1552 2178 et
1591 2127 1709 2192 ple-

664 2216 894 2265 rumque
920 2202 1069 2253 fictas
1093 2204 1230 2253 rixas
1255 2203 1392 2253 inter
1414 2206 1707 2264 amantes,»

667 2278 851 2341 quales
895 2278 1153 2341 signifieat
1193 2280 1428 2342 Propert.
1474 2278 1523 2338 3,
1561 2278 1610 2338 8,
1648 2278 1705 2326 5:

670 2353 738 2402 Tu
766 2366 886 2403 vero
916 2357 1111 2402 nostros
1142 2353 1321 2405 audax
1341 2354 1522 2403 invade
1553 2354 1714 2414 capil-

665 2429 763 2489 los,
807 2428 874 2477 Et
911 2441 1025 2477 mea
1065 2427 1297 2491 formosis
1334 2427 1585 2493 «inquibus
1616 2441 1712 2476 ora

666 2509 814 2563 nota;
850 2505 905 2553 et
938 2503 1084 2553 Ovid.
1111 2505 1229 2553 Am.
1270 2504 1317 2564 l,
1353 2505 1404 2563 5,
1442 2503 1530 2552 45:
1568 2516 1711 2552 own-

665 2592 760 2640 que
813 2579 889 2627 ita
934 2583 1219 2641 pugnaret,
1273 2582 1532 2640 tamquam
1582 2591 1713 2641 quae

662 2655 859 2702 vincere
890 2653 1052 2702 nollet.
1096 2680 1151 2689 —
1210 2652 1379 2716 Sectis]
1416 2654 1475 2702 ut
1505 2651 1710 2716 puellas

664 2728 892 2777 mundas
927 2726 1112 2785 decet3
1150 2727 1228 2775 sic
1262 2728 1440 2777 tamen
1475 2727 1710 2777 inermes

664 2816 728 2851 ac
762 2802 979 2851 minime
1004 2800 1366 2851 formidandae
1390 2802 1583 2851 acriter
1605 2814 1711 2851 un-

665 2876 856 2938 guibus
900 2876 1208 2925 minitantur
1249 2875 1386 2926 inter
1425 2874 1615 2940 pocula
1656 2877 1711 2924 et

593 2955 600 2961 '
664 2948 923 2999 ioculares
972 2951 1130 3000 rixas.
1202 2949 1281 2999 Ad
1320 2951 1488 2999 totum
1524 2953 1707 3000 autem

665 3024 911 3074 carminis
953 3022 1229 3073 consilium
1272 3024 1575 3086 aptissimus
1628 3025 1711 3074 est

664 3100 874 3148 iocosus
907 3098 994 3147 hic
1028 3097 1225 3157 exitus3
1268 3095 1486 3147 Bentleii
1522 3099 1708 3147 contra

1786 1311 1922 1359 coni.
1959 1311 2142 1360 strictis
2175 1311 2355 1361 nescio
2390 1310 2518 1374 quid
2551 1310 2717 1361 babet
2748 1311 2831 1361 fu—

1784 1384 1913 1434 riale
1966 1387 2020 1435 et
2070 1387 2299 1448 agreste.
2378 1385 2580 1437 Verum
2621 1387 2735 1450 ipse
2778 1387 2832 1436 in

1787 1459 1939 1510 Curis
1957 1461 2257 1511 novissimis
2274 1458 2532 1510 librorum
2549 1460 2831 1512 lectionem

1785 1535 2055 1595 ingenioso
2106 1547 2204 1584 suo
2255 1536 2463 1585 somnio
2516 1536 2831 1599 praetulisse

1783 1607 2012 1657 videtur.
2104 1609 2346 1659 Museum
2405 1610 2519 1661 crit.
2579 1609 2827 1660 Cantabr.

1787 1679 1932 1731 ⁴8⁴4.
1959 1682 1997 1730 1.
2024 1694 2078 1745 p.
2108 1681 2227 1731 ⁴94:
2270 1683 2440 1733 «Ordo
2464 1686 2604 1744 est»,
2641 1684 2827 1747 inquit,

1786 1775 1811 1800 «ι
1827 1757 2026 1805 acrium
2057 1757 2111 1804 iu
2144 1757 2344 1806 iuvenes
2380 1758 2629 1821 unq-tibus
2659 1760 2829 1808 sectis:

1785 1843 1947 1892 quam
1981 1828 2248 1893 volgatam
2269 1829 2554 1881 lectionem
2579 1832 2833 1882 emenda-

1783 1905 1910 1953 tioni
1942 1907 2155 1954 nostrae
2189 1905 2498 1968 praeferunt
2530 1919 2736 1967 omnes,
2773 1908 2832 1956 ut

1784 1982 1963 2029 narrat
1996 1980 2274 2031 Moesius»
2309 1978 2469 2030 Addit
2500 1980 2695 2030 editor:
2735 1984 2830 2032 «At

1782 2052 1894 2102 Tib.
1911 2054 2360 2108 HemsterbusiuS.
2386 2056 2522 2104 teste
2540 2055 2825 2117 Wagnero‚

1781 2127 2001 2178 Bentleii
2024 2123 2380 2198 κατόρθωμα
2401 2127 2829 2180 adolescentibus

1783 2204 1837 2252 in
1880 2201 2184 2266 exemplum
2227 2206 2406 2253 certae
2450 2203 2659 2253 critices
2701 2217 2829 2268 pro-

1782 2290 1983 2341 ponere
2026 2275 2290 2327 solebat.»
2368 2278 2621 2328 Ceterum
2669 2279 2827 2341 iunge

1780 2351 2036 2415 virginum
2089 2352 2144 2401 in
2193 2352 2391 2402 iuvenes
2444 2353 2642 2402 aerim
2689 2353 2832 2401 sectis

1785 2425 1998 2490 (tamen)
2034 2426 2299 2490 unguibus,
2342 2439 2466 2489 non,
2491 2428 2550 2475 ut
2573 2425 2825 2489 nonnulli,

1781 2503 1923 2551 sectis
1955 2503 2009 2550 in
2046 2502 2261 2551 iuvenes.

1849 2576 1929 2625 49.
1968 2576 2118 2625 «Sive
2152 2578 2307 2626 vacui
2331 2588 2518 2627 sumus
2547 2574 2615 2625 ab
2641 2588 2824 2627 amore

1783 2650 1894 2700 sive
1929 2662 2113 2700 amore
2149 2651 2454 2714 flagi-amm,
2498 2664 2563 2700 ex
2597 2663 2826 2702 consue-

1782 2725 1964 2774 tudine
1999 2726 2141 2776 omni
2177 2728 2417 2790 tempore
2441 2725 2542 2774 hac
2576 2726 2628 2775 in
2668 2739 2728 2774 re
2750 2726 2828 2775 in-

1782 2801 2103 2861 constanteS,
2142 2804 2418 2851 cantamus
2454 2803 2590 2850 eet.»
2641 2801 2824 2850 Iocose

1782 2874 2024 2923 affectata
2060 2875 2162 2924 hac
2183 2874 2393 2925 levitate
2418 2875 2615 2938 optime
2650 2876 2821 2935 cavet,

1781 2961 1849 2997 ne
1873 2948 2098 3012 Agrippa
2134 2950 2351 3011 grandia
2385 2962 2449 2998 ac
2480 2950 2616 2998 seria
2640 2948 2708 2998 ab
2731 2949 2826 2998 bo-

1782 3023 1925 3072 mine
1976 3024 2249 3076 amoribus
2291 3025 2447 3075 unice
2499 3023 2678 3074 dedito
2727 3036 2823 3073 ex-

1780 3098 2004 3161 spectet.
