3234 4975
653 418 775 482 3574

1419 419 1673 469 ΗΟΒΑΤΙΙ
1712 419 2046 471 ΟΑΚΜΙΝΗΜ

739 576 898 641 Cum
942 574 1143 641 semel
1187 573 1506 640 occideris
1551 586 1615 639 et
1660 574 1742 639 de
1789 584 1850 638 tc
1896 572 2235 661 splendida
2283 575 2486 641 Minos

992 696 1242 762 Fecerit
1285 694 1545 759 arbitria
1566 747 1577 765 ,

738 819 902 893 Non,
950 818 1295 902 Torquate,
1344 835 1580 901 genus,
1631 835 1757 879 non
1802 823 1863 879 te
1911 814 2238 891 facundia,
2289 836 2413 880 non
2461 826 2521 881 te

991 935 1304 1001 Restituet
1346 934 1582 1020 pietas;

691 1221 1044 1295 wgdpwog
1091 1223 1339 1286 A.eschyl
1379 1225 1523 1273 Pers.
1563 1222 1694 1273 840:

645 1294 829 1364 Υμεῖς
861 1296 958 1358 δὲ,
1010 1297 1311 1368 πρέσβεις,
1356 1296 1599 1366 χαίρετ,
1638 1295 1699 1346 ἐν

651 1379 855 1436 κακοῖς
922 1365 1086 1438 ὅμως
1172 1367 1378 1437 Ψυχὴν
1449 1367 1700 1433 διδόντες

652 1443 831 1519 ἡδονῇ
854 1447 986 1498 καθ’
1024 1441 1247 1517 ἡμέραν
1252 1440 1400 1509 ’Ὡς
1433 1449 1556 1508 τοῖς
1590 1445 1699 1494 θα-

650 1520 823 1573 νοῦσι
868 1518 1117 1584 πλοῦτος
1139 1462 1330 1572 οὐδὲν
1363 1514 1593 1581 ὠφελεῖ.
1638 1549 1692 1556 —-

651 1598 903 1648 Ceterum
961 1594 1101 1646 male
1152 1593 1237 1645 alii
1287 1596 1503 1645 amico-
1526 1595 1699 1643 antino

652 1684 749 1736 pro
784 1669 944 1720 ablat.
984 1670 1302 1720 habuerunt.

714 1744 922 1795 21-24.
957 1744 1556 1806 splendida-arbitria]
1591 1744 1676 1793 «iu

649 1819 845 1869 dicium
869 1817 1127 1869 sollemne
1160 1822 1321 1882 atque
1358 1820 1695 1881 augustum»,

648 1906 747 1957 pro
782 1889 1084 1951 tribunalis,
1139 1893 1223 1941 cui
1258 1893 1475 1955 praeest
1507 1892 1693 1952 Minos,

648 1978 836 2016 severa
887 1965 1155 2028 dignitate.
1227 1964 1527 2014 Recordare
1568 1963 1697 2015 illud

649 2039 717 2088 de
763 2037 1004 2088 Cornelia
1050 2039 1304 2088 iudicium
1352 2039 1402 2087 in
1446 2039 1581 2088 Orco
1615 2039 1697 2088 sa-

648 2114 795 2163 ctum
830 2111 973 2175 apud
1008 2112 1341 2176 Propertium
1375 2111 1434 2172 4,
1478 2112 1532 2161 ll
1554 2152 1565 2173 ,
1612 2114 1692 2163 49.

648 2185 838 2247 Odyss.
896 2184 954 2245 λ,
1008 2186 1138 2235 568:
1193 2184 1394 2235 Μίνωα
1444 2183 1568 2235 ἴδον
1599 2217 1632 2227 -
1665 2215 1696 2225 -

646 2259 709 2311 X
707 2256 918 2329 ρύσεον
940 2256 1240 2329 σκῆπτρον
1263 2252 1492 2319 ἔχοντα,
1527 2261 1696 2325 θεμι-

647 2330 928 2385 στεύοντα
976 2335 1265 2384 νέκυσσιν.
1337 2336 1550 2385 Lucian.
1595 2338 1697 2386 Ne-

647 2422 825 2473 cyom.
847 2410 927 2459 ⁴4.
953 2408 1047 2459 Alii
1066 2410 1509 2472 interpretantur:
1540 2423 1694 2460 «cum

646 2486 815 2536 Minos
832 2484 1149 2535 sententiam
1169 2483 1237 2534 de
1258 2486 1308 2534 te
1328 2482 1505 2534 tulerit
1519 2484 1698 2549 splen·

646 2558 853 2617 didam,
907 2558 960 2607 id
1010 2559 1117 2618 est,
1176 2557 1271 2608 tibi
1305 2558 1689 2618 honorificam,

647 2646 787 2696 quae
831 2633 1048 2682 exactae
1094 2630 1427 2682 laudabiliter
1458 2646 1489 2682 a
1524 2635 1578 2683 te
1610 2634 1696 2683 vi-

647 2711 732 2759 tae
790 2707 1153 2757 testimonium
1212 2706 1303 2756 tibi
1358 2707 1691 2771 praebeat»;

647 2782 743 2832 sed
786 2782 957 2844 imago
995 2782 1284 2831 maiestatis
1318 2782 1484 2844 ipsius
1522 2781 1696 2831 tribu·

646 2855 780 2906 nalis
813 2854 956 2919 apud
991 2853 1194 2904 lnseros
1227 2856 1492 2905 constituti
1524 2856 1694 2918 magis

646 2931 855 2994 poetica
892 2928 1121 2979 videtur.
1164 2955 1218 2965 —
1257 2928 1515 2980 Iudicium
1550 2930 1694 2994 apud

645 3004 843 3055 inferos
888 3003 1086 3053 factum
1142 3004 1403 3053 monstrat
1452 3004 1694 3054 Gerhard

650 3079 857 3140 Vasenq.
890 3078 974 3127 111.
1011 3078 1068 3127 Τ.
1099 3077 1404 3128 ccxxxlx.
1449 3106 1502 3113 —
1544 3079 1696 3128 Fece-

644 3151 739 3214 rit]
796 3151 1143 3213 Frequentius
1179 3155 1262 3201 est
1293 3151 1511 3201 arbitria
1542 3165 1696 3216 aym

646 3226 755 3275 Liv.
792 3222 875 3284 24,
913 3223 993 3274 45.
1030 3225 1151 3274 Tac.
1182 3225 1311 3275 nist.
1345 3226 1406 3286 t,
1444 3227 1524 3276 24.
1564 3227 1695 3276 Cur-

644 3302 749 3350 tius
771 3298 832 3359 6,
861 3299 907 3347 l.
945 3325 1000 3334 —
1032 3299 1201 3362 yona-s]
1241 3301 1375 3350 Cum
1401 3302 1459 3370 C.
1492 3302 1693 3350 Nonius

642 3377 913 3437 Asprenas
955 3373 1139 3422 Troiae
1184 3371 1388 3424 ludicro
1421 3373 1691 3424 adhibitus

644 3447 803 3497 fuerit
824 3445 894 3496 ab
917 3447 1181 3510 Augusto,
1218 3448 1323 3498 iam
1359 3448 1461 3498 hoc
1496 3447 1690 3498 indicio

645 3524 729 3572 est
760 3520 935 3571 clarae
964 3522 1135 3584 sarpis
1167 3533 1294 3571 eum
1329 3521 1508 3572 fuisse.
1582 3522 1688 3572 Cfr.

644 3597 789 3646 Suet.
816 3596 929 3645 Oct.
956 3594 1037 3646 43.
1076 3595 1273 3656 Quodsi
1307 3596 1531 3646 Manliae
1565 3611 1694 3660 gen-

643 3673 711 3721 tis
744 3669 871 3730 suit,
914 3671 1133 3734 patricia
1168 3670 1303 3721 haec
1338 3674 1392 3721 et
1427 3671 1691 3722 nobilissi-

644 3757 733 3795 ma
767 3746 900 3794 erat.
941 3771 996 3781 —
1029 3745 1297 3808 facundia]
1335 3757 1497 3809 quam
1532 3758 1692 3809 prae-

645 3817 787 3868 dicat
818 3819 978 3868 etiam
1012 3819 1143 3882 Epp.
1184 3819 1241 3876 l,
1278 3820 1326 3868 ὅ.

708 3894 790 3943 25.
828 3894 911 3943 26.
949 3893 1137 3957 Diana]
1170 3905 1307 3956 quae
1331 3892 1471 3957 apud
1507 3893 1684 3958 Eurip.

645 3965 852 4031 Hippoi.
891 3966 1035 4018 ⁴437.
1089 3968 1161 4017 ita
1214 3966 1495 4030 Hippolyto
1544 3967 1692 4017 vale-

643 4042 795 4090 dicit:
854 4040 968 4091 Kal
1028 4040 1233 4129 χαΐρ’·-
1272 4041 1403 4106 ἐμοὶ
1452 4036 1563 4112 γὰρ
1614 4036 1685 4094 οὗ

1773 1223 1869 1273 543
1894 1236 1975 1287 sq.
2004 1221 2074 1273 ab
2109 1222 2424 1287 Aesculapio
2459 1225 2512 1274 in
2548 1227 2708 1275 vitam
2743 1240 2827 1276 re-

1773 1300 2023 1347 vocatum
2057 1299 2224 1348 Diana
2256 1296 2481 1349 collocat
2513 1301 2565 1348 in
2603 1314 2823 1350 nemore

1772 1372 2011 1421 Aricino:
2072 1373 2254 1433 quique
2305 1373 2445 1435 liei-sti
2498 1373 2821 1436 Hippolytus,

1773 1446 1927 1506 davit,
1964 1459 2098 1495 nunc
2131 1446 2260 1495 idom
2303 1446 2496 1496 Virbius
2517 1452 2643 1498 esto:
2667 1475 2742 1485 --
2765 1451 2826 1498 de

1772 1520 1941 1581 disque
1969 1519 2246 1569 ”finon-ibus
2275 1533 2430 1570 unus:
2477 1519 2823 1586 similiterque

1770 1593 1947 1657 virgil.
1985 1596 2116 1645 Aen.
2155 1595 2215 1655 7,
2265 1595 2414 1655 7654
2468 1596 2620 1646 cuius
2659 1597 2820 1647 virbii

1771 1670 1884 1719 sive
1920 1668 2190 1720 masculae
2225 1669 2492 1720 mnervae
2528 1672 2698 1721 statua
2722 1674 2822 1721 Ga-

1677 1770 1700 1780 -
1771 1743 1870 1793 biis
1904 1746 2114 1807 reperta
2150 1756 2293 1794 nunc
2327 1748 2633 1793 asservatur
2666 1746 2821 1795 Lute-

1768 1819 1892 1867 tiae.
1950 1815 2162 1880 (Miiller
2209 1817 2421 1867 Denkm.
2472 1819 2510 1867 1.
2563 1820 2706 1868 Fasc.
2753 1821 2815 1870 11.

1769 1893 1831 1941 N.
1854 1892 1986 1953 484.)
2014 1892 2200 1941 Graeci
2223 1904 2353 1941 vero
2379 1890 2642 1955 Hippolyti
2666 1905 2818 1955 egre-

1770 1966 1911 2028 giam
1933 1966 2194 2029 picturam
2218 1966 2594 2029 Pompeianam
2618 1966 2739 2016 vide
2764 1968 2818 2016 in

1767 2041 1941 2088 Museo
1973 2038 2122 2088 Borb.
2162 2038 2245 2087 xl.
2274 2039 2331 2087 T.
2369 2040 2418 2088 ἓ.
2462 2065 2516 2075 -
2555 2042 2663 2089 Nec
2686 2053 2815 2089 vero

1769 2117 2029 2183 repugnat
2085 2114 2296 2163 Horatio
2352 2113 2610 2164 Pindarus
2663 2115 2812 2176 Pyth.

1769 2187 1829 2246 3,
1866 2188 1948 2236 55.
1975 2187 2055 2247 Β.,
2095 2199 2222 2237 cum
2244 2188 2505 2236 incertum
2529 2188 2613 2248 sit,
2651 2200 2814 2250 quem

1767 2260 1836 2311 ab
1887 2259 2202 2325 Aesculapio
2247 2262 2387 2311 vitae
2431 2261 2698 2311 redditum
2743 2261 2815 2311 ibi

1769 2338 2048 2385 memoret.
2103 2363 2159 2372 —
2207 2335 2463 2399 pudicum]
2513 2336 2815 2386 «Phaedrae

1770 2422 2031 2459 novercae
2054 2410 2222 2459 amori
2252 2412 2396 2460 caste
2421 2410 2813 2460 resistentem.-

1831 2486 1913 2535 27.
1951 2486 2032 2535 28.
2079 2483 2313 2548 Pir-imon]
2352 2484 2637 2544 Pirithous,
2676 2487 2816 2536 Iovis

1769 2557 1923 2618 filius,
1961 2573 2028 2609 ex
2061 2562 2219 2622 gente
2255 2560 2624 2623 Lapitharum,
2660 2561 2818 2610 artis-

1767 2634 1904 2684 simo
1950 2633 2212 2683 amicitiae
2257 2632 2467 2683 vinculo
2502 2647 2628 2685 cum
2672 2635 2813 2684 The-

1769 2720 1863 2757 seo
1925 2708 2161 2768 iunctus,
2233 2706 2579 2771 hippodamia
2650 2721 2814 2757 uxore
2870 2699 2876 2704 ’

1765 2783 2103 2844 praematura
2148 2785 2320 2831 morte
2389 2782 2645 2832 exstincta
2696 2780 2816 2831 nul-

1767 2852 1867 2904 lius
1917 2855 1968 2903 in
2020 2857 2299 2917 posterum
2347 2855 2443 2904 nisi
2495 2856 2631 2905 Iovis
2678 2854 2813 2904 filiae

1766 2931 1951 2993 petere
1988 2929 2289 2991 coniugium
2313 2928 2413 2978 sibi
2437 2934 2809 2993 proposuerat.

1765 3003 1950 3065 ltaque
1989 3002 2240 3052 Tamria
2280 3008 2436 3064 porta
2480 3005 2554 3065 (ut
2599 3002 2812 3053 Ovidius

1765 3077 1838 3125 ait
1871 3077 2017 3125 Pont.
2054 3077 2113 3134 Ξ,
2152 3076 2211 3136 3,
2249 3075 2349 3139 43.)
2392 3078 2665 3126 Pirithoum
2701 3077 2816 3125 Tho-

1763 3163 1874 3200 seus
1906 3151 2110 3214 Stygias
2141 3151 2396 3200 comitavit
2429 3153 2498 3199 ad
2529 3153 2717 3207 undas,
2755 3154 2814 3200 ut

1763 3225 2136 3288 Proserpinam
2191 3225 2422 3274 Pirithoo
2478 3223 2809 3284 conciliaret,

1764 3298 2222 3363 quemadmodum
2269 3300 2425 3348 antea
2472 3313 2574 3349 una
2618 3311 2814 3362 rapue-

1763 3376 1883 3423 rant
1931 3373 2214 3437 Antiopam
2246 3375 2541 3430 Amazona‚
2594 3376 2654 3422 ut
2682 3374 2815 3422 The-

1764 3447 1842 3497 sei
1894 3447 2046 3497 fleret
2080 3459 2229 3496 uxor.
2304 3449 2524 3497 Pausan.
2567 3447 2623 3505 l,
2660 3448 2721 3507 2,
2760 3448 2808 3497 l.

1765 3522 1935 3581 Quam
1970 3521 2190 3585 quidem
2225 3521 2504 3571 audaciam
2529 3520 2677 3572 Pluto
2703 3525 2811 3571 tam

1765 3596 1994 3658 graviter
2029 3595 2171 3655 tulit,
2216 3598 2274 3645 ut
2308 3595 2498 3646 ambos
2533 3595 2697 3644 Furiis
2731 3593 2810 3644 la-

1765 3669 2029 3720 cerandos
2064 3669 2300 3719 traderet
2338 3672 2497 3730 atque
2533 3680 2661 3718 saxo
2696 3666 2812 3717 alli-

1765 3742 1968 3805 gandos
2002 3746 2233 3793 curaret.
2295 3744 2431 3792 Cum
2465 3741 2658 3791 deinde
2686 3743 2813 3789 Her·

1765 3817 1912 3868 cules
1956 3817 2023 3866 ad
2068 3816 2264 3867 inferos
2307 3815 2701 3873 descendisset,
2753 3817 2812 3862 ut

1766 3891 2064 3943 Cerberum
2098 3891 2371 3949 educeret,
2408 3888 2677 3952 Theseum
2698 3888 2812 3950 qui·

1765 3968 1918 4025 dem,
1966 3967 2162 4030 quippe
2199 3965 2287 4027 qui
2325 3977 2431 4014 non
2465 3964 2805 4026 sua‘sponte,

1764 4042 1860 4091 sed
1897 4041 2157 4090 amicitiae
2188 4038 2479 4089 obsecutus
2503 4035 2810 4086 descendis-

642 4115 812 4179 θέμις
845 4112 1092 4178 φθιτούς
1126 4113 1287 4187 ορᾴν.
1334 4117 1519 4179 Hygin.
1559 4116 1682 4168 Fab.
1764 4119 1871 4176 set,
1918 4112 2167 4163 auxilium
2203 4112 2574 4198 implorantem
2611 4109 2806 4160 libera-

643 4190 724 4240 47.
763 4192 1018 4239 Graecam
1055 4190 1210 4253 igitur
1240 4192 1459 4240 secutus
1493 4195 1575 4240 est
1616 4192 1690 4241 fa·
1764 4191 1861 4248 vit,

1901 4188 1998 4238 sed
2032 4189 2327 4238 amatorem
2355 4187 2601 4237 insanum
2624 4190 2807 4234 trecen-

644 4262 851 4320 bulam;
906 4276 1029 4313 nam
1065 4263 1210 4326 apud
1244 4262 1391 4312 ovid.
1432 4265 1551 4313 Met.
1591 4266 1684 4324 ⁴5,
1762 4269 1843 4313 tae
1877 4262 2093 4312 cohibent
2127 4267 2334 4311 catenae
2367 4261 2478 4322 (Od.
2506 4260 2554 4318 3,
2594 4259 2642 4316 4,
2681 4258 2802 4318 Ιΐ9.,)
