3234 4975
1174 408 1291 457 Lm.
1330 409 1366 456 1.
1440 409 1497 456 c.
1536 406 1641 456 xu.
2461 404 2542 467 83

733 574 880 639 Sive
924 571 1248 639 subiectos
1294 572 1574 640 Orientis
1619 592 1773 638 orae
2460 575 2541 636 55

982 694 1174 761 Seras
1220 703 1284 759 et
1328 693 1549 771 Indos,

733 855 818 919 Te
862 853 1069 918 minor
1111 851 1303 917 latum
1350 830 1529 939 reget
1571 872 1822 939 aequus
1867 851 2121 930 orbem;

732 975 821 1039 Tu
868 975 1043 1060 gravi
1088 994 1280 1040 curru
1327 973 1581 1061 quaties
1626 972 2009 1062 Olympum,

731 1096 821 1159 Tu
864 1115 1092 1182 parum
1134 1094 1327 1162 castis
1373 1095 1628 1163 inimica
1671 1095 1880 1162 mittes

982 1215 1269 1283 Fulmina
1312 1216 1491 1284 lucis.
2465 1221 2548 1283 60

524 1380 605 1429 55.
654 1381 756 1431 oris
785 1376 964 1428 Aldus.
993 1406 1044 1413 —
1071 1377 1151 1428 56.
1189 1378 1376 1428 Soet-us
1410 1378 1520 1442 (sic)
1555 1379 1613 1428 T.
1640 1404 1694 1414 -
1714 1379 1795 1428 57.
1833 1379 1991 1428 latiam
2022 1377 2241 1439 bS‚LCt,
2277 1379 2477 1430 Bentl:

463 1455 648 1504 laetum
681 1455 777 1515 BT,
815 1468 959 1513 αχω,
997 1467 1076 1518 pr.
1114 1469 1163 1513 ν,
1200 1470 1223 1505 ι
1256 1467 1352 1518 pro
1385 1466 1496 1502 var.
1534 1451 1684 1513 lect.,
1730 1454 1862 1504 Pott.
1910 1456 2041 1513 treS,
2084 1454 2215 1504 FMJ.
2259 1483 2312 1490 —
2349 1459 2486 1518 reqct

461 1529 743 1588 BbT‚LCT,
776 1527 968 1579 Bentl.:
1004 1534 1151 1593 regat
1170 1529 1332 1589 S‚FM.
1363 1528 1483 1589 (non
1504 1527 1571 1589 J.)
1602 1555 1657 1563 —
1694 1540 1879 1590 aequos
1911 1529 2123 1592 antiqua
2146 1529 2405 1593 scriptura
2424 1529 2480 1579 B.

394 1669 618 1732 fulminis
647 1668 852 1718 arbores
881 1669 1016 1717 sacri
1035 1668 1134 1717 luci
1154 1669 1293 1718 Deae
1311 1668 1443 1717 Diae
1514 1679 1669 1717 suam
1699 1680 1884 1716 novam
1915 1667 2220 1718 Innocentio
2242 1668 2326 1718 ΠΙ.
2364 1669 2553 1720 inscri-

399 1747 618 1792 attactae
648 1743 926 1804 ardu-wint,
947 1768 1020 1779 --
1044 1743 1147 1791 eius
1176 1742 1253 1791 rei
1285 1754 1443 1791 causa
1513 1740 1675 1792 bens:
1723 1743 1836 1791 Non
1881 1744 1999 1792 deus
2040 1755 2092 1792 os
2131 1756 2221 1791 noc
2250 1743 2422 1806 horno,
2469 1746 2555 1795 sed

400 1816 1444 1867 eusawmisswnsuovetawilibusmaio-
1511 1822 1686 1866 neuter
1737 1830 1813 1877 es,
1869 1818 2001 1866 tritor
2050 1821 2344 1881 ummquo,
2401 1821 2555 1881 Quom

396 1891 552 1940 m'bus.
604 1918 660 1926 —
709 1893 913 1955 Operae
965 1891 1194 1955 pretium
1243 1893 1326 1941 est
1367 1890 1442 1939 vi-
1512 1892 1633 1941 deus
1679 1891 1824 1954 elegit
1864 1892 2066 1941 soc-itan.
2147 1892 2411 1943 socialiter
2458 1894 2556 1958 epit

400 1964 547 2025 dere,
586 1965 852 2029 quomodo
874 1964 1100 2016 similem
1122 1965 1438 2016 sententiam
1516 1967 1689 2016 Tecum
1716 1967 1938 2028 partitus
1968 1967 2224 2016 mundum.
2272 1967 2378 2016 Sibi
2398 1968 2557 2018 noluit

400 2040 722 2103 expresserit
776 2038 984 2089 mediae
1040 2040 1226 2090 aetatis
1282 2042 1438 2103 poeta
1510 2055 1642 2091 unus
1692 2041 1900 2103 Omnia,
1946 2042 2029 2091 sed
2069 2042 2227 2092 voluit
2263 2042 2351 2092 tibi
2393 2047 2556 2092 terra-5

399 2112 655 2164 Gall'ridus
729 2114 797 2164 de
863 2113 1124 2165 Wineralt'
1187 2115 1440 2165 Poe‘triam
1508 2120 1556 2166 ot
1587 2116 1680 2166 sibi
1710 2117 1916 2166 caeluni.

1109 2676 1831 2735 Excunsus

1323 2848 1399 2896 Ab
1434 2847 1493 2896 C.
1529 2845 1637 2895 XII.

529 3014 851 3077 Ingeniosius
895 3026 1056 3078 quam
1090 3014 1268 3064 verius
1304 3013 1513 3064 Liibker
1545 3012 1791 3063 arbitrari
1823 3013 1953 3063 mihi
1997 3012 2232 3075 videtur,
2281 3014 2555 3065 Horatium

401 3097 774 3160 antiquissimis
819 3095 916 3148 illis
949 3098 1306 3147 Romanorum
1353 3097 1581 3148 Canticis
1614 3097 1960 3162 popularibus
2000 3110 2128 3148 suae
2164 3099 2319 3147 aetati
2354 3112 2553 3149 conve-

400 3182 624 3231 nientius
656 3182 760 3232 hoc
794 3194 1010 3231 carmen
1045 3180 1366 3231 substituere
1400 3180 1647 3232 voluisse.
1700 3181 1907 3231 Etenim
1932 3181 2088 3231 nimis
2122 3179 2204 3231 ille
2228 3180 2556 3233 abhorrebat

401 3277 431 3312 a
466 3268 572 3314 toto
616 3266 807 3314 horr-idi
851 3265 986 3314 illius
1029 3265 1259 3314 Satumii
1300 3277 1471 3314 vermis
1502 3277 1723 3327 genere,
1774 3267 1828 3314 et
1861 3265 2005 3314 omni
2039 3277 2163 3314 cum
2196 3266 2368 3329 prisca
2404 3269 2553 3329 poesi

401 3348 577 3398 Latina
611 3347 961 3399 aemulatione
997 3351 1303 3398 constanter
1333 3362 1455 3398 sese
1489 3347 1755 3398 abstinuit.
1824 3350 1996 3410 Atque
2030 3361 2159 3398 sane
2200 3361 2309 3397 mos
2340 3347 2424 3398 ille
2451 3363 2555 3411 pa-

397 3436 532 3480 trum
562 3432 874 3482 iamdudum
907 3430 1260 3491 obsoleverat,
1297 3444 1471 3494 neque
1497 3443 1623 3481 eum
1659 3443 1915 3480 renovare
1951 3430 2243 3494 quidquam
2278 3431 2549 3483 attinebat.

399 3515 572 3576 Adde,
622 3515 766 3578 quod
811 3528 877 3565 ex
921 3517 1095 3565 nativa
1140 3528 1204 3565 ac
1248 3527 1416 3578 prope
1462 3515 1766 3565 necessaria
1811 3513 2079 3579 popularis
2130 3515 2306 3578 poesis
2356 3514 2549 3576 indole,

399 3597 610 3662 qualem
655 3611 776 3648 eam
821 3599 1066 3648 novimus
1113 3612 1144 3648 e
1179 3601 1501 3648 Graecorum
1536 3596 1746 3660 sconis,
1796 3612 1861 3648 ex
1903 3598 2140 3650 Arabum
2175 3600 2436 3660 Hamasa,
2486 3613 2553 3650 ex

398 3683 612 3733 canticis
647 3682 955 3747 (Romances)
990 3683 1369 3745 Hispanorum,
1406 3680 1718 3745 Anglorum,
1764 3681 2053 3742 Gallorum,
2100 3683 2395 3743 Danorum,
2439 3680 2554 3731 Sla-

396 3778 614 3827 vorum,
652 3767 1081 3829 Neograecorum
1114 3765 1393 3815 manifesto
1427 3767 1649 3828 apparet
1684 3765 1943 3815 eiusmodi
1976 3761 2285 3835 τραγούδια
2317 3764 2552 3828 singulo-

396 3863 516 3899 rum
549 3850 774 3899 heroum
808 3848 1023 3912 singulis
1059 3849 1168 3899 fere
1203 3847 1521 3899 facinoribus
1552 3849 1778 3900 variisve
1812 3851 1949 3898 vitae
1973 3848 2184 3899 casibus
2216 3847 2301 3897 vel
2335 3848 2551 3913 praedi—

398 3933 579 3984 candis
621 3933 707 3984 vel
741 3933 1078 3998 deplorandis
1113 3933 1369 3984 destinata
1406 3946 1551 3994 esse,
1600 3935 1713 3983 sive
1760 3933 2149 3996 praecesserint
2178 3933 2276 3982 has
2312 3931 2550 3996 epicoly-

396 4018 533 4067 ricas
576 4017 861 4069 cantilenas
906 4018 1056 4082 epica
1101 4018 1378 4084 carmina„
1408 4020 1466 4067 ut
1509 4018 1756 4080 antiquus
1800 4014 1882 4066 ille
1918 4017 2270 4079 Hispanorum
2310 4018 2415 4066 Mio
2460 4018 2551 4068 Cia

393 4103 504 4161 fluv
535 4102 669 4151 Diaz
702 4102 748 4151 el
778 4103 1107 4164 Campeadon
1143 4103 1253 4152 sive
1289 4102 1423 4151 baec
1456 4099 1570 4151 illas
1613 4100 1899 4151 subsecuta
1935 4102 2061 4161 sint,
2107 4104 2165 4151 ut
2205 4103 2257 4150 in
2300 4100 2549 4151 Nibelun-

395 4184 546 4247 giade
593 4186 769 4236 nostra
817 4185 1012 4236 factum
1056 4186 1283 4236 videtur.
1353 4187 1634 4245 Quocirca,
1685 4186 1782 4234 nisi
1828 4185 1999 4235 omnis
2045 4184 2279 4248 analogia
2324 4198 2544 4249 prorsus

398 4281 495 4318 nos
539 4267 687 4328 fallit,
735 4269 894 4319 etiam
941 4271 1174 4320 carmina
1221 4268 1302 4319 illa
1350 4271 1529 4319 vetera
1562 4270 1947 4320 Romanorum.
1986 4281 2213 4332 quorum
2248 4269 2542 4318 meminere
