3234 4975
1198 429 1317 479 un.
1354 431 1437 480 lv.
1507 431 1566 479 c,
1601 429 1732 480 xm.
2502 430 2614 495 6121

795 583 1133 649 Gratarum
1176 583 1372 651 facies
1397 584 1431 647 ‘f
1473 584 1604 653 Sed
1651 584 1921 651 Cinarae
1966 585 2198 652 breves

879 706 1095 771 Annos
1138 705 1264 771 fata
1307 704 1628 772 dederunt
1651 757 1664 783 ,

972 828 1315 893 Servatura
1359 826 1470 892 diu
1515 846 1739 914 parem

801 984 1089 1050 Cornicis
1132 983 1388 1051 vetulae
1433 984 1834 1072 temporibus
1885 986 2136 1075 Lycen,
2541 988 2623 1051 25

801 1106 1077 1171 Possent
1120 1114 1190 1169 ut
1231 1105 1501 1171 iuvenes
1545 1105 1759 1171 visere
1803 1105 2030 1172 fervidi

884 1223 1079 1290 Multo
1124 1245 1253 1290 non
1298 1225 1439 1291 sine
1483 1225 1619 1292 risu

967 1344 1296 1432 Dilapsam
1340 1346 1404 1412 in
1451 1345 1706 1413 cineres
1750 1346 1973 1413 facem.

586 1535 667 1584 22.
706 1534 866 1583 brevis
896 1534 953 1584 B.
995 1561 1051 1573 ·-·
1087 1535 1170 1586 28.
1204 1535 1479 1597 Delapsam
1512 1533 1669 1585 BbSd
1721 1534 1842 1598 (non
1876 1537 1944 1595 T,
1999 1533 2237 1586 Blandin.
2274 1538 2404 1597 vet„
2439 1536 2559 1603 βκ),

521 1608 760 1659 Delatam
805 1605 864 1667 β.
917 1633 971 1643 -
1026 1609 1241 1659 cinerem
1274 1610 1313 1659 Τ
1348 1609 1471 1672 (non
1504 1608 1726 1673 BbScd).

526 1776 743 1826 25-28.
782 1774 1098 1838 temporibus]
1135 1775 1353 1825 «aetati»
1377 1789 1510 1825 cor-

462 1850 588 1899 uici-5
633 1848 844 1899 vetulae.
926 1849 1023 1899 llic
1079 1849 1507 1913 indignabundus

458 1923 670 1988 plebeio
707 1922 966 1973 vocabulo
989 1923 1228 1974 consulto
1262 1937 1391 1975 usus
1426 1927 1508 1974 est

460 2001 645 2061 poeta,
686 1996 846 2047 nobili
879 1997 974 2048 Od.
1018 1998 1076 2059 3,
1122 1998 1208 2058 Π,
1248 1998 1343 2047 ⁴3:
1400 2000 1507 2049 Am

457 2085 583 2120 nosa
619 2072 817 2121 corni-12.
877 2071 1093 2121 Hesiod.
1137 2072 1342 2134 Fragm.
1389 2072 1503 2122 406.

459 2145 677 2195 Goettl.:
741 2138 941 2195 Ἐννέα
992 2160 1083 2195 τοι
1135 2143 1262 2207 ζώει
1309 2141 1508 2211 γενεὰς

461 2216 740 2289 λακέρυζα
778 2216 1008 2290 κορώνη
1040 2212 1280 2288 Ἀνδρῶν
1313 2213 1506 2284 ἡβών-

462 2308 593 2342 των.
664 2293 865 2344 Martia}
920 2294 1009 2353 lo,
1065 2293 1157 2352 67,
1207 2294 1272 2341 5:
1330 2292 1505 2342 vetula

462 2368 572 2416 Iam
603 2366 882 2415 cornicibus
910 2365 1135 2415 omnibus
1155 2370 1416 2428 supersim.
1449 2392 1504 2401 —

460 2441 675 2503 iuvenes]
705 2441 827 2504 «qui
850 2443 901 2491 te
921 2440 1209 2491 formosam
1235 2453 1510 2505 nunquam

459 2515 735 2576 viderunt,
792 2529 934 2564 nuuc
986 2515 1054 2565 ita
1106 2517 1504 2578 consumptam,

459 2589 681 2648 aridam,
721 2602 1044 2652 exsanguem
1068 2588 1265 2648 vident,
1292 2591 1352 2638 ut
1374 2588 1511 2639 solet

461 2665 514 2714 in
552 2665 764 2714 cineres
802 2665 1019 2713 tandem
1053 2661 1270 2714 dissolvi
1294 2663 1377 2713 fax
1405 2663 1510 2727 pri·

460 2752 610 2788 mum
661 2736 888 2788 lucida.»
970 2739 1084 2787 Non
1131 2740 1240 2796 est,
1301 2751 1397 2787 cur
1439 2737 1508 2788 ad

461 2812 780 2862 «funeream
831 2811 1043 2861 facem»
1092 2812 1287 2874 respici
1350 2813 1510 2875 pute-

458 2897 599 2936 mus.
638 2885 825 2936 Tibull.
854 2888 874 2936 4
898 2925 910 2947 ,
938 2887 996 2947 6,
1021 2886 1077 2937 84
1109 2900 1121 2934 :
1168 2887 1312 2934 Hanc
1338 2886 1507 2934 animo

456 2961 703 3023 gaudente
749 2961 918 3010 vident
963 2961 1294 3021 iuvenumque
1342 2964 1510 3009 cater-

455 3049 552 3085 vae
601 3035 1001 3085 Commemoravit
1046 3036 1222 3084 merito
1267 3039 1338 3083 tot
1369 3035 1510 3083 mala

453 3109 589 3172 serre
622 3123 801 3160 senorn.
853 3137 909 3148 --
967 3108 1247 3172 Dilapsam]
1284 3109 1513 3159 «Cineres

454 3183 606 3246 facis,
652 3183 779 3235 dum
823 3183 1096 3249 paullatim
1146 3197 1209 3233 ea
1245 3183 1511 3234 consumi-

458 3259 568 3320 tur,
624 3258 928 3309 dilabuntur
969 3260 1503 3324 dispergunturque.»

459 3332 672 3381 Gnsuun.
712 3332 985 3383 «Nonnulli
1017 3335 1071 3384 h.
1099 3332 1133 3383 1.
1162 3334 1336 3385 minus
1358 3334 1505 3382 reete

459 3403 751 3455 defendunt
800 3406 1025 3458 alteram
1079 3406 1366 3458 lectionem
1418 3409 1507 3457 de-

1580 1777 1795 1839 lapsam.
1843 1778 1961 1827 vid.
1987 1776 2301 1829 Bentleium.
2328 1779 2484 1842 Labi,
2522 1782 2628 1847 cot-

1580 1851 1684 1900 tabi
1734 1852 1787 1901 et
1836 1852 1990 1900 dilabi
2038 1852 2092 1901 in
2142 1854 2350 1904 eineres
2401 1854 2469 1905 de
2513 1854 2626 1907 aliis

1581 1924 1748 1976 rebus
1794 1925 2012 1987 dicitur,
2062 1926 2207 1977 faces
2254 1929 2460 1978 tantum
2493 1930 2629 1979 dila-

1581 1998 1782 2048 buntur.
1855 1999 2003 2049 ovid.
2046 2001 2259 2051 Metam.
2303 2003 2359 2064 2,
2408 2003 2537 2053 628:
2574 2004 2629 2054 in

1580 2074 1770 2123 cineres
1802 2074 1921 2123 labi.
1989 2073 2163 2124 Valer.
2208 2077 2342 2126 Max.
2379 2078 2436 2139 5,
2472 2077 2538 2127 3:
2573 2079 2627 2128 in

1580 2148 1770 2197 cineres
1834 2148 2014 2197 collabi
2055 2162 2237 2210 passus
2284 2166 2385 2200 non
2437 2152 2623 2215 fioerat.

1582 2220 1819 2269 Lactant.
1845 2222 1902 2282 2,
1930 2220 1989 2271 4:
2043 2223 2189 2272 Tecta
2220 2231 2514 2287 consmnpta
2546 2228 2629 2276 in-

1582 2293 1754 2342 cendio
1790 2295 2081 2343 dilabuntur
2112 2298 2166 2344 in
2198 2298 2400 2347 cineres.
2480 2298 2629 2351 Idem

1584 2366 1673 2425 ⁴3,
1719 2367 1814 2416 ⁴3:
1865 2368 2095 2428 viperam
2126 2376 2357 2419 amcam
2405 2372 2460 2421 in
2493 2375 2631 2423 cine-

1580 2452 1785 2502 remque
1835 2442 2099 2504 dilapsam.
2194 2446 2293 2494 Pro
2344 2446 2398 2495 in
2444 2447 2633 2498 cineres

1583 2514 1804 2577 quidam
1839 2516 2007 2566 Codd.
2052 2517 2138 2566 hie
2172 2517 2374 2569 habent
2407 2521 2460 2569 in
2494 2522 2630 2571 cine-

1580 2602 1689 2638 rem
1736 2593 1791 2639 et
1833 2592 2014 2641 Burm.
2052 2591 2119 2641 ad
2156 2591 2363 2642 Anthol.
2401 2594 2456 2642 T.
2496 2596 2532 2644 1.
2570 2608 2625 2658 p.

1581 2662 1663 2712 89.
1716 2665 1869 2726 putat
1916 2663 2237 2727 singularem
2289 2679 2408 2716 esse
2461 2669 2630 2730 magis

1580 2737 1866 2801 poeticum.
1938 2739 2200 2801 Equidem
2235 2739 2320 2789 hic
2355 2739 2479 2789 nihil
2503 2746 2632 2804 poe-

1582 2811 1670 2859 tici
1706 2825 1893 2873 cern0,
1940 2813 2052 2862 sive
2088 2812 2234 2862 dicas
2269 2814 2484 2863 cinerem
2518 2815 2628 2864 sive

1581 2885 1795 2946 cineres,
1858 2898 1984 2934 nam
2042 2888 2330 2949 utrumque
2387 2888 2630 2936 Latinum

1583 2960 1668 3008 est
1717 2972 1893 3022 neque
1946 2958 2171 3009 alterum
2223 2963 2403 3009 utrum
2460 2962 2630 3024 poetis

1581 3034 1877 3096 proprium.
1916 3034 2012 3083 llic
2037 3034 2253 3097 quidem
2278 3047 2442 3084 sonus
2465 3036 2635 3085 omni-

1584 3120 1653 3157 no
1686 3105 1921 3171 postulat
1952 3107 2155 3157 cineres,
2194 3109 2366 3167 Quare
2392 3110 2447 3158 et
2467 3108 2630 3159 Bent-

1581 3182 1717 3233 leius
1751 3183 2033 3245 servavit.»
2074 3183 2287 3232 Horum
2310 3185 2625 3233 Pur-,arnum

1583 3256 1731 3306 Ovid.
1793 3258 1915 3307 Her.
1978 3256 2034 3318 ⁴,
2077 3255 2175 3306 24:
2242 3257 2395 3307 Versa
2448 3261 2519 3306 est
2576 3258 2630 3305 in

1580 3333 1771 3382 cineres
1791 3359 1820 3369 -
1842 3360 1871 3370 -
1896 3333 2074 3392 Troia,
2111 3334 2167 3381 at
2198 3333 2407 3394 septem
2429 3331 2628 3380 Heinsii

1582 3407 1811 3457 cinerem.
