3234 4975
1201 392 1319 441 Llss.
1392 391 1586 440 CARM.
1628 391 1686 438 v,
2474 386 2596 450 633

429 547 564 596 hanc
604 547 774 596 vicem
811 546 1278 609 (Wechselrall)
1315 547 1592 596 hominum
1616 584 1627 605 ‚
1666 558 1730 595 ex
1767 559 1871 608 qua
1906 545 2009 594 hoc
2045 546 2264 602 iustum,
2304 543 2429 594 illud
2462 545 2599 594 iniu-

425 632 568 679 stum
604 633 735 679 est.»
805 629 850 690 3)
889 629 1187 679 «veneficia
1222 628 1446 679 multum
1480 628 1699 691 quidem
1732 627 1938 687 valent,
1976 627 2073 677 sed
2106 641 2211 677 non
2245 630 2472 691 possunt
2498 640 2597 691 pro

422 712 727 762 hominibus
769 712 1010 772 efficere,
1065 715 1124 761 ut
1161 714 1345 762 natura
1380 713 1538 775 aequi
1574 714 1630 761 et
1664 712 1856 774 iniqui,
1910 712 1970 760 ut
2003 711 2080 761 fas
2116 713 2169 760 et
2204 710 2380 771 nefas,
2426 713 2484 760 ut
2516 712 2597 761 ius

421 799 475 845 et
523 796 710 845 iniuria
763 798 1085 845 mutentur.»
1173 795 1220 857 4)
1275 795 1573 844 «veneficia
1646 807 1752 844 non
1824 796 2050 857 possunt
2112 806 2263 842 more
2327 793 2596 856 modoque

425 878 703 928 hominum
754 879 829 940 (ut
876 878 1120 927 homines
1170 877 1440 926 interdum
1488 876 1763 938 conantur)
1810 877 2137 940 permiscere
2180 876 2259 925 sas
2299 879 2353 925 et
2396 875 2595 926 nefas.»

422 961 468 1021 5)
508 959 816 1009 «veneficia
867 958 1093 1009 multum
1142 960 1362 1023 quidem
1414 958 1623 1018 valent,
1678 958 1816 1008 adeo
1864 961 1922 1008 ut
1966 957 2293 1008 confundant
2326 957 2593 1008 interdum

423 1043 503 1091 fas
554 1043 609 1090 et
659 1041 806 1091 nefas
858 1041 935 1104 (ut
977 1041 1088 1092 sere
1140 1044 1344 1092 Seneca
1401 1044 1653 1092 Controv.
1697 1043 1755 1101 4,
1794 1043 1858 1090 7:
1918 1041 2122 1105 Mami-3
2168 1041 2428 1091 sceleribus
2478 1042 2599 1090 iura

423 1130 642 1174 naturae
682 1124 983 1187 intereunc);
1038 1125 1092 1173 at
1132 1137 1239 1174 non
1286 1128 1512 1188 possunt
1554 1124 1930 1175 condicionem
1966 1123 2269 1186 mortalium
2303 1124 2509 1173 mutare
2545 1126 2598 1171 et

426 1208 666 1266 efficere,
706 1220 812 1270 quo
835 1207 1011 1257 minus
1037 1207 1310 1257 veneficae
1335 1206 1545 1258 talionis
1568 1209 1683 1257 iure
1702 1245 1713 1267 ‚
1753 1208 1867 1270 pari
1892 1206 2148 1266 vindicta,
2185 1219 2387 1270 poenas
2418 1205 2596 1254 dent.»

425 1293 596 1350 Quam
649 1289 866 1353 quidem
917 1289 1156 1340 Lambini
1201 1290 1692 1354 interpretationem
1728 1302 1871 1340 nunc
1907 1303 2097 1340 omnes
2134 1289 2243 1339 sere
2280 1292 2595 1352 sequuntur,

426 1374 524 1424 etsi
575 1372 706 1421 dura
759 1375 841 1422 est
890 1374 1247 1422 constructio:
1317 1374 1485 1422 valent
1532 1378 1849 1433 convertere,
1914 1388 2015 1423 non
2062 1373 2231 1422 valent
2279 1377 2564 1422 convertere
2580 1386 2597 1429 ,⁴

425 1456 751 1518 distinguunt
800 1457 1015 1506 autem:
1090 1457 1316 1516 Venena,
1375 1469 1619 1519 magnam
1672 1458 1756 1518 sas
1804 1457 2066 1519 nefasque,
2124 1470 2225 1505 non
2272 1456 2441 1505 valent
2490 1457 2593 1504 cet.

425 1539 705 1603 Eleganter
753 1540 891 1589 hanc
945 1538 1184 1589 Lambini
1236 1540 1497 1589 rationem
1549 1539 1617 1588 ita
1672 1540 1938 1602 expressit
1979 1537 2353 1588 pallavicinus:
2430 1539 2600 1588 L'arte

423 1628 595 1672 vostra
643 1623 861 1685 infernal
910 1622 1000 1672 ben
1043 1622 1148 1683 ραὸ
1198 1622 1243 1671 le
1292 1622 1430 1670 lectae
1477 1622 1522 1670 Ε
1556 1622 1600 1670 le
1631 1622 1811 1670 vietam
1845 1634 1954 1670 cose
1988 1622 2042 1669 in
2072 1635 2145 1670 un
2175 1621 2472 1683 contendere
2488 1659 2504 1680 ‚
2557 1622 2597 1670 A

423 1705 662 1769 qiustizia
707 1719 808 1754 non
852 1706 944 1769 qia
983 1719 1071 1754 sue
1115 1707 1221 1754 veei
1269 1706 1487 1768 toquere.
1559 1705 1759 1754 Verum
1812 1705 1862 1754 in
1910 1717 1974 1754 ea
2011 1717 2119 1754 non
2155 1705 2283 1754 satis
2317 1704 2601 1767 respicitur

425 1803 475 1839 v.
513 1790 819 1849 humanam,
877 1789 934 1838 et
979 1790 1029 1838 in
1065 1788 1167 1837 hac
1202 1787 1454 1837 iracunda
1491 1789 1546 1836 et
1578 1787 1992 1837 concitatisslma
2031 1787 2183 1850 pueri
2218 1784 2439 1836 infelicis
2475 1799 2599 1835 ora—

427 1873 566 1922 tione
617 1872 745 1919 mihi
797 1884 1015 1935 semper
1066 1871 1221 1922 nimis
1270 1870 1516 1934 languida
1565 1871 1681 1920 visa
1733 1872 1831 1920 est.
1902 1870 1949 1932 6)
1996 1871 2276 1920 Nonnemo
2328 1869 2593 1920 distinxit:

429 1957 482 2004 V.
521 1968 587 2004 m.
622 1955 661 2017 t'.
699 1969 749 2002 n.
787 1969 837 2003 η.
873 1968 922 2003 υ.
962 1959 1274 2004 convertere:
1324 1953 1599 2003 hammam
1645 1954 1803 2003 vicem
1845 1954 1987 2002 Diris
2030 1966 2187 2016 aqam
2232 1965 2356 2001 vos:
2418 1965 2599 2001 «more

424 2037 696 2100 modoque
729 2037 1007 2086 hominum
1039 2050 1136 2086 vos
1171 2036 1298 2087 diris
1331 2035 1642 2095 devoveb03
1692 2048 1791 2098 ego
1826 2036 2016 2086 faciam
2049 2034 2127 2096 id,
2192 2034 2335 2097 quod
2368 2035 2601 2085 homini-

426 2120 527 2171 bus
563 2123 616 2170 et
651 2132 971 2170 concessum
1007 2123 1061 2168 et
1095 2118 1308 2169 solitum
1343 2121 1475 2169 est.»
1546 2120 1592 2182 7)
1632 2120 1863 2168 «Venena
1894 2132 2137 2182 maqnmn
2172 2117 2392 2178 (valent,
2446 2115 2600 2186 φάρ-

425 2219 589 2268 μακα
619 2203 770 2267 μέγα
801 2217 857 2253 τι
888 2199 1143 2263 δύναται)
1167 2238 1180 2262 ,
1215 2203 1298 2265 fas
1329 2203 1566 2264 nefasque
1597 2207 1883 2251 convertere
1902 2216 2004 2250 non
2023 2203 2209 2262 valent,
2250 2201 2596 2263 (convertere)

425 2288 583 2336 vicem
617 2285 915 2344 humanam,
954 2289 1160 2334 mutare
1195 2297 1399 2347 poenas
1435 2283 1678 2334 scelestis
1713 2285 1986 2334 statutas.»
2025 2285 2223 2333 Bosms,
2295 2284 2341 2346 8)
2380 2285 2596 2346 «Ergo»,

427 2370 500 2418 ait
532 2381 699 2431 puer,
758 2368 1058 2417 «veneficae
1095 2366 1388 2416 scelestae!
1444 2380 1571 2429 ergo
1617 2379 1794 2429 neque
1829 2365 2074 2416 infantilis
2115 2367 2415 2416 innocentia
2448 2380 2596 2426 mea,

428 2465 605 2516 neque
659 2450 836 2503 scelus
887 2451 1120 2502 immane
1154 2453 1394 2501 vestrum
1431 2449 1535 2501 ullo
1570 2450 1734 2501 modo
1768 2463 1994 2515 superos
2027 2463 2245 2500 movere
2279 2449 2489 2509 valent,
2543 2453 2601 2501 ut

428 2537 676 2587 instantia
728 2537 862 2585 haec
912 2536 1042 2584 mihi
1095 2534 1197 2583 fata
1251 2536 1499 2583 mutent?
1556 2536 1625 2585 At
1656 2533 2094 2597 quandoquidem
2129 2547 2288 2583 nemo
2323 2534 2601 2583 hominum

428 2622 540 2669 iure
592 2618 676 2668 vel
728 2619 916 2669 iniuria
967 2630 1179 2666 summa
1231 2616 1334 2665 fata
1386 2630 1645 2680 superare
1681 2620 1859 2680 potest
1893 2617 2109 2666 etmihi
2144 2616 2482 2679 pereundum
2519 2619 2603 2665 est

428 2704 618 2752 vestris
651 2702 956 2761 veneficiis,
996 2714 1102 2763 quo
1139 2699 1300 2749 modo
1335 2702 1553 2762 potero,
1592 2699 1821 2749 ulciscar
1846 2713 1973 2749 vos:
2013 2700 2142 2748 diris
2167 2711 2263 2747 vos
2289 2698 2595 2761 exagitabo»

429 2790 530 2836 cet.
580 2787 699 2835 FEA.
771 2785 817 2847 9)
854 2784 1114 2834 Latinitati
1148 2785 1441 2846 repugnat,
1481 2782 1625 2846 quod
1661 2795 1833 2846 nuper
1864 2784 2135 2845 Interpres
2170 2781 2389 2844 quidam
2424 2782 2604 2845 opina-

430 2873 515 2919 tus
547 2872 656 2930 est,
694 2881 779 2917 vv.
815 2869 898 2930 fas
929 2868 1165 2930 nefasque
1199 2878 1405 2915 meram
1441 2878 1564 2915 esse
1600 2865 2057 2915 exclamationem.

558 2951 637 3001 Ad
671 2965 755 3000 W.
789 2950 873 3013 sas
919 2951 1158 3013 nefasque
1205 2948 1391 2998 similia
1446 2947 1695 2998 nonnulla
1742 2949 1829 2998 hic
1881 2947 2127 3010 colligere
2166 2948 2325 2998 iuvat.
2400 2949 2598 2997 Verum

428 3048 645 3084 sensum
681 3034 880 3097 optime
915 3034 1086 3096 aperit
1117 3032 1418 3083 Andocides
1454 3033 1522 3082 de
1560 3033 1822 3095 Mysteriis
1861 3034 1880 3080 4
1911 3046 1921 3078 :
1985 3027 2090 3095 τὴν
2124 3032 2455 3100 προθυμίαν
2490 3028 2601 3080 τῶν

429 3114 653 3187 ἐχθρῶν
702 3114 816 3166 τῶν
866 3113 1054 3180 ἐμῶν,
1113 3107 1248 3165 ὥστ’
1285 3115 1389 3181 ἐμὲ
1439 3113 1633 3178 κακῶς
1667 3120 1851 3165 ποιεῖν
1895 3113 1960 3165 ἐκ
1996 3110 2208 3177 παντὸς
2244 3111 2460 3185 τρόπου
2496 3117 2600 3164 καὶ

427 3198 658 3263 δικαίως
707 3202 808 3251 καὶ
856 3194 1083 3263 ἀδίκως.
1157 3200 1364 3250 Pindar.
1420 3199 1494 3249 01.
1549 3201 1608 3259 2,
1649 3201 1743 3249 45:
1806 3195 1917 3248 τῶν
1960 3197 2023 3249 δὲ
2064 3200 2476 3269 πεπραγμένων
2507 3192 2601 3248 Ἐν

428 3282 560 3350 δίκᾳ
593 3299 652 3333 τε
689 3285 788 3334 καὶ
811 3280 968 3355 παρὰ
989 3282 1171 3335 δίκαν.
1243 3282 1488 3346 Aeschyl.
1518 3284 1757 3346 Choeph.
1786 3283 1881 3332 78:
1920 3281 2131 3334 Δίκαια
2153 3284 2252 3332 καὶ
2272 3279 2356 3347 μὴ
2384 3281 2597 3333 δίκαια.

430 3369 590 3431 Soph.
618 3368 747 3418 Oed.
775 3370 896 3430 Tyr,
926 3369 1021 3419 300
1046 3383 1057 3417 :
1086 3359 1156 3417 Ὦ
1192 3364 1380 3417 πάντα
1414 3362 1642 3432 νωμῶν,
1682 3367 1943 3437 Τειρεσία
1963 3404 1976 3426 ,
2012 3362 2247 3417 διδακτά
2280 3380 2342 3415 τε
2358 3360 2601 3436 ’Ἀρῤητά

429 3452 477 3499 τ’
514 3444 759 3519 οὔράνιά
792 3465 852 3500 τε
885 3452 984 3500 καὶ
1018 3448 1398 3515 χθονοστιβῆ.
1472 3450 1739 3514 Aristoph.
1778 3451 1873 3514 Eq.
1910 3450 2041 3499 256:
2102 3449 2201 3498 καὶ
2249 3445 2444 3498 δίκαια
2491 3441 2602 3497 κᾶ’-’

430 3531 579 3582 δικα.
652 3533 782 3583 plut.
835 3534 964 3583 233:
1025 3534 1125 3583 καὶ
1172 3532 1407 3595 δικαίως
1455 3528 1721 3594 κάδίκως.
1795 3533 1973 3595 Eurip.
2012 3534 2134 3581 Inus
2170 3533 2251 3582 Fr.
2292 3531 2387 3581 43:
2446 3527 2601 3595 Σύμ-

430 3631 606 3681 μικτα
655 3612 739 3681 μὴ
789 3613 986 3666 δίκαια
1033 3617 1132 3665 καὶ
1180 3615 1350 3666 δίκαι’
1404 3610 1576 3680 ὁμοῦ.
1662 3617 1799 3678 Virg.
1856 3618 2046 3677 Georg.
2102 3615 2156 3675 4,
2205 3615 2335 3664 505:
2394 3613 2480 3663 ubo·
2520 3615 2604 3677 sas

429 3714 628 3750 versum
660 3705 810 3761 atque
842 3700 997 3762 nefas.
1069 3702 1196 3749 Aen.
1226 3700 1282 3759 9,
1309 3700 1438 3749 595:
1477 3701 1633 3763 diana
1665 3705 1817 3761 atque
1848 3699 2058 3762 indigna
2091 3699 2269 3747 relatu.
2343 3698 2434 3758 42,
2471 3697 2560 3746 844
2594 3713 2603 3745 :

433 3784 604 3847 Digna
636 3784 846 3845 tudima
871 3784 1002 3843 pati.
1075 3782 1247 3832 Livius
1280 3783 1373 3842 29,
1403 3783 1499 3832 48:
1537 3784 1620 3831 ille
1653 3782 1787 3831 omni
1822 3783 1988 3831 divino
2022 3782 2337 3841 humanoque
2370 3780 2605 3830 liberetur

432 3867 625 3915 scelere.
695 3865 843 3915 Ovid.
884 3867 1004 3916 Met.
1033 3866 1088 3923 6,
1116 3866 1248 3915 585:
1283 3866 1462 3927 fasque
1493 3866 1729 3928 nefasque
1760 3866 2043 3927 Confusam
2074 3864 2194 3912 ruit.
2266 3864 2427 3912 Tacit.
2466 3867 2599 3914 Ann.

435 3949 492 4007 ιὶ,
531 3950 624 3997 67:
680 3955 860 4010 aperta
891 3954 1095 3998 secreta.
1168 3949 1259 4007 45,
1298 3948 1392 3997 37;
1446 3961 1542 4008 per
1575 3948 1717 3996 licita
1749 3953 1901 4008 alque
1932 3947 2125 3996 inlicita
2155 3946 2397 4008 foedatas.
2468 3947 2598 3996 Hist.

433 4035 492 4091 2,
531 4033 625 4082 56:
687 4034 738 4081 in
773 4046 916 4082 omne
958 4032 1039 4094 fas
1071 4032 1306 4092 nefasque
1340 4030 1478 4105 aeicti
1512 4036 1602 4079 aut
1634 4031 1831 4079 venales
1880 4044 1979 4079 non
2023 4043 2204 4089 sacro,
2256 4042 2357 4078 non
2385 4031 2602 4091 profano

434 4115 757 4164 abstinebant,
