3234 4975
611 336 738 401 488

1377 342 1634 391 HORATII
1670 342 2007 394 CARMINUM

1120 494 1450 582 Oppositis
1492 493 1738 561 foribus
1782 460 2085 561 minaces.

952 654 1008 720 Ο
1053 674 1224 741 quae
1267 653 1524 722 beatam
1568 652 1718 719 diva
1772 664 1954 720 tenes
1998 653 2288 741 Cyprum
2331 664 2396 720 et

950 773 1272 861 Memphin
1315 783 1642 841 carentem
1688 773 1974 839 Sithonia
2016 775 2203 850 nive,

2702 773 2783 839 40

1036 895 1311 981 Regina,
1360 893 1616 960 sublimi
1663 891 1917 981 flagello

1122 1015 1334 1102 Tange
1381 1013 1624 1081 Chlo'en
1669 1013 1873 1081 semel
1919 1025 2346 1103 arrogantem.

745 1193 793 1241 9.
833 1192 977 1256 qaae]
1013 1205 1167 1254 quam
1198 1193 1254 1242 Τ.
1286 1218 1339 1228 -
1366 1191 1512 1256 tanes]
1548 1193 1681 1257 regis
1708 1193 1760 1242 S.
1791 1191 1913 1256 (uon
1945 1191 2136 1255 Bch.)
2167 1219 2221 1228 -
2250 1192 2330 1242 40.
2356 1192 2639 1254 Momphvm
2658 1193 2715 1242 Τ.

614 1346 840 1400 Lucilius
863 1349 917 1399 in
933 1347 1076 1399 Libri
1099 1349 1180 1398 29.
1202 1350 1408 1412 Fragm.
1436 1347 1525 1399 47:
1568 1349 1661 1398 Ve-

612 1428 687 1473 cte
741 1428 892 1484 atquc
955 1424 1163 1485 ancipiti
1215 1423 1354 1486 ferro
1410 1421 1659 1487 (bipenni)

613 1497 883 1560 effingam
914 1498 1159 1547 cardines.
1203 1525 1257 1532 —
1305 1497 1472 1558 arcus]
1510 1496 1663 1559 «qui-

613 1570 719 1622 bus
785 1572 1034 1622 ianitores
1086 1573 1400 1621 terrerent.»
1481 1572 1658 1619 Gnoss.

618 1644 750 1695 Cod.
776 1645 955 1708 Regin.
982 1645 1141 1694 Arcus
1161 1645 1329 1707 magis
1352 1643 1453 1692 ioci
1476 1656 1659 1704 causa,

615 1732 780 1783 quam
814 1733 880 1769 eo
913 1719 1019 1769 fine
1042 1757 1055 1780 ,
1113 1720 1172 1768 ut
1205 1719 1405 1781 sagittis
1439 1718 1664 1780 figerent

617 1793 867 1843 ianitores
916 1794 1009 1841 aut
1058 1789 1324 1852 aemulos,
1394 1791 1664 1841 interdum

618 1869 856 1930 gestasse
935 1866 1310 1916 comissatores
1377 1867 1665 1915 cousenta-

620 1953 785 1992 neum
852 1942 951 1990 est.
1045 1937 1143 1988 Alii
1213 1939 1662 2002 interpretantur:

622 2013 821 2064 «stilcra
842 2051 854 2074 ,
909 2012 1104 2076 quibus
1152 2014 1337 2062 vectes
1381 2013 1667 2075 imponun—

619 2090 765 2146 tur»;
826 2087 925 2137 sed
974 2087 1087 2136 sine
1132 2087 1460 2136 auctoritate.
1532 2088 1668 2135 Ges-

621 2174 784 2211 nerus
833 2160 1096 2224 denique:
1160 2161 1397 2210 «Foribus
1448 2159 1669 2209 minaces

623 2247 742 2285 esse
777 2236 1001 2298 possunt
1033 2234 1150 2284 illae
1175 2234 1453 2285 machinae
1475 2233 1670 2297 polior-

624 2310 824 2360 ceticae
841 2349 852 2371 ,
891 2321 1026 2372 quas
1059 2310 1325 2359 recentior
1347 2312 1493 2359 certe
1517 2311 1667 2359 aetas

624 2384 957 2434 arcubalistas
990 2385 1294 2435 nominavit.
1350 2384 1460 2433 Hoc
1485 2381 1668 2432 malim

621 2470 784 2522 quam
818 2460 1025 2508 mutare
1050 2456 1215 2508 verba
1239 2458 1476 2507 omnium
1509 2454 1670 2506 libro-

622 2545 795 2582 rum.»
834 2531 1107 2596 (Intellexit
1130 2531 1230 2582 tela
1256 2545 1393 2595 quae
1410 2543 1667 2580 vocamus

621 2606 931 2669 Armbriista,
986 2604 1275 2670 arbaldtes.)
1325 2633 1379 2641 —
1431 2605 1669 2665 mimo-es]

625 2680 944 2730 «destinatos
980 2679 1049 2729 ad
1084 2671 1437 2742 effringendas
1461 2679 1664 2737 ianuas,

622 2767 761 2817 quae
798 2752 1124 2804 amatoribus
1158 2768 1217 2804 se
1252 2755 1575 2817 opponunt.»

689 2828 736 2876 9.
776 2829 855 2877 40.
894 2828 1119 2889 beatam]
1154 2827 1391 2877 Eustath.
1434 2825 1502 2875 ad
1542 2825 1670 2874 Dio-

626 2914 744 2963 nys.
784 2903 984 2964 Perieg.
1023 2902 1152 2952 508:
1210 2896 1574 2960 Ὀλβιώτατοι
1606 2895 1669 2947 δὲ

626 2971 925 3039 νησιωτῶν
959 2975 1022 3024 οἱ
1052 2971 1297 3045 Κύπριοι
1326 2968 1423 3023 διὰ
1455 2969 1523 3022 τὸ
1557 2972 1670 3021 θα-

625 3045 1102 3116 λαττοκρατῆσαι.
1159 3076 1213 3084 -
1268 3052 1398 3097 tenes
1431 3047 1670 3109 Cyprum]

542 3184 547 3189 Ι
626 3121 723 3171 Od.
762 3123 818 3181 4,
855 3122 910 3181 3,
950 3122 996 3171 4.
1032 3123 1178 3185 Reqis
1207 3122 1416 3173 Codicis
1444 3119 1667 3185 Sangall.

631 3194 969 3245 manifestum
1004 3196 1087 3245 est
1119 3193 1277 3257 gloss.
1308 3222 1363 3231 —-
1400 3195 1672 3257 Memphin]

632 3267 823 3319 Strabo
876 3268 967 3329 47,
1021 3269 1118 3319 32:
1175 3264 1340 3330 πόλις
1388 3266 1513 3318 ἐστὶ
1564 3282 1673 3333 με-

629 3338 777 3409 γάλη
826 3356 888 3392 τε
936 3342 1035 3393 καὶ
1082 3334 1388 3412 εὗανδρος,
1437 3340 1675 3412 δευτέρα

630 3412 778 3484 μετὰ
814 3410 1248 3487 Ἀλεξάνδρειαν.
1307 3445 1361 3452 -
1424 3421 1678 3466 carentem

631 3492 859 3542 Sithonia
895 3491 1031 3555 nive]
1079 3504 1333 3554 «semper
1374 3489 1598 3540 liberam
1644 3503 1675 3539 a

631 3567 751 3616 nive
770 3566 1040 3616 Thracia.»
1016 3566 1241 3628 »Em-ip.
1267 3564 1520 3615 Androm.
1547 3564 1671 3614 2⁴5:

634 3635 868 3710 Θρῄκην
921 3635 1075 3699 χιόνι
1139 3634 1246 3703 τὴν
1294 3631 1671 3708 κατάρρυτον.

631 3714 774 3776 virg.
812 3712 919 3763 Ecl.
960 3715 1048 3775 40,
1086 3714 1178 3763 66:
1216 3713 1562 3774 Sithoniasque
1593 3712 1678 3761 ni-

632 3800 714 3836 ves
744 3788 916 3837 hiemis
947 3789 1207 3839 subeamus
1238 3800 1472 3849 aquosae.
1526 3786 1673 3836 Ovid.

637 3864 752 3910 Am.
792 3861 849 3920 3,
876 3862 934 3921 7,
962 3863 993 3912 8
1016 3876 1026 3909 ι
1066 3862 1285 3912 Brachia
1309 3861 1537 3911 Sithonia
1558 3874 1681 3910 can-

642 3938 841 3987 didiora
872 3939 998 3988 nive.

1802 1350 1881 1398 44.
1939 1350 2019 1398 42.
2072 1349 2296 1411 sublimi]
2348 1347 2586 1412 «flagello
2619 1349 2673 1398 in
2706 1345 2786 1398 al-

1737 1424 1853 1472 tum
1887 1421 2097 1473 sublato
2114 1461 2127 1483 ,
2164 1426 2224 1472 ut
2254 1423 2657 1473 vehementiora
2682 1422 2787 1472 sint

1734 1495 1983 1558 verbera,
2006 1498 2160 1559 tange
2175 1495 2342 1547 semel
2357 1495 2547 1546 saltem
2563 1494 2783 1557 Chloen,

1735 1571 1795 1618 ut
1812 1570 2081 1632 mitigetur
2101 1570 2322 1620 tandem
2340 1572 2455 1621 eius
2479 1569 2785 1633 superbia.»

1737 1643 1947 1692 Sublimi
1984 1642 2308 1709 (schwabencl)
2343 1643 2641 1706 significare
2679 1656 2787 1694 non

1738 1718 1912 1780 potest
1946 1718 2247 1778 «extremo,
2285 1730 2497 1768 summo
2526 1716 2785 1780 flagello»,

1737 1790 1791 1839 id
1825 1791 1933 1851 est,
1989 1788 2208 1840 «leviter
2240 1803 2359 1841 eam
2406 1789 2610 1854 flagella
2630 1808 2676 1852 ‚n
2727 1791 2791 1840 ut

1737 1863 1922 1914 volunt
1969 1863 2088 1926 8111,
2142 1865 2239 1916 sed
2291 1866 2374 1914 est
2421 1866 2597 1929 imago
2641 1865 2791 1916 saevi

1738 1938 1946 2002 imperii
1969 1976 1982 1998 ‚
2020 1939 2166 2001 quod
2213 1940 2395 1988 Venus
2445 1939 2498 1989 in
2545 1939 2790 1989 amantes

1739 2015 1901 2075 atque
1945 2016 2150 2064 amatos
2193 2025 2448 2063 exercere
2484 2011 2635 2063 solet.
2706 2013 2792 2061 Si-

1740 2085 1935 2136 militer
1990 2087 2191 2151 flaqello
2242 2092 2451 2151 tangere
2508 2085 2789 2149 aliquoties

1742 2160 1871 2210 dixit
1913 2161 2124 2211 Statius.
2187 2161 2293 2210 Cfr.
2331 2159 2513 2212 Markl.
2566 2174 2620 2225 p.
2668 2159 2788 2211 402.

1740 2233 1930 2285 Dresd.
1967 2235 2082 2283 18111
2103 2234 2360 2286 Pindarus
2384 2233 2538 2296 Pyth.
2569 2233 2632 2294 4,
2657 2234 2785 2284 2⁴9:

1734 2303 1935 2370 Ἑλλὰς
1976 2300 2158 2358 αὐτὰν
2197 2301 2293 2358 Ἐν
2328 2309 2513 2378 φρασὶ
2548 2307 2791 2372 καιομέ-

1741 2397 1848 2432 ναν
1870 2380 2061 2432 δονέοι
2081 2377 2321 2448 μάστιγι
2340 2378 2611 2444 Πειθοῦς.
2650 2382 2792 2444 «Op—

1741 2457 1884 2521 pian.
1931 2455 2045 2507 Hal.
2082 2457 2140 2518 2,
2181 2456 2259 2508 44.
2313 2455 2408 2507 ubi
2457 2456 2670 2520 sapiens
2705 2453 2789 2506 dis

1743 2532 2118 2596 obtemperare
2144 2531 2351 2591 dicitur,
2393 2531 2541 2603 Πρὶν
2563 2527 2788 2601 χαλεπῇ

1740 2603 1980 2672 μάστιγι
2001 2606 2100 2656 καὶ
2123 2600 2232 2656 οῦκ
2261 2604 2475 2657 ἐθέλων
2498 2602 2787 2670 ἐλάηται.»

1747 2681 1993 2729 Dominio.
2063 2680 2282 2730 Nonnus
2321 2678 2381 2741 4,
2443 2681 2564 2729 ⁴77:
2646 2674 2789 2728 Εἶπε

1746 2753 1993 2815 (Venus),
2047 2752 2148 2801 καὶ
2190 2746 2490 2823 Ἁρμονίην
2540 2749 2792 2819 φυγοδέ-

1742 2840 1914 2889 μνιον
1961 2819 2145 2890 ἤλασε
2208 2826 2394 2892 κεστῷ
2445 2826 2549 2888 Εἰς
2603 2823 2791 2876 πόθον

1745 2899 2126 2970 οἰστρήσασα.
2175 2898 2366 2950 Paulus
2389 2899 2475 2951 Sil.
2503 2901 2556 2950 in
2578 2898 2786 2951 Anthol.

1747 2973 1850 3023 Pal.
1915 2976 1954 3023 1.
2007 2988 2060 3037 p.
2100 2974 2212 3024 464.
2270 2974 2340 3024 8(1
2385 2969 2791 3038 8111108111εμῆ

1743 3044 1806 3098 δέ
1826 3062 1903 3114 με
1925 3043 2178 3113 μάστιξ,
2202 3046 2420 3110 Πότνα,
2443 3043 2789 3120 κατασμύξῃ

1744 3124 1846 3173 καὶ
1879 3123 1984 3173 σέο
2017 3123 2118 3173 καὶ
2147 3119 2445 3194 μακάρων.
2513 3101 2790 3183 Τ1111111.4,

1745 3198 1807 3257 8,
1833 3196 1892 3246 6:
1941 3197 2054 3259 ipsa
2092 3198 2250 3247 Venas
2283 3197 2793 3261 (me)--Pordocu⁸t

1745 3270 1914 3320 multis
1944 3285 2045 3320 non
2076 3272 2182 3321 sino
2210 3271 2509 3321 verberibus.
2570 3269 2788 3321 Martini.

1747 3344 1805 3404 6,
1842 3345 1898 3394 24
1922 3383 1934 3406 ,
1972 3345 2036 3393 9
2026 3381 2037 3393 .
2086 3345 2282 3407 (Venus
2319 3345 2561 3406 amantis)
2599 3357 2794 3394 arcano

1739 3420 1986 3479 percussit
2009 3423 2219 3480 pectora
2251 3419 2375 3467 loro.
2426 3420 2696 3477 Ceterum,
2734 3418 2797 3467 ut

1747 3494 1833 3542 hic
1860 3493 2055 3542 Veneri
2089 3491 2355 3556 flagellum
2391 3492 2790 3555 temporarium,

1750 3567 1827 3616 sic
1878 3565 2002 3615 alibi
2053 3564 2208 3652 Δίκῃ
2236 3564 2320 3616 vel
2367 3560 2585 3636 ῥάβδος
2619 3566 2790 3629 (Paus.

1749 3642 1807 3699 5,
1836 3640 1927 3700 48,
1952 3640 2023 3701 2)
2059 3639 2143 3690 vel
2177 3635 2427 3710 ῥόττρον
2453 3640 2644 3703 (Eurip.
2672 3639 2797 3702 Hip-

1750 3711 1854 3776 pol.
1884 3713 2047 3773 ⁴⁴72.)
2084 3714 2347 3764 tribuitur.
2379 3740 2431 3749 -
2471 3715 2651 3763 Exitus
2674 3725 2797 3762 car—

1752 3787 1908 3838 minis
1943 3782 2098 3857 παρὰ
2133 3785 2485 3859 προσδοκίαν
2505 3824 2517 3847 ,
2575 3798 2797 3850 prorsus

1752 3865 1811 3911 ut
1860 3862 1956 3911 Od.
2012 3861 2072 3923 4,
2119 3863 2174 3924 4,
2221 3862 2316 3912 33;
2379 3862 2476 3912 Sed
2524 3874 2618 3911 cur
2664 3861 2793 3921 hou,

1753 3939 1991 4001 Ligurine
2025 3939 2127 3986 cet.
