3234 4975
1300 428 1669 480 PRAEFA'rlo.
2483 429 2569 479 vll

528 588 599 654 V.
674 585 893 654 Codex
952 586 1281 652 Bsaussuffls
1337 588 1408 652 N.
1455 585 1600 652 542.
1643 586 1730 650 4⁰.
1778 586 1917 652 Sec.
1966 587 2058 661 X.,
2105 595 2175 651 ut
2217 585 2426 651 visum
2467 595 2568 651 est

401 720 467 775 et
522 709 797 776 Sinnero
854 707 1047 776 Catal.
1103 706 1304 775 Codd.
1356 708 1541 774 Bern.
1596 706 1728 774 Vol.
1779 709 1824 772 Ι.
1874 729 1932 794 p.
1982 708 2124 772 478.
2173 719 2239 774 et
2281 705 2562 773 Hautha-

399 832 576 916 lio*).
627 831 921 897 Continet
969 831 1180 896 omnia
1226 829 1468 896 Horatii
1524 836 1854 916 poemata;
1912 849 2082 917 quae
2126 830 2343 896 excisa
2386 840 2562 906 sunt,

400 953 641 1019 notavi.
690 953 785 1037 (c.)

530 1076 674 1141 Hoc
722 1083 936 1140 autem
985 1072 1212 1139 ordine
1254 1073 1315 1137 in
1361 1074 1534 1139 Varr.
1576 1072 1772 1139 Lectt.
1820 1091 2080 1160 semper
2134 1083 2389 1140 servato
2448 1094 2566 1160 pro

401 1196 727 1283 cuiusque
767 1194 1050 1262 bonitate
1095 1194 1384 1282 quinque
1428 1193 1547 1260 bos
1585 1193 1848 1261 codices
1901 1193 2228 1262 collocavi.

530 1315 781 1398 Quodsi
822 1315 921 1382 his
957 1315 1178 1382 aliisve
1213 1314 1696 1382 auctoritatibus
1742 1316 1940 1383 fretus
1985 1337 2024 1382 a
2051 1316 2346 1384 Meinekii
2382 1335 2567 1383 reco-

402 1439 692 1526 gnitione
735 1438 1036 1513 discessi,
1083 1438 1275 1504 huius
1316 1437 1506 1506 lectio
1550 1438 1648 1505 sic
1688 1438 1934 1526 signata
1973 1447 2100 1504 est:
2147 1440 2225 1504 Μ.

529 1561 820 1627 Eleorum
877 1569 1091 1627 autem
1149 1558 1458 1628 Codicum
1511 1560 1802 1626 varietati
1860 1558 2148 1626 subiecta
2203 1569 2302 1626 est
2360 1561 2566 1648 primo

406 1684 659 1770 integra
714 1680 987 1748 varietas
1048 1681 1371 1759 Lambini,
1441 1682 1705 1770 Cruquii
1732 1734 1746 1760 ,
1813 1682 2158 1758 Torrentii,
2221 1684 2423 1760 Feae,
2484 1701 2566 1747 eo

402 1804 535 1872 fine
600 1813 901 1891 excerpta
925 1855 940 1880 ,
1008 1813 1078 1869 ut
1131 1803 1298 1870 facili
1355 1824 1557 1890 opera
1621 1802 1823 1870 lector
1884 1803 2265 1891 perspiciat,
2337 1803 2564 1891 partim

405 1945 733 2013 quaenam
774 1925 1178 2012 potissimum
1219 1924 1557 2001 lectioneS,
1605 1945 1756 1991 cum
1807 1923 2039 1991 abhinc
2083 1923 2286 1991 tribus
2329 1924 2565 1992 seculis

406 2048 469 2112 in
514 2046 756 2114 Horatii
806 2045 1058 2134 Eclogis
1100 2045 1277 2113 velut
1320 2045 1685 2113 dominatae
1727 2057 1971 2123 essent,
2025 2044 2166 2112 aliis
2210 2065 2380 2112 nunc
2422 2065 2566 2113 ces-

406 2169 641 2246 serint,
686 2170 947 2257 partim‚
1006 2188 1204 2257 quam
1255 2188 1452 2255 saepe
1497 2168 1688 2235 etiam
1739 2169 1869 2234 Fea
1912 2166 2315 2234 deserendus
2360 2166 2564 2235 fuerit.

408 2290 613 2356 Simili
670 2289 937 2358 consilio
1002 2290 1119 2357 bas
1180 2290 1504 2377 excipiunt
1568 2309 1688 2356 eae
1714 2341 1729 2366 ,
1800 2309 1964 2377 quas
2028 2309 2177 2355 cum
2242 2289 2565 2356 Bentleius

406 2411 767 2500 recepisset
786 2463 801 2489 ,
867 2432 1025 2500 ego,
1083 2411 1467 2500 plerumque
1520 2410 1661 2477 aliis
1724 2409 2218 2498 praeeuntibuS,
2285 2412 2564 2491 mutavi;

406 2545 641 2622 quarto
696 2533 973 2623 denique
1024 2533 1168 2602 loco
1233 2532 1526 2601 eiusdem
1588 2533 1992 2621 suspiciones
2044 2554 2171 2600 non
2231 2543 2561 2621 receptae,

406 2655 980 2743 quoniamquidem
1046 2656 1260 2721 omnia
1283 2707 1297 2733 ,
1369 2676 1539 2743 quae
1604 2655 1877 2722 Criticus
1944 2655 2049 2722 ille
2109 2657 2563 2742 sagacissimus

406 2787 633 2843 contra
676 2776 949 2844 Codices
990 2777 1319 2844 immutata
1359 2776 1698 2851 voluisset,
1751 2796 1945 2843 nosse
1998 2786 2190 2864 atque
2234 2786 2379 2844 ante
2408 2798 2564 2844 ocu-

405 2897 502 2964 los
544 2898 793 2965 babere
828 2898 1134 2967 lectorem
1174 2899 1396 2966 iuvare
1427 2897 1794 2965 censebam.
1861 2899 1975 2964 His
2004 2908 2216 2965 autem
2247 2899 2562 2966 immiscui

406 3030 472 3085 et
513 3019 791 3085 aliorum
832 3030 1091 3109 praeter
1134 3041 1317 3087 meos
1364 3019 1674 3088 Codicum
1716 3020 2026 3088 lectiones
2067 3031 2133 3087 et
2184 3021 2561 3088 Criticorum

405 3141 838 3219 coniecturas,
903 3153 1220 3230 quotquot
1276 3163 1357 3208 ex
1429 3163 1576 3209 meo
1634 3153 1809 3210 certe
1862 3162 2059 3209 sensu
2124 3152 2556 3219 mererentur,

404 3273 475 3328 ut
526 3261 635 3329 vel
693 3263 756 3328 in
801 3262 1037 3330 scholis
1091 3263 1595 3330 diiudicat-entur
1639 3264 1742 3331 vel
1784 3264 2040 3331 omnino
2094 3274 2358 3352 propter
2400 3285 2560 3352 qua-

402 3381 795 3470 lemcunque
834 3405 1097 3452 causam
1125 3385 1207 3452 ab
1237 3385 1558 3453 oblivione
1600 3385 2092 3454 vindicarentur.
2157 3387 2558 3475 Quamquam

404 3504 759 3592 permultas
805 3507 1097 3574 consulto
1141 3508 1573 3595 praetermisi,
1629 3509 1871 3597 quippe
1936 3528 2106 3596 quae
2164 3507 2557 3595 excogitatae

401 3635 629 3693 essent
684 3625 767 3692 ab
826 3627 1092 3715 ingeniis
1150 3631 1510 3717 sagacitatis
1568 3629 1987 3698 ostentandae
2044 3651 2240 3698 causa
2294 3648 2557 3696 severas

401 3746 785 3834 disciplinae
829 3750 1085 3818 criticae
1146 3749 1324 3839 leges
1379 3753 1647 3820 licenter
1697 3752 2129 3841 migrantibus,
2217 3752 2386 3817 Sane
2437 3770 2556 3838 per

399 3869 696 3956 quinque
750 3869 866 3937 hos
915 3872 1282 3939 Cat-minum
1323 3873 1522 3941 libros
1578 3874 1741 3940 duas
1785 3873 2112 3940 dumtaxat
2154 3873 2554 3941 coniecturas

399 4009 437 4054 a
480 4012 592 4058 me
635 4002 930 4078 receptas
971 4014 1120 4061 esse
1166 3996 1424 4062 memini
1480 3995 1624 4080 (Od.
1670 3997 1744 4072 3,
1794 3994 1900 4071 ⁴7,
1946 3996 2004 4060 ὅ.
2080 3993 2279 4081 Epod.
2327 3994 2400 4071 4,
2446 3995 2550 4079 8.);

526 4217 579 4276 ἢ
626 4216 727 4275 Qui
770 4218 823 4266 in
866 4218 1109 4270 Seebode
1149 4221 1342 4272 Archiv
1385 4221 1528 4271 ⁴829.
1578 4236 1630 4285 p.
1669 4220 1781 4271 23⁴.
1821 4222 1987 4272 Codd.
2023 4222 2103 4273 2⁴.
2143 4224 2198 4272 et
2240 4221 2355 4272 542.
2392 4233 2553 4270 accu-

398 4292 511 4339 rate
547 4290 847 4355 descripsit.
