3234 4975
609 372 735 436 396

1366 372 1622 423 uonssu
1660 372 1996 441 cinnamum

1308 751 2078 814 cmm

946 921 1184 987 Martiis
1229 920 1488 987 caelebs
1535 920 1694 1008 quid
1739 941 1925 1008 agam
1971 919 2308 995 Kalendis,

947 1042 1119 1122 Quid
1162 1040 1362 1108 velint
1405 1039 1600 1108 flores
1647 1050 1712 1107 et
1754 1061 1983 1108 acerra
2023 1041 2229 1106 thuris

950 1162 1176 1240 Plena,
1229 1162 1514 1237 miraris,
1562 1162 1946 1249 positusque
1989 1161 2187 1229 carbo
2234 1161 2296 1227 in

1285 1283 1584 1371 Caespite
1633 1284 1818 1361 vivo,

738 1467 867 1516 VIII.
905 1467 1069 1516 Insor.
1106 1462 1244 1527 volg.
1314 1462 1390 1513 Aa
1420 1464 1797 1524 Maecenatem,
1836 1465 1891 1513 et
1923 1464 2002 1513 sic
2035 1461 2240 1512 BbSTc.
2284 1488 2338 1498 —
2396 1463 2441 1513 4.
2479 1464 2715 1514 Katmdis

672 1540 862 1600 BbS‚t:
899 1539 1127 1590 Calendis
1148 1539 1237 1599 Tc,
1264 1539 1338 1600 L,
1374 1534 1575 1599 Bentl.‚
1613 1537 1748 1588 ΡΜΣ.
1779 1564 1834 1573 -
1871 1538 1920 1588 2.
1959 1538 2091 1587 tuns
2126 1537 2182 1587 Τ.
2225 1563 2279 1573 -
2318 1536 2367 1587 3.
2404 1538 2588 1590 inom.
2619 1540 2708 1589 Bc.

675 1613 901 1676 (Habent
938 1612 1090 1675 bs‘r.)

672 1774 801 1823 vm.
857 1773 1219 1823 Maecenatem
1270 1771 1339 1821 ad
1388 1770 1531 1821 diem
1576 1769 1656 1820 fe-

607 1850 750 1899 stum
800 1844 1155 1896 Kalendarum
1206 1846 1512 1895 Martiarum
1565 1857 1656 1895 se·

607 1935 733 1972 cum
767 1919 1147 1971 celebrandum
1182 1919 1365 1969 invitat
1386 1919 1652 1979 HoratiuS,

604 1995 688 2046 vel
736 1996 897 2045 etiam
931 1994 1153 2044 invitare
1188 2006 1247 2043 se
1285 1991 1654 2043 tantummodo

606 2069 778 2132 fingit,
832 2067 886 2118 id
930 2067 1076 2131 quod
1119 2067 1247 2118 mihi
1286 2065 1506 2131 quidem
1541 2067 1654 2116 veri

609 2141 832 2193 similius
882 2141 1111 2191 videtur.
1183 2142 1352 2191 scena
1405 2141 1655 2190 carminis

607 2217 694 2266 ita·
713 2219 795 2266 est
828 2218 1135 2281 comparata
1149 2253 1162 2277 ‚
1200 2217 1351 2279 quasi
1374 2216 1656 2265 Maecena-

608 2292 718 2340 tem
767 2290 981 2339 iamiam
1028 2287 1198 2353 epulis
1244 2290 1496 2353 excipiat,
1552 2290 1655 2339 mi-

606 2367 842 2425 rantem,
896 2379 994 2415 cur
1038 2363 1252 2416 caelebs
1300 2366 1504 2415 amicus
1550 2366 1655 2415 hoc

606 2438 769 2490 modo
791 2438 1093 2490 Matronalia
1120 2437 1375 2490 celebret.
1407 2440 1484 2490 De
1509 2452 1655 2490 com-

606 2514 881 2578 positionis
927 2516 1170 2578 tempore
1217 2512 1435 2564 consule
1480 2513 1654 2564 Lach-

606 2602 862 2639 mannum
897 2589 950 2638 in
984 2590 1238 2639 Excursu.

672 2665 719 2713 4.
761 2663 1244 2728 Martiis-Kalendis]
1280 2665 1356 2713 De
1392 2664 1655 2714 Matrona-

605 2736 813 2788 nalibus
832 2739 886 2788 in
904 2737 1164 2789 honorem
1187 2739 1402 2788 Iunonis
1419 2738 1650 2788 Lucinae

603 2811 887 2863 celebratis
933 2812 1027 2863 cfr.
1076 2812 1224 2863 Ovid.
1274 2814 1412 2864 Fast.
1447 2812 1507 2872 3,
1552 2812 1650 2863 233

603 2900 684 2950 sq.
716 2885 1021 2936 Pseudotib.
1055 2887 1114 2946 3,
1155 2887 1210 2946 4,
1252 2887 1306 2935 4;
1344 2888 1651 2937 Marti-³130-

601 2961 741 3009 mam·
782 2960 936 3023 festae
980 2973 1159 3010 venere
1209 2956 1466 3010 Kalendae
1516 2960 1652 3024 (Ex-

602 3034 768 3084 oriem
804 3034 988 3082 nostris
1029 3034 1107 3083 hic
1148 3034 1245 3096 fuit
1278 3047 1442 3084 annus
1474 3036 1646 3099 avis),

601 3108 666 3158 Et
696 3120 835 3171 vaqa
865 3121 997 3156 nunc
1028 3112 1167 3157 certa
1198 3109 1488 3160 discum-unt
1504 3113 1653 3161 undi-

602 3196 696 3245 que
709 3195 903 3244 pompa
921 3183 1109 3242 Perque
1137 3183 1248 3232 vias
1279 3183 1419 3233 urbis
1436 3197 1652 3237 munera

604 3257 850 3319 (strenae)
894 3269 1086 3319 perque
1130 3258 1313 3308 dmnos.
1358 3259 1541 3310 Iuven.
1588 3261 1646 3322 9,

600 3332 681 3382 53.
721 3333 878 3382 vocat
894 3332 1133 3395 femineas
1170 3333 1439 3384 Kalendas,
1508 3337 1651 3386 Mar-

600 3405 737 3457 tialis
770 3405 839 3455 ad
874 3404 1074 3457 Gallam
1097 3410 1155 3468 δ,
1194 3407 1283 3468 84,
1321 3409 1377 3458 9:
1415 3410 1653 3460 Sci-scer-

600 3486 674 3542 te,
716 3485 872 3543 puto,
916 3486 1085 3531 vostra
1127 3483 1233 3532 iam
1262 3483 1434 3533 venire
1463 3484 1653 3534 Satur-

600 3556 767 3617 nalia,
820 3556 1037 3606 Martias
1080 3556 1349 3607 Kalendas.
1410 3556 1646 3608 Macrob.

601 3631 705 3679 Sat.
747 3631 806 3689 4,
846 3630 936 3679 42ε
986 3630 1051 3679 Ee
1089 3632 1242 3680 servis
1275 3645 1454 3681 coenas
1486 3645 1652 3694 appo-

598 3704 781 3754 nebant
820 3709 1103 3754 matronae.
1176 3703 1486 3756 Celebratas
1528 3719 1650 3757 esse

598 3790 771 3841 usque
818 3777 889 3828 ad
932 3791 981 3828 a.
1030 3777 1143 3828 553.
1182 3779 1284 3830 sub
1334 3780 1646 3840 Iustiniano‚

601 3854 726 3902 tunc
761 3851 1067 3904 interdictas
1092 3867 1217 3904 cum
1239 3852 1353 3904 aliis
1376 3852 1650 3917 gentilium

599 3925 948 3978 sollemnibus
962 3967 974 3989 ,
1012 3930 1286 3980 annotavit
1307 3927 1507 3994 Preller
1523 3929 1650 3979 Phi-

597 3999 685 4050 lol.
724 4003 763 4051 1.
801 4015 854 4065 p.
882 4003 996 4052 354.
1035 4016 1101 4053 ex
1127 4004 1295 4055 Photii
1340 4004 1488 4067 Synt.
1517 4005 1646 4055 Can.

597 4075 654 4124 T.
701 4075 781 4124 43.
827 4077 886 4126 C.
927 4077 1009 4126 24.
1084 4075 1447 4140 («Matronalia
1500 4077 1651 4128 dice-

599 4147 795 4199 bantur
838 4163 928 4210 eo‚
983 4150 1129 4214 quod
1176 4152 1349 4203 mariti
1382 4164 1481 4215 pro
1527 4166 1653 4204 con-

597 4224 901 4277 servatione
954 4227 1182 4290 coniugii
1228 4224 1649 4291 supplicabant.»

1732 1770 1938 1820 Comm.
1996 1769 2178 1833 Cruq.)
2234 1786 2304 1806 -“
2343 1770 2547 1836 caelebs]
2600 1771 2776 1821 «Cum

1731 1844 1806 1903 tu,
1845 1842 2001 1893 docte
2036 1843 2235 1904 amice,
2272 1843 2442 1908 probe
2478 1842 2670 1895 calleas
2703 1846 2779 1894 ri-

1728 1919 1816 1968 tus
1868 1919 2028 1981 atque
2080 1918 2432 1970 caerimonias
2481 1920 2774 1980 Romanas,

1730 1991 1954 2042 fortasse
1990 1991 2289 2055 miraberis,
2327 2006 2424 2043 cur
2458 2006 2584 2057 ego,
2623 1992 2779 2044 caeli-

1729 2065 1862 2116 bum
1914 2078 2038 2117 cum
2091 2063 2264 2117 nullae
2311 2068 2364 2118 in
2397 2065 2777 2119 Matronalibus

1730 2141 1835 2191 sint
1867 2143 2076 2205 partes,
2131 2142 2330 2205 quippe
2382 2154 2521 2205 quae
2556 2142 2625 2192 ad
2659 2156 2778 2193 ma-

1728 2218 1912 2265 tronas
1963 2214 2238 2265 dumtaxat
2280 2217 2336 2265 et
2380 2217 2599 2268 maritos
2648 2230 2778 2281 per-

1729 2291 1956 2350 tineant,
2012 2302 2075 2339 ea
2124 2287 2464 2341 nihilominus
2513 2291 2587 2340 ita
2632 2288 2778 2341 cele-

1728 2363 1921 2414 brem?
1970 2364 2196 2424 Verum,
2244 2364 2342 2414 etsi
2378 2377 2478 2427 ego
2511 2378 2611 2429 pro
2646 2379 2777 2416 con-

1729 2439 1863 2501 iugis
1898 2439 2304 2489 conservatione
2339 2440 2462 2489 vota
2500 2440 2777 2505 suscipere

1728 2527 1953 2577 remque
2019 2514 2252 2564 divinam
2305 2513 2480 2564 facere
2527 2527 2739 2577 nequeo
2761 2553 2774 2575 ,

1726 2589 1949 2651 propter
1993 2586 2150 2638 aliam
2197 2589 2376 2638 tamen
2416 2600 2638 2639 causam
2672 2588 2775 2639 hoc

1726 2661 1985 2712 sollemne
2022 2661 2215 2712 obeo.»

1789 2735 1933 2786 2—4.
1989 2737 2155 2802 fiores]
2212 2739 2355 2786 serta
2412 2739 2467 2787 et
2522 2750 2770 2789 coronae.

1724 2811 1873 2860 ovid.
1913 2812 2049 2860 Fast.
2086 2810 2142 2870 3,
2167 2810 2282 2860 253.
2320 2813 2461 2862 Mars
2497 2812 2564 2862 de
2600 2817 2771 2863 matre

1724 2897 1847 2945 sua,
1885 2885 2085 2935 Iunone
2119 2885 2344 2944 Lucina,
2400 2885 2471 2935 ita
2505 2888 2774 2937 matronas

1724 2957 2036 3023 alloquitur:
2074 2958 2215 3008 Ferte
2237 2960 2362 3009 deae
2378 2961 2558 3024 floren
2590 2962 2776 3024 gaudet

1719 3033 2343 3097 slorenttbushorbisliaec
2365 3035 2486 3083 dea:
2520 3036 2580 3084 de
2607 3039 2774 3084 tenero

1723 3108 1906 3171 civique
1922 3110 2050 3172 flore
2070 3114 2237 3170 caput.
2264 3135 2319 3145 ·—-
2344 3109 2544 3173 acerra]
2567 3109 2776 3174 θυμια-

1721 3179 1923 3254 τήριον
1937 3219 1951 3244 ,
1976 3181 2337 3254 λιβανωτρίς,
2364 3196 2488 3234 arca
2511 3184 2741 3234 thuraria
2758 3224 2770 3245 ,

1724 3272 1829 3309 non
1849 3257 2196 3309 thuribulum.
2225 3259 2420 3309 Veram
2436 3272 2656 3310 acerrae
2672 3259 2776 3309 for-

1725 3346 1868 3384 mam
1901 3335 2162 3383 monstrat
2183 3335 2312 3384 Mus.
2332 3333 2481 3383 Bor-b.
2503 3334 2586 3383 IX.
2608 3334 2665 3383 T.
2689 3334 2769 3383 56.

1728 3434 1783 3443 —
1826 3406 1999 3471 muris]
2034 3409 2111 3457 De
2148 3408 2409 3471 scriptura
2439 3407 2546 3458 vid.
2582 3407 2650 3457 ad
2674 3407 2768 3458 Od.

1726 3481 1774 3542 4,
1803 3481 1881 3540 49,
1922 3480 2002 3531 44.
2029 3507 2082 3516 -
2101 3480 2599 3546 Caespitevivojquo
2622 3495 2771 3532 aram

1723 3556 2104 3618 temporariam
2177 3557 2525 3606 exstruxerat.
2616 3554 2769 3620 Apul.

1724 3629 1846 3680 Met.
1858 3629 1907 3688 7,
1925 3630 1987 3679 40
2007 3643 2018 3676 :
2044 3643 2195 3679 aram
2204 3630 2775 3691 caespiaevirontiuarta·

1725 3709 1814 3757 deo
1836 3706 2042 3769 faciunt.
2090 3706 2168 3756 Cf.
2196 3705 2292 3756 Od.
2323 3705 2371 3765 4,
2401 3705 2484 3765 49,
2515 3705 2594 3755 43.
2623 3704 2768 3769 Calp.

1726 3778 1833 3831 Ecl.
1862 3781 1911 3840 5,
1933 3780 2027 3828 25:
2057 3780 2271 3841 caespite
2293 3779 2553 3828 vivoPone
2586 3779 2768 3842 soctan.

1791 3855 1838 3903 Β.
1897 3855 2049 3905 Docte
2091 3852 2354 3917 semones]
2399 3852 2596 3916 Exigua
2644 3865 2772 3903 sane

1725 3928 1841 3979 laus
1878 3927 2040 3988 foret,
2078 3929 2121 3979 si
2157 3928 2261 3978 hoc
2295 3930 2501 3977 tantum
2538 3927 2770 3977 diceret:

1730 4004 1863 4065 «Tu,
1906 4004 1994 4066 qui
2032 4003 2230 4067 optime
2266 4004 2321 4052 et
2354 4004 2556 4052 Graece
2593 4003 2649 4051 et
2681 4003 2778 4051 La-

1728 4079 1833 4129 tine
1869 4079 2027 4134 scis»;
2065 4090 2202 4141 quae
2236 4080 2365 4127 tunc
2396 4077 2512 4126 erat
2535 4076 2774 4126 omnium

1725 4152 2002 4203 hominum
2041 4164 2145 4201 non
2180 4163 2402 4216 prorsus
2437 4150 2652 4200 rudium
2676 4151 2775 4199 sci-

1726 4228 1882 4278 entia.
1952 4226 2154 4276 Verum
2198 4226 2301 4276 hoc
2347 4225 2474 4276 dicit
2519 4238 2625 4275 non
2658 4223 2772 4273 sine
