3234 4975
675 585 930 651 Inachia
972 585 1216 661 furere,
1265 584 1442 650 silvis
1485 584 1798 651 honorem
1844 584 2102 650 decutit.

591 948 658 1010 ln
703 947 849 1032 quis
895 957 1213 1013 amantem
1258 946 1526 1034 languor
1569 957 1637 1012 et
1678 944 2001 1012 silentium

1195 430 1397 480 menn.
1468 431 1662 481 CARM.
1700 431 1784 481 xi.
2465 431 2586 496 705

588 707 727 771 Heu
773 727 907 782 me,
957 726 1073 792 per
1119 706 1354 773 Urbem
1384 742 1468 755 -
1498 726 1647 770 nam
1690 704 1892 792 pudet
1936 706 2085 782 tanti
2113 704 2281 772 ,mali
2308 743 2394 755 —-

672 826 914 892 Fabula
952 838 1192 913 quanta
1229 825 1348 890 fui!
1397 826 1854 892 Conviviorum
1901 836 1966 892 et
2007 826 2323 913 poenitet,

2504 1069 2586 1134 40

673 1067 894 1152 Arguit
937 1078 1002 1132 et
1044 1067 1243 1134 latere
1289 1067 1525 1154 petitus
1571 1068 1700 1132 imo
1746 1067 2027 1154 spiritus,

593 1187 910 1252 Contrane
953 1186 1207 1251 lucrum
1249 1187 1336 1251 nil
1377 1185 1597 1253 valere
1654 1186 2000 1253 candidum

673 1307 983 1393 Pauperis
1030 1306 1409 1393 ingenium?
1453 1307 1781 1394 querebar
1824 1307 2168 1395 applorans
2214 1309 2364 1385 tibi,

592 1425 792 1492 Simul
838 1424 1103 1492 calentis
1158 1427 1634 1494 inverecundus
1679 1427 1846 1494 deus

551 1644 597 1692 6.
637 1642 895 1691 Inachiam
928 1642 1059 1692 Cod.
1100 1644 1345 1692 Laurent.
1401 1640 1666 1706 (lanchata
1697 1642 1775 1705 T.)
1827 1668 1880 1679 —
1935 1644 1983 1693 8.
2021 1648 2078 1693 ut
2103 1643 2323 1705 poenitet
2357 1644 2520 1694 Bentl.

486 1716 621 1764 coni.
680 1714 907 1777 (Habent
945 1720 992 1764 et
1025 1716 1131 1765 mei
1167 1716 1221 1764 et
1253 1716 1486 1765 Pottierii
1522 1716 1750 1779 omnes)
1809 1744 1862 1753 —
1923 1716 1971 1766 9.
2011 1721 2265 1768 amantem
2308 1717 2528 1781 lan9=uor

483 1789 735 1850 BbSTcd,
795 1803 982 1839 omnes
1033 1790 1290 1851 Pottierii,
1344 1790 1475 1840 Ven.
1517 1788 1662 1840 ⁴48⁴.
1711 1793 1766 1841 et
1799 1792 1871 1839 L:
1929 1796 2185 1841 amantem
2229 1796 2276 1841 et
2308 1792 2530 1856 languor

483 1861 739 1924 Aldinae,
793 1863 874 1924 Ct,
912 1861 1204 1922 Bentleius,
1260 1863 1366 1911 ΡΜ.
1429 1863 1507 1924 (Ut
1542 1877 1670 1924 nos,
1706 1864 1773 1927 J.)
1831 1889 1883 1900 —
1948 1865 2026 1914 44.
2067 1866 2353 1928 Contraque
2403 1879 2528 1916 cum

485 1936 654 1986 Codd.
692 1936 815 2000 aliq.
851 1935 1097 1998 Aldinae,
1136 1938 1214 1985 Lt.
1256 1936 1334 2000 (Ut
1356 1949 1479 1997 nos,
1517 1939 1683 1987 nostri
1718 1939 1942 2001 omnes.)
1983 1967 2038 1974 ——-
2076 1940 2201 1989 nihil
2221 1941 2278 1990 T.
2310 1966 2363 1975 ——
2402 1941 2529 1990 Post

485 2010 628 2060 hunc
660 2024 801 2061 vers.
840 2010 1019 2060 deficit
1053 2010 1183 2060 Cod.
1231 2008 1269 2059 d
1314 2023 1484 2074 usque
1537 2011 1605 2061 ad
1657 2013 1796 2063 Artis
1847 2014 2090 2077 poeticae
2115 2053 2127 2074 ,
2181 2026 2319 2077 quae
2362 2015 2415 2063 in
2462 2027 2527 2063 eo

485 2087 696 2164 Epodos
732 2087 949 2150 excipit,
987 2100 1126 2136 vers.
1168 2086 1278 2135 479.
1323 2112 1377 2122 -
1420 2087 1498 2136 ⁴2.
1539 2085 1760 2139 Ultimus
1793 2102 1844 2136 v.
1882 2087 1936 2137 in
1967 2089 2025 2136 B.

415 2275 621 2333 praeter
651 2275 854 2320 eeteros.
897 2297 952 2306 —
995 2271 1371 2332 me-—eoepetit
1392 2296 1422 2306 —
1443 2296 1471 2306 -

418 2345 581 2404 urere]
620 2349 739 2394 «me
762 2346 883 2393 ante
912 2355 1101 2394 omnes
1127 2345 1277 2407 petit,
1311 2342 1469 2406 eligit,

419 2430 582 2481 quem
611 2418 780 2466 urat.»
818 2416 1283 2476 Quemadmodum
1302 2416 1472 2467 forma

416 2493 630 2558 passiva
677 2490 826 2540 Ovid.
855 2492 978 2543 Met.
1017 2492 1048 2540 7
1067 2529 1078 2551 ,
1116 2492 1210 2540 22:
1250 2493 1380 2553 Quid
1419 2493 1473 2542 in

418 2566 610 2628 hospite
639 2565 786 2627 reyia
815 2565 959 2628 virgo
997 2564 1200 2613 Ureris?
1242 2567 1320 2616 sic
1353 2566 1407 2616 h.
1433 2565 1467 2616 l.

421 2653 570 2690 urere
600 2641 654 2688 in
676 2639 876 2700 puer-im
927 2639 1112 2702 sicque
1150 2641 1357 2702 ardere,
1393 2654 1474 2689 su-

417 2715 616 2776 spirare
648 2714 702 2761 in
725 2713 925 2774 aliqua,
963 2716 1017 2762 et
1045 2715 1283 2776 Propert.
1312 2716 1359 2775 4,
1389 2713 1469 2775 43,

420 2789 479 2837 7:
531 2787 757 2837 Perdita-3
787 2788 842 2835 in
876 2788 1098 2848 quadam
1131 2788 1475 2850 tardi-spalle-

420 2874 555 2911 scere
583 2861 721 2910 curis
751 2863 852 2910 cet.
911 2861 1015 2911 Cfr.
1047 2861 1193 2911 Baoh
1225 2861 1292 2910 ad
1318 2861 1466 2911 Ovid.

418 2937 541 2985 Met.
567 2934 624 2996 4,
652 2933 767 2985 234.
825 2934 977 2984 Hand
1005 2936 1158 2984 Turs.
1196 2936 1234 2984 1.
1272 2949 1325 2999 p.
1352 2934 1465 2984 536.

482 3009 639 3058 5-8.
699 3009 877 3058 tertius
923 3008 1219 3071 December]
1267 3008 1469 3058 mensis

419 3095 517 3145 pro
556 3095 711 3133 anne.
779 3081 1029 3133 Similiter
1066 3083 1208 3145 Virg.
1247 3085 1377 3132 Aen.
1405 3083 1466 3142 5,

419 3157 540 3206 626:
579 3157 806 3220 Septima
825 3183 855 3193 -
878 3184 906 3193 -
930 3161 1109 3206 aestas.
1150 3183 1205 3193 -
1241 3155 1467 3219 Inachia]

417 3230 657 3281 Eandem
686 3232 955 3280 memorat
974 3230 1140 3294 Epod.
1168 3230 1249 3291 ⁴2,
1275 3229 1356 3280 ⁴4.
1383 3230 1464 3279 ⁴5.

420 3302 528 3352 Cur
557 3305 738 3354 autem
767 3305 872 3355 hoo
906 3306 1122 3356 nomine
1157 3304 1225 3354 ab
1250 3305 1463 3364 Inacho,

416 3376 593 3439 prisco
614 3378 876 3440 Argorum
899 3392 1042 3442 rege,
1072 3379 1231 3429 ducto
1253 3393 1382 3431 usus
1401 3380 1469 3430 sit

419 3447 614 3512 quidve
647 3462 712 3498 eo
745 3451 1043 3511 significare
1077 3452 1329 3514 voluerit,
1367 3466 1467 3503 nos

417 3523 660 3585 ignorare
686 3523 837 3572 fateri
873 3525 1039 3575 satius
1064 3527 1147 3574 est
1168 3539 1330 3588 quam
1353 3526 1467 3576 fru-

418 3599 527 3647 stra
540 3595 794 3646 divinare.
818 3623 872 3632 --
894 3598 1144 3661 honorem]
1167 3599 1463 3649 «frondes»

417 3670 558 3733 Virg.
597 3671 689 3719 Ge.
725 3671 784 3730 2,
822 3669 948 3720 404:
997 3671 1229 3734 Frigidus
1257 3678 1303 3722 et
1333 3674 1468 3722 silvis

416 3743 595 3805 Aquilo
643 3744 855 3793 decussit
891 3744 1150 3803 honoram
1206 3746 1283 3796 sic
1331 3749 1469 3797 ruris

416 3817 641 3878 honores,
669 3818 881 3879 «florea,
909 3819 1138 3882 fruges,»
1175 3819 1271 3868 Od.
1300 3820 1320 3868 4
1344 3859 1353 3879 ,
1384 3822 1462 3881 47,

419 3893 500 3942 46.
534 3919 587 3927 -
622 3905 744 3942 nam
769 3894 940 3958 pudet]
979 3893 1201 3943 «invitus
1227 3907 1325 3943 nec
1350 3895 1464 3944 sine

418 3964 770 4026 indignatione
801 3966 919 4017 dico
946 3981 1032 4017 me
1058 3967 1257 4017 derisui
1291 3967 1468 4018 homi-

417 4037 576 4088 nibus
599 4038 793 4099 suisse3
819 4052 941 4088 nam
948 4042 1102 4101 pudet
1125 4043 1298 4091 tantae
1323 4042 1467 4103 igno-

419 4112 629 4162 miniae.
641 4131 664 4157 ι»
699 4113 820 4163 Sine
838 4125 998 4163 causa
1022 4113 1181 4174 igitur
1197 4114 1459 4165 Brouckh.

417 4188 523 4236 iam
541 4188 708 4249 pudet.
749 4213 801 4224 —
844 4186 1036 4236 Fabula
1071 4186 1216 4235 haud
1249 4200 1371 4237 raro
1395 4188 1464 4238 de

418 4261 630 4313 sinistro
678 4274 909 4311 rumore.
978 4259 1089 4309 Tib.
1149 4261 1205 4322 4,
1258 4260 1318 4322 4,
1371 4260 1461 4312 83:

589 4353 769 4398 Honu.
805 4363 910 4397 vot..
943 4350 974 4396 l.
1040 4363 1116 4400 sn.
1152 4362 1307 4397 amon
1343 4350 1412 4397 ΙΙΙ.

1542 2272 1701 2320 Parce
1715 2283 1871 2332 puer,
1908 2285 2109 2333 quaese,
2146 2286 2208 2322 ne
2239 2273 2402 2334 turpis
2419 2273 2596 2335 fabula

1539 2345 1682 2408 flam.
1720 2345 1867 2394 ovid.
1895 2347 2010 2394 Am.
2049 2345 2107 2406 3,
2137 2346 2157 2394 4
2183 2383 2195 2406 ,
2231 2346 2287 2395 24
2318 2360 2328 2393 :
2382 2346 2594 2407 Fabula,

1542 2431 1634 2468 nec
1664 2419 1839 2480 sentis,
1876 2423 1982 2467 tota
2010 2419 2223 2467 iactaris
2254 2419 2308 2467 in
2345 2419 2485 2470 Urbe.

1611 2492 1694 2541 9-
1719 2492 1798 2543 ⁴4.
1837 2493 2078 2557 lanquor]
2118 2495 2333 2557 «torpor
2373 2496 2427 2544 et
2467 2507 2593 2545 cru—

1547 2567 1715 2617 ciatus
1756 2568 1970 2616 animi.»
2023 2569 2215 2618 Aenon.
2277 2594 2334 2604 —
2386 2567 2594 2632 Arquit]

1548 2641 1672 2691 «Est
1719 2640 1940 2704 perfecti
1991 2642 2299 2704 temporis.»
2350 2643 2493 2691 Inna.
2536 2668 2591 2678 —-

1544 2714 1764 2777 spiritus]
1820 2714 2076 2777 «suspiria
2124 2728 2189 2763 ex
2232 2715 2340 2764 imo
2374 2716 2594 2778 pectore

1544 2788 1762 2851 petita.»
1810 2786 1975 2836 Plaut.
2015 2788 2142 2836 Cist.
2182 2787 2240 2848 4,
2269 2789 2327 2846 4,
2354 2788 2443 2837 58:
2491 2789 2596 2837 Hoc

1543 2861 1611 2909 sis
1652 2861 1791 2921 vide,
1842 2865 1900 2909 ut
1936 2861 2113 2922 petivit
2144 2861 2427 2921 smmi-ium
2461 2861 2596 2910 alce!

1545 2933 1686 2996 Virg.
1724 2936 1854 2983 Aen.
1894 2934 1950 2994 4,
1990 2933 2077 2983 374
2108 2948 2119 2981 :
2157 2935 2431 2996 Suspirans
2461 2935 2594 2985 imo-

1545 3020 1641 3068 que
1672 3008 1872 3056 trahens
1905 3021 1940 3057 a
1964 3013 2166 3069 pectore
2195 3021 2380 3059 vocem.
2438 3008 2588 3059 Ovid.

1543 3082 1666 3131 Met.
1721 3083 1779 3142 2,
1833 3080 1957 3132 774:
2027 3082 2312 3144 voltumque
2365 3083 2473 3132 ima
2526 3084 2596 3132 ad

1542 3155 1764 3217 ευῳίνία
1795 3156 1957 3205 davit.
2002 3184 2056 3193 --
2095 3156 2361 3220 Contrane]
2386 3154 2595 3220 Triplex

1543 3229 1596 3278 h.
1641 3228 1674 3278 l.
1732 3231 2054 3281 constructio
2106 3232 2378 3280 contracta
2435 3230 2481 3291 4)
2526 3244 2592 3279 ex

1541 3303 1949 3367 interrogatione
1974 3319 1985 3353 ε
2025 3305 2274 3355 Contrane
2304 3305 2502 3352 lum-tm
2522 3303 2597 3352 nil

1538 3378 1673 3427 valet
1704 3378 1995 3441 inueniam?
2036 3379 2084 3441 2)
2121 3392 2187 3428 ex
2220 3377 2592 3439 indignationis

1542 3451 1958 3502 exclamatione:
2030 3453 2219 3502 Contra
2272 3452 2469 3499 lucrum
2520 3450 2596 3498 m’l

1537 3527 1706 3575 valere
1736 3526 2025 3588 inqenium!
2059 3525 2105 3585 3)
2134 3524 2390 3585 Querebar
2409 3524 2485 3573 nil
2502 3537 2593 3572 va-

1539 3601 1641 3649 lere
1694 3600 1967 3663 maenium.
2049 3598 2137 3647 Nil
2186 3599 2356 3647 valere
2411 3599 2591 3646 autem

1540 3673 1683 3735 apud
1706 3673 1974 3722 Inachiam
1998 3674 2181 3721 contra
2206 3670 2446 3721 rivalium
2470 3684 2593 3721 mu-

1539 3759 1670 3796 nera
1706 3745 1929 3809 largiora
1964 3744 2189 3808 simplex
2224 3758 2288 3793 ao
2322 3745 2591 3795 sincerum

1540 3820 1810 3882 ingenium
1845 3834 2002 3871 suum
2037 3817 2373 3868 lamentatur.
2412 3845 2465 3853 —
2496 3833 2593 3881 ap-

1531 3893 1747 3954 plorans
1799 3893 1912 3956 tibi]
1973 3904 2138 3941 «eum
2172 3889 2407 3942 lacrimis
2439 3904 2592 3943 meos

1540 3980 1754 4017 amores
1791 3966 1885 4016 tibi
1920 3965 2248 4017 confessusa»
2311 3966 2371 4014 V.
2410 3966 2591 4027 applo-

1538 4052 1685 4099 rare,
1737 4036 2292 4111 προσολοφύρεσθαί
2324 4052 2451 4101 τινι,
2505 4041 2588 4089 vix

1540 4111 1663 4161 alibi
1711 4115 1976 4178 reperitur
2018 4127 2181 4179 quam
2226 4115 2312 4164 hic
2348 4116 2404 4164 et
2447 4113 2591 4178 apud

1539 4188 1803 4237 Senecam
1838 4189 2072 4247 Quaestt.
2110 4193 2217 4239 nat.
2248 4189 2306 4250 4,
2343 4189 2401 4249 2,
2440 4188 2488 4237 6.
2531 4214 2586 4224 -

1539 4261 1911 4327 inverecundus]
1935 4276 2071 4327 «quo
2087 4262 2356 4314 liberalius
2375 4263 2590 4324 sumpto

2191 4354 2247 4398 45
