3234 4975
664 372 788 436 ⁴58

1447 372 1704 423 HORATII
1738 370 2074 423 camimum

1002 529 1311 615 Sparsum
1355 526 1643 593 odoratis
1691 526 2026 593 humerum
2075 526 2353 614 capillis,

1005 647 1229 727 Qualis
1274 659 1384 714 aut
1425 648 1657 713 Nireus
1702 647 1816 713 suit
1858 659 1968 715 aut
2011 667 2260 735 aquosa

2756 646 2833 709 ⁴5

1255 772 1496 856 Raptus
1542 768 1624 834 ab
1670 767 1803 834 Ida.

795 952 871 1000 45.
911 962 1090 1000 πονου-ς
1127 949 1182 998 Τ.

662 1111 774 1168 quis
832 1108 886 1156 in
934 1104 1710 1167 urbe--subsouiaposuisse
1765 1096 1943 1153 Ἴλιον

660 1183 887 1231 sedon-we
936 1182 1078 1230 ludos
1123 1185 1345 1242 spectaro
1385 1179 1544 1230 vellet.
1615 1180 1709 1228 vi-

662 1254 856 1306 delicet
887 1252 1218 1319 praecedunt
1249 1254 1302 1304 in
1335 1256 1565 1316 utroque
1588 1251 1707 1304 loco

661 1330 896 1379 actiones
946 1328 1193 1390 posuisse,
1256 1326 1505 1390 posuisse,
1575 1324 1708 1377 sub-

661 1404 960 1466 sequuntur
990 1415 1248 1463 recreare,
1284 1405 1524 1463 spectare.
1597 1399 1704 1450 Cfr.

662 1479 833 1528 Haase
878 1478 931 1527 in
977 1477 1154 1539 Reisig
1197 1477 1254 1526 L.
1299 1477 1385 1526 Gr.
1431 1487 1550 1540 pag.
1588 1475 1703 1524 500.

661 1549 903 1602 Nonnulli
948 1562 1154 1600 meram
1198 1562 1317 1600 esse
1362 1550 1707 1620 περίφρασιν

660 1626 943 1689 opinantur
974 1637 1098 1688 pro:
1138 1624 1316 1687 «ponit
1349 1625 1402 1672 et
1435 1624 1705 1680 recreat;»

640 1700 859 1764 ‘quippe
883 1711 1004 1748 cum
1035 1699 1193 1749 totius
1217 1698 1521 1748 certaminis
1543 1710 1706 1747 scena

661 1775 730 1825 sit
762 1775 814 1824 in
848 1773 1163 1838 praesentia.
1235 1771 1603 1835 Significantur
1632 1773 1710 1821 ta-

661 1860 784 1898 men
829 1849 1186 1911 spectatores,
1239 1846 1330 1909 qui
1376 1857 1565 1896 omnes
1600 1858 1705 1894 non

660 1923 773 1972 sine
819 1920 1170 1970 admiratione
1214 1918 1281 1969 de
1327 1916 1706 1969 adolescentuli

659 1994 865 2045 fastidio
899 1995 1037 2043 inter
1070 2006 1129 2043 se
1170 1991 1617 2055 colloquebantur
1653 1994 1709 2043 et

660 2072 787 2119 tunc
822 2071 877 2118 et
907 2068 1113 2132 postea.

723 2142 804 2193 44.
857 2141 1095 2205 odoratis]
1147 2153 1269 2191 rosa
1314 2142 1368 2190 et
1400 2141 1701 2203 unguentis.

660 2217 911 2276 «Quietus
961 2214 1091 2264 dum
1140 2213 1341 2274 adstat,
1397 2226 1559 2264 aurae
1609 2228 1706 2265 co-

656 2304 776 2341 mas
809 2302 935 2341 suas
956 2302 1056 2354 per
1076 2289 1331 2339 humeros
1354 2287 1549 2339 effusas
1569 2301 1708 2339 ven-

659 2364 807 2416 tilare
841 2364 1152 2429 permittit.»
1199 2363 1535 2414 Chaeremon
1561 2362 1705 2428 apud

658 2439 1010 2501 Athenaeum,
1029 2451 1083 2504 p.
1101 2438 1197 2489 608
1211 2438 1286 2489 d.:
1312 2432 1506 2502 Κόμαι
1528 2435 1591 2488 δὲ
1606 2453 1707 2503 κη-

657 2510 944 2586 ροχρῶτες
980 2507 1060 2576 ὥς
1097 2507 1433 2579 ἀγάλματος
1466 2506 1706 2563 Αὖτοῖσι

658 2585 1075 2658 βοστρύχοισιν
1087 2585 1549 2652 ἐκπεπλασμέναι
1558 2586 1707 2640 Ξου-

656 2663 853 2714 θοτσιν
879 2657 1117 2728 ἀνέμοις
1139 2658 1465 2733 ἐνετρύφων
1489 2658 1708 2732 φορού-

655 2752 841 2803 μεναι.
869 2739 946 2788 De
964 2735 1176 2788 flabello
1192 2735 1297 2787 noli
1321 2736 1573 2799 cogitare,
1594 2748 1707 2787 ma-

656 2814 796 2863 xime
832 2814 1052 2877 propter
1085 2825 1137 2862 v.
1174 2812 1290 2871 leiti,
1346 2823 1471 2862 cum
1518 2813 1704 2862 contra

657 2883 868 2936 flabello
901 2886 1156 2949 aqitontw
1188 2898 1369 2934 aurae.

724 2959 803 3008 45.
861 2959 939 3008 46.
994 2959 1198 3022 Nireus]
1252 2957 1396 3008 Iliad.
1450 2956 1518 3017 β,
1573 2958 1703 3008 673:

657 3028 887 3100 Νιρεύς,
940 3028 1009 3095 ὃς
1049 3028 1354 3094 κάλλιστος
1394 3026 1545 3103 ἀνὴρ
1588 3026 1704 3082 ὑπὸ

2019 1094 2193 1168 ἢλθεν
2273 1100 2398 1154 Τῶν
2468 1095 2659 1153 ἄλλων
2719 1103 2834 1153 Δα-

1785 1175 1940 1227 ναῶν
2002 1178 2122 1243 μετ’
2176 1171 2456 1243 ἀμύμονα
2509 1176 2829 1243 Πηλείωνα.

1784 1254 2007 1313 Quintus
2054 1255 2162 1303 Sm.
2199 1253 2257 1314 7,
2295 1254 2349 1302 7:
2406 1252 2586 1323 Νιρέα
2633 1252 2712 1313 θ’,
2766 1247 2835 1315 ὃς

1781 1324 2145 1398 μακάρεσσιν
2211 1321 2596 1393 ἆειγενέεσσιν
2664 1323 2832 1393 ἐῴκει

1782 1398 1995 1452 Kainai
2031 1401 2075 1450 τ’
2108 1395 2317 1473 ἀγλαΐῃ
2357 1415 2447 1451 τε·
2499 1399 2602 1472 βίῃ
2636 1398 2685 1451 δ’
2720 1395 2832 1452 οὔκ

1780 1468 2028 1540 ἄλκιμος
2047 1465 2166 1541 ἦεν.
2204 1474 2285 1525 Ab
2303 1473 2573 1540 Eurypylo
2592 1476 2832 1526 occisum

1783 1549 1909 1600 dicit
1930 1549 2074 1600 idem
2108 1550 2166 1610 6,
2192 1549 2307 1599 372.
2351 1549 2591 1599 Gerhard
2619 1550 2828 1613 Vasenq.

1779 1625 1866 1674 111.
1909 1625 1966 1675 T.
2016 1625 2300 1675 ccxxvn.
2371 1623 2540 1688 Epod.
2596 1623 2685 1684 45,
2733 1624 2827 1673 22:

1779 1699 2063 1759 Famaque
2092 1699 2265 1748 vincas
2296 1699 2473 1748 Nirea.
2520 1726 2576 1735 -
2619 1698 2828 1762 aquosa]

1782 1773 2047 1823 Homerus
2096 1769 2417 1838 πιδήεσσαν
2465 1775 2625 1823 vocat
2679 1770 2824 1822 Iliad.

1779 1844 1841 1908 λ,
1881 1846 1991 1897 483.
2031 1851 2086 1897 et
2134 1846 2414 1911 aliquoties
2461 1844 2825 1898 πολυπίδακα

1780 1921 2010 1972 maxime
2034 1922 2257 1986 propter
2277 1922 2605 1972 Simoentem
2629 1922 2684 1971 et
2705 1923 2830 1971 Sca-

1780 1994 2083 2045 mandrum.
2116 2021 2171 2031 —-
2207 1995 2421 2058 Raptus]
2459 1994 2825 2058 Ganymedes,

1780 2073 1964 2133 raptus
1998 2069 2231 2133 primum
2264 2082 2295 2117 a
2330 2067 2545 2119 Tantalo
2583 2070 2748 2131 (Oros.
2779 2071 2826 2128 4,

1780 2142 1881 2205 42.)
1935 2155 2228 2205 rursusque
2279 2156 2310 2191 a
2361 2144 2502 2193 love.
2556 2142 2701 2193 Iliad.
2757 2159 2824 2200 v.

1778 2217 1893 2267 232.
1942 2216 2133 2267 Strabo
2182 2217 2262 2266 43.
2309 2230 2362 2281 p.
2400 2218 2514 2268 587.
2556 2244 2612 2254 —
2650 2219 2831 2280 Gany-

1779 2289 1952 2341 medis
1995 2291 2180 2355 raptus
2225 2292 2308 2340 est
2353 2291 2404 2340 in
2452 2291 2667 2354 egregio
2709 2303 2829 2341 mo-

1779 2365 2036 2414 numento
2071 2365 2201 2414 Mus.
2238 2364 2504 2415 Pio-Clam.
2543 2365 2626 2414 111.
2659 2365 2714 2414 Τ.
2741 2363 2822 2415 49.

1781 2438 2066 2501 inghirami
2101 2438 2233 2489 Gall.
2272 2438 2380 2489 Om.
2417 2440 2456 2489 1.
2482 2439 2539 2490 T.
2565 2440 2637 2501 8.,
2675 2438 2827 2490 cuius

1779 2511 2056 2577 exemplar
2089 2511 2278 2562 deberi
2312 2512 2522 2563 videtur
2547 2512 2822 2572 Leochari,

1780 2598 1943 2649 quam
1967 2587 2138 2649 ipsam
2163 2587 2450 2649 imaginem
2477 2586 2825 2651 descripsisse

1780 2659 2085 2710 existimant
2127 2661 2350 2710 Statium
2395 2660 2560 2711 Theb.
2602 2662 2658 2720 4,
2693 2659 2821 2711 548:

1779 2735 1907 2784 Hinc
1937 2734 2184 2797 Phrwim
2212 2735 2364 2797 fulvis
2394 2739 2603 2785 υοιισεον
2636 2734 2827 2785 tollitur

1780 2809 1901 2866 ali-u
1955 2809 2200 2872 Gargara
2245 2810 2469 2860 desidunt
2514 2808 2736 2872 maenti
2779 2813 2825 2857 et

1785 2884 1932 2934 Troia
1963 2884 2144 2933 recedit
2151 2897 2168 2941 ‚·
2221 2884 2368 2933 Stant
2397 2885 2574 2933 maesti
2605 2883 2821 2941 conticet,

1776 2959 2068 3021 numaque
2084 2959 2316 3007 sonmttia
2337 2958 2520 3007 mant
2537 2958 2642 3006 Ora
2656 2969 2820 3014 canos,

1777 3033 2106 3095 mnbmmqm
2131 3037 2305 3094 potunt
2327 3037 2374 3081 et
2405 3031 2577 3081 nubila
2609 3031 2818 3080 latrant.
