3234 4975
634 418 755 482 672

1425 420 1684 471 uonATu
1720 420 1975 470 EPODON

1055 573 1236 641 lubet
1280 594 1632 662 cupressus
1677 574 1983 641 funebres

967 697 1041 761 Et
1086 705 1278 762 uncta
1323 694 1530 782 turpis
1573 716 1698 761 ova
1722 716 1940 764 ,ranae
1985 694 2298 781 sanguine

1053 814 1473 903 plumamque
1516 827 1872 883 nocturnae
1915 816 2131 902 strigis

969 935 1391 1026 Hei-basque,
1438 957 1604 1025 quas
1649 936 1856 1004 lolcos
1901 946 2096 1024 atque
2140 936 2402 1004 Hiberia

1050 1058 1231 1124 Mittit
1273 1078 1672 1124 venenorum
1718 1057 1926 1134 ferax,

965 1180 1043 1244 Et
1084 1198 1237 1245 ossa
1277 1177 1361 1245 ab
1404 1199 1520 1244 ore
1564 1187 1750 1265 rapta
1793 1177 2050 1245 ieiunae
2107 1177 2284 1245 canis

1049 1298 1349 1366 Flammis
1392 1297 1579 1365 aduri
1626 1296 1964 1365 Colchicis.

964 1423 1041 1487 At
1082 1419 1382 1508 expedita
1428 1419 1682 1506 Sagana
1724 1438 1844 1505 per
1889 1428 2088 1485 totam
2130 1418 2394 1487 domum
2714 1420 2769 1481 2.

1049 1542 1375 1630 Spargens
1418 1538 1770 1606 Avernales
1817 1559 2024 1626 aquas

960 1665 1193 1730 Horret
1235 1660 1482 1750 capillis
1525 1671 1595 1726 ut
1637 1660 1924 1726 marinus
1968 1660 2217 1747 asperis

1057 1783 1337 1850 Echinus
1381 1791 1492 1849 aut
1537 1800 1809 1848 currens
1853 1801 2029 1868 aper.

750 1965 831 2015 48.
866 1975 1120 2025 cupressos
1152 1960 1344 2022 BbSc‚t
1376 1962 1499 2024 (non
1534 1959 1606 2023 d).
1650 1986 1705 1995 —

1741 1956 1964 2021 [sambri-5
1993 1958 2052 2007 B.
2094 1984 2148 1993 -
2197 1957 2280 2008 24.
2318 1956 2488 2021 atque]
2526 1961 2617 2007 aut
2651 1958 2726 2007 BS

685 2039 807 2101 (non
843 2035 984 2098 bed).
1029 2062 1084 2071 —
1143 2035 1226 2085 26.
1264 2035 1499 2097 evpeclita
1533 2035 1567 2083 S
1604 2034 1726 2097 (non
1759 2031 1946 2093 Bbcd).
2003 2058 2058 2068 -
2113 2031 2196 2080 26.
2233 2030 2489 2080 aver-vialis
2521 2031 2614 2080 BS.
2666 2056 2722 2066 -

683 2112 767 2162 28.
801 2109 1026 2174 mm]
1062 2110 1287 2159 Laurens
1318 2111 1536 2158 auctore
1571 2109 1633 2157 N.
1671 2108 1886 2159 Heinsio
1918 2104 2205 2157 Bentleius.

617 2268 909 2332 cupressus]
967 2279 1102 2330 quas
1151 2266 1339 2316 iuvi-ms
1387 2265 1514 2315 dicit
1563 2266 1659 2315 Od.

617 2344 674 2406 2,
701 2343 788 2404 44,
824 2342 928 2402 23.,
965 2346 1111 2408 uffo-as
1134 2340 1276 2403 Virg.
1304 2341 1435 2390 Aen.
1462 2340 1516 2400 3,
1554 2338 1659 2397 64..

615 2419 799 2482 ferales
813 2420 943 2467 Aen.
965 2416 1027 2475 6,
1047 2415 1162 2465 246.
1218 2412 1403 2464 Claud.
1436 2414 1657 2463 R.Pros.

617 2495 677 2555 2,
705 2493 826 2544 408ι
864 2492 1079 2542 tumulos
1100 2494 1296 2540 tectwa
1315 2501 1590 2551 cupressus.

683 2568 764 2618 49.
810 2567 893 2616 20.
946 2567 1012 2616 Et
1040 2565 1220 2626 uncta]
1269 2564 1563 2614 Construe:
1615 2566 1666 2612 et

616 2655 716 2692 ova
760 2645 1038 2691 nocturnae
1076 2640 1247 2702 strigis
1281 2642 1435 2688 uncta
1484 2637 1662 2700 (intin-

616 2719 729 2777 cta,
772 2715 980 2779 sparsa)
1016 2714 1259 2777 sangiune
1289 2712 1657 2774 turpio-anae,

615 2790 927 2851 eiusdeinque
947 2789 1058 2838 wis
1079 2787 1324 2850 plwnmn.
1372 2810 1427 2822 ·—
1465 2783 1658 2848 tin-pis]

617 2863 864 2924 «foedae,
902 2862 1153 2912 omnibus
1187 2872 1433 2910 exosae.»
1474 2885 1530 2895 —-
1564 2871 1662 2907 ra-

613 2937 728 3000 nae]
775 2939 853 2988 De
885 2936 1075 2987 rubeta
1111 2936 1223 2986 sive
1257 2933 1454 2984 bufone
1487 2932 1662 2996 loqui-

615 3013 717 3061 tur.
757 3013 912 3075 Prop.
950 3010 1006 3071 3,
1045 3011 1102 3070 6,
1140 3010 1231 3059 27;
1276 3009 1422 3058 Illum
1453 3013 1662 3071 turpen-

614 3086 678 3135 tis
722 3097 887 3133 ranae
927 3088 1167 3146 portenta
1223 3082 1429 3132 rubetae
1474 3082 1542 3132 Et
1588 3082 1663 3131 le-

612 3163 696 3208 cta
743 3159 951 3208 exsectis
989 3157 1236 3220 anystibus
1275 3170 1389 3206 ossa
1435 3156 1659 3207 trahunt.

612 3234 794 3282 luven.
822 3231 877 3291 4,
914 3230 1003 3280 69:
1039 3234 1278 3279 masmim
1302 3236 1506 3292 potens,
1532 3244 1663 3292 quae

610 3306 758 3356 nicae
783 3305 1021 3356 Coloniam
1042 3305 1342 3353 Pon-rectura
1361 3304 1473 3354 viro
1492 3305 1663 3353 nuseec

610 3380 802 3430 sitiente
821 3378 1069 3429 rubetam.
1095 3402 1150 3412 —
1172 3378 1392 3441 Striqem
1408 3378 1664 3429 describit

611 3454 763 3505 Ovid.
801 3455 937 3505 Fast.
976 3453 1034 3515 6,
1074 3452 1194 3502 ⁴33:
1249 3454 1455 3504 Grande
1485 3459 1658 3516 caput,

608 3532 795 3578 stantes
837 3528 991 3589 oculi,
1042 3532 1214 3577 rostra
1257 3532 1383 3589 apta
1413 3529 1658 3590 rapinam

611 3602 828 3653 Canities
838 3604 1036 3664 pennis,
1053 3601 1302 3665 unguibus
1322 3602 1499 3652 hamus
1513 3603 1655 3651 inest.

608 3676 733 3727 Avis
752 3678 835 3726 est
857 3678 1116 3726 nocturna
1139 3674 1266 3727 mali
1287 3677 1497 3726 ominis.
1525 3674 1653 3725 Plin.

610 3751 672 3801 H.
699 3751 760 3801 N.
789 3752 868 3811 44,
901 3750 988 3800 39:
1031 3751 1151 3800 Esse
1173 3751 1227 3799 in
1254 3751 1531 3799 maledictis
1553 3750 1660 3799 iam

608 3824 832 3886 antiquis
861 3825 1068 3888 strigem
1103 3824 1355 3885 convenit,
1406 3824 1491 3873 sed
1530 3836 1659 3884 quae

607 3900 672 3949 sit
725 3900 923 3961 mum,
987 3903 1218 3949 constare
1262 3912 1365 3948 non
1413 3897 1653 3948 arbitror.

608 3973 742 4037 (ΠΜ
781 3973 954 4035 Voss.)

671 4045 848 4097 24-24.
894 4046 1200 4110 Her-basque]
1253 4048 1427 4109 Usque
1471 4045 1540 4095 ad
1572 4044 1658 4095 ul-

609 4122 735 4172 tima
781 4121 989 4184 imperii
1041 4121 1258 4171 Romani
1307 4122 1654 4184 propagatam

607 4207 730 4246 esse
763 4196 902 4245 hanc
924 4195 1357 4259 superstitionem
1393 4195 1656 4244 monstrat

607 4268 738 4320 Cod.
767 4268 964 4319 Theod.
993 4269 1073 4317 lX.
1100 4268 1188 4329 38,
1217 4268 1276 4316 6:
1315 4268 1484 4317 noxiis
1505 4280 1656 4329 quiae-

1734 2274 1834 2323 sita
1846 2271 2159 2336 mitibus
2178 2276 2226 2322 et
2249 2271 2376 2320 diris
2390 2270 2784 2321 mumurati:

1734 2346 1932 2395 secretis
1960 2359 2169 2396 venena.
2215 2371 2270 2381 —
2322 2344 2494 2409 Iolcos]
2523 2338 2778 2407 Ἰωλκός,

1735 2419 1991 2483 oppidum
2000 2416 2320 2470 Thessaliae.
2341 2416 2588 2469 Mulieres
2601 2420 2785 2470 autem

1734 2491 2018 2544 Thessalae
2041 2505 2139 2556 pro
2157 2492 2409 2543 veneficis
2433 2494 2491 2542 et
2512 2493 2680 2555 magis
2697 2492 2791 2542 ha-

1734 2565 2017 2617 bebantur.
2055 2567 2321 2630 Aristoph.
2355 2566 2492 2617 Nub.
2517 2566 2639 2617 749:
2675 2565 2788 2616 Γυ-

1731 2644 1909 2691 ναῖκα
1923 2638 2239 2711 φαρμακίδ’
2259 2641 2311 2690 εἰ
2325 2636 2638 2711 πριάμενος
2649 2640 2784 2691 Θετ-

1731 2712 1914 2781 ταλήν
1928 2712 2048 2765 κτλ.
2107 2716 2395 2779 Perperam
2421 2712 2610 2774 Aldus,
2647 2715 2781 2763 Dan.

1733 2790 1996 2850 Heinsius,
2023 2787 2156 2838 aliae
2177 2790 2308 2838 vett.
2334 2786 2468 2838 Edd.
2497 2792 2543 2837 et
2560 2788 2777 2838 Colchos.

1734 2864 1840 2914 Cir.
1867 2864 1927 2913 N.
1956 2863 2135 2913 Heius.
2163 2861 2248 2911 ad.
2276 2860 2426 2912 ovid.
2450 2863 2569 2913 Met.
2592 2863 2642 2923 7,
2665 2862 2779 2912 458.

1738 2964 1793 2974 -
1828 2936 2049 3001 Hiberia]
2086 2937 2232 2999 regio
2255 2937 2407 2986 Ponti
2430 2936 2567 2985 inter
2588 2937 2782 2986 Arme-

1733 3011 1876 3061 niam
1899 3013 1954 3061 et
1976 3008 2306 3071 Colchidem,
2342 3011 2620 3060 venenatis
2643 3010 2775 3060 her-

1733 3083 1818 3135 bis
1840 3083 2136 3134 abundans.
2170 3084 2311 3146 virg.
2332 3082 2440 3134 Ecl.
2467 3083 2518 3145 8,
2547 3083 2639 3134 95:
2673 3084 2779 3134 Has

1731 3157 1909 3209 herbas
1928 3163 2079 3218 atque
2096 3159 2218 3207 haec
2236 3158 2391 3207 Ponto
2410 3157 2532 3206 milii
2553 3158 2680 3207 lecta
2699 3171 2785 3208 ve-

1732 3246 1880 3283 nena.
1910 3259 1965 3268 -
2002 3231 2131 3295 ossa]
2158 3233 2342 3295 erepta
2364 3231 2483 3281 cani
2506 3230 2780 3282 famelicae

1735 3309 1790 3357 et
1831 3307 2116 3370 propterea
2160 3306 2349 3356 avidae
2384 3308 2546 3370 atque
2582 3307 2746 3356 iratae
2763 3345 2776 3367 ,

1735 3380 1851 3430 eius
1867 3380 2014 3429 sanie
2039 3379 2269 3430 madida.
2308 3379 2394 3429 Sic
2411 3381 2467 3429 et
2481 3377 2632 3443 Apul.
2653 3380 2776 3430 Met.

1736 3454 1782 3503 4.
1810 3454 1947 3504 inter
1962 3451 2063 3504 alia
2080 3453 2149 3503 ad
2164 3452 2356 3518 philtra
2375 3456 2498 3518 apta
2518 3457 2784 3504 memorat

1732 3532 1935 3578 autom
1963 3528 2193 3591 serarum
2224 3528 2447 3578 amitibus
2478 3533 2661 3578 tramea
2677 3529 2783 3578 eal·

1729 3601 1900 3651 varia.
1931 3627 1987 3638 —
2014 3601 2263 3665 Colchicis]
2290 3600 2566 3665 «qualibus
2586 3600 2780 3666 philtra

1733 3678 1788 3724 et
1818 3687 2026 3725 venena
2059 3673 2285 3738 parabat
2304 3675 2493 3726 Medea
2518 3673 2778 3726 Colchis.»

1734 3749 1877 3799 Haec
1911 3749 2089 3799 omnia
2128 3748 2277 3800 iubet
2316 3751 2494 3810 ααιιή,
2546 3749 2779 3798 flammis

1732 3824 1950 3886 imponi,
1988 3824 2174 3887 coqui,
2205 3822 2401 3887 quibus
2440 3821 2624 3873 ultimo
2661 3822 2780 3872 loco

1732 3894 1964 3946 medulla
2003 3899 2057 3946 et
2073 3898 2222 3946 iecur
2251 3896 2471 3947 infelicis
2502 3896 2654 3960 pueri
2687 3896 2782 3946 ad-

1732 3969 1908 4020 denda
1932 3971 2086 4019 erant
2117 3969 2188 4020 ad
2214 3981 2485 4021 summam
2517 3981 2636 4020 rem
2659 3982 2781 4033 peru-

1733 4042 2014 4093 ficiendam
2037 4081 2050 4103 ‚
2102 4046 2163 4094 ut
2191 4044 2362 4094 Varus
2393 4044 2465 4094 ad
2504 4041 2777 4094 Canidiam

1730 4119 2094 4167 revocaretur.

1794 4193 1876 4241 25.
1913 4192 1996 4241 26.
2044 4191 2297 4256 medita]
2332 4192 2658 4253 «succincta,
2706 4204 2774 4242 ne

1727 4265 2028 4318 defluentes
2061 4269 2241 4319 vestes
2273 4265 2653 4331 impedimento
2684 4278 2776 4314 es-
