3234 4975
618 405 741 469 646

1041 561 1183 640 Qua
1228 561 1395 626 serre
1442 579 1569 625 non
1614 557 1841 625 molles
1884 559 2117 625 viros?

1430 405 1688 456 nonA'ru
1721 404 1978 455 EPODON

2721 561 2794 623 10

954 685 1261 749 Feremus
1306 691 1371 747 et
1418 692 1479 746 te
1523 680 1628 747 vel
1674 701 1796 767 per
1838 679 2091 767 Alpium
2138 681 2285 767 iuga

1040 799 1494 889 Inhospitalem
1537 811 1602 866 et
1649 800 2048 891 Caucasum,

954 922 1066 990 Vel
1111 922 1484 990 Occidentis
1529 941 1741 1008 usque
1786 920 1870 986 ad
1915 920 2210 986 ultimum
2254 921 2466 987 sinum

1037 1044 1207 1110 Forti
1254 1062 1609 1130 sequemur
1653 1053 1941 1129 pectore.

954 1168 1193 1253 Roges‚
1244 1175 1425 1230 tuum
1470 1161 1693 1230 labore
1739 1163 1899 1252 quid
1944 1163 2160 1231 iuvem
2207 1184 2395 1237 meo,

2712 1166 2793 1229 ⁴5

1040 1284 1321 1352 imbellis
1365 1305 1442 1351 ac
1484 1283 1710 1351 firmus
1757 1306 1988 1373 parum
2015 1284 2047 1347 Ῥ

952 1409 1186 1475 Comes
1228 1406 1479 1472 minore
1529 1426 1674 1471 sum
1719 1406 1969 1474 futurus
2013 1407 2078 1471 in
2123 1416 2340 1481 metu,

1037 1529 1159 1608 Qui
1205 1529 1413 1595 maior
1455 1525 1757 1594 absentes
1801 1527 2037 1605 habet;

750 1755 830 1804 40.
868 1756 1024 1816 Quom
1055 1753 1163 1803 bed
1216 1757 1271 1804 et
1318 1752 1560 1817 plerique
1612 1753 1877 1815 Pottierii,
1931 1755 2062 1805 item
2112 1752 2292 1805 Aldus.

2349 1753 2485 1816 (oua
2521 1754 2638 1804 ssi·
2670 1759 2727 1805 et

684 1831 916 1882 Pottierii
941 1834 998 1891 4,
1019 1830 1077 1891 3,
1097 1831 1167 1893 7.)
1195 1859 1248 1868 -
1289 1832 1369 1881 42.
1395 1835 1442 1881 οι
1462 1842 1570 1882 om.
1597 1831 1651 1881 d.
1684 1856 1742 1868 —
1770 1830 1848 1879 45.
1875 1828 2097 1880 laborem
2118 1829 2159 1879 Τ
2183 1830 2239 1880 et
2257 1827 2491 1879 Pottierii
2512 1837 2722 1879 omnes.

686 1931 744 1942 —
784 1905 865 1956 46.
900 1905 1095 1955 labellis
1115 1905 1171 1955 T.
1204 1932 1255 1941 —
1298 1905 1377 1955 47.
1404 1906 1499 1955 sim
1521 1907 1740 1955 auctore
1763 1905 1824 1954 N.
1863 1904 2076 1955 Heinsio
2100 1900 2386 1953 Bentleius.
2417 1928 2475 1939 —
2520 1901 2599 1952 48.
2636 1901 2726 1952 ab·

683 1979 833 2029 sontis
863 1981 914 2028 S.
955 2004 1013 2015 —
1050 1978 1239 2029 Deficit
1274 1979 1324 2029 in
1357 1992 1409 2029 v.
1448 1979 1529 2028 48.
1569 1977 1700 2028 Cod.
1738 1976 1911 2027 Turio.
1948 1988 2121 2040 usque
2156 1975 2224 2027 ad
2258 1976 2426 2042 Epod.
2463 1976 2528 2034 9.
2564 1974 2646 2025 37.

620 2172 992 2225 Andromacha
1041 2172 1185 2237 apud
1236 2173 1343 2224 Cic.
1397 2173 1551 2225 Tusc.
1602 2174 1625 2221 4
1652 2211 1664 2234 ,

621 2247 711 2299 44:
754 2247 889 2309 Vidi,
921 2248 1092 2298 videre
1123 2248 1257 2308 quod
1287 2260 1547 2310 mopassa
1574 2258 1669 2297 αο-

618 2334 867 2386 9σηνηισ.
926 2346 981 2357 -
1041 2322 1442 2384 Ιπὴοερᾶιαὶαη-
1463 2323 1668 2374 Cauca-

622 2395 759 2459 sum]
824 2398 884 2446 ut
931 2394 1027 2446 Od.
1075 2397 1132 2457 4,
1187 2397 1281 2457 22,
1334 2396 1384 2446 6.
1461 2398 1667 2447 Seneca

621 2470 836 2534 Thyest.
887 2469 1039 2521 ⁴049:
1099 2469 1408 2534 inhospitalis
1456 2470 1669 2522 Caucasi

618 2557 796 2607 nepem
836 2557 1071 2606 asperam
1108 2571 1161 2581 —-
1221 2545 1410 2610 sinum]
1443 2546 1663 2606 Oceani,

621 2617 689 2668 ad
714 2618 994 2682 Hispaniae
1018 2632 1168 2669 oram
1184 2618 1441 2670 ultimam.
1480 2622 1664 2670 Senot..

622 2692 729 2742 Cir.
749 2691 845 2742 Od.
865 2694 915 2754 2,
938 2694 987 2753 6,
1015 2693 1075 2742 ⁴:
1112 2693 1321 2756 Septimii
1355 2694 1517 2744 Gades
1549 2694 1669 2743 adi-

619 2771 732 2816 turo
776 2779 985 2816 mecum.
1055 2767 1231 2831 Virgil.
1282 2770 1373 2817 Ge.
1425 2768 1486 2826 2,
1544 2767 1663 2817 423;

619 2840 852 2890 Extremi
882 2840 1020 2891 sinus
1051 2840 1200 2891 orbis.

688 2914 864 2964 45-48.
918 2914 1091 2978 Rogas]
1147 2915 1249 2965 «Ex
1300 2928 1388 2965 me
1438 2928 1668 2979 quaeres

623 2986 897 3039 fortasse.»
940 2987 1245 3053 —ImbcllisJ
1281 2988 1376 3039 Od.
1402 2990 1464 3050 2,
1501 2990 1562 3050 6,
1599 2989 1662 3038 7:

620 3062 752 3112 lasso
793 3064 956 3112 mans
995 3067 1043 3112 et
1094 3064 1298 3113 viarum
1340 3063 1664 3124 muriaeque.

625 3162 681 3172 —
714 3137 893 3200 mm
931 3137 1140 3200 parum]
1191 3137 1259 3187 ad
1307 3136 1667 3187 valetudinem

619 3210 872 3273 pertinet,
910 3221 1014 3272 qua
1047 3222 1154 3259 non
1178 3210 1376 3272 optima
1400 3210 1664 3260 utebatur.

627 3309 682 3319 -
716 3283 912 3333 minore
941 3281 1068 3346 m]
1113 3283 1273 3332 Certo
1307 3285 1467 3346 atque
1501 3284 1667 3334 obfir-

622 3361 766 3407 mato
819 3355 996 3406 animo
1045 3356 1336 3421 respondet
1385 3358 1665 3421 superiori,

624 3443 787 3494 quam
854 3432 1163 3495 exspectat,
1234 3431 1666 3494 interrogationi,

623 3507 875 3568 quocirca
943 3504 1227 3556 indicativo
1295 3505 1458 3556 utitur
1479 3544 1490 3566 ,
1562 3520 1668 3557 non

621 3578 821 3629 Heinsii
856 3580 1211 3631 coniunctivo.
1256 3607 1308 3616 --
1347 3579 1512 3644 habet]
1556 3583 1669 3630 «te-

624 3655 740 3715 net,
778 3657 1058 3718 occupat.»

691 3728 866 3778 49-22.
908 3729 967 3777 Ut
988 3728 1227 3792 assidens]
1248 3726 1494 3791 Aeschyl.
1523 3729 1667 3791 Sept.

623 3800 743 3850 adv.
798 3801 964 3851 Theb.
1019 3802 1132 3852 29⁴.
1189 3804 1282 3852 D..
1338 3796 1671 3871 Δράκοντας

622 3889 703 3936 ως
748 3889 835 3937 τις
882 3877 1096 3926 τέκνων
1122 3869 1538 3962 ’Τπερδέόοικεν
1579 3872 1672 3925 λε-

623 3948 807 4008 χαίων
849 3946 1273 4019 δυσευνάτορας
1321 3945 1671 4020 Πάπροφος

624 4018 867 4084 πελειάς.
905 4025 1077 4087 Atque
1102 4025 1171 4075 de
1195 4024 1449 4088 palumbo
1472 4024 1559 4074 hic
1583 4037 1672 4074 co-

624 4097 787 4160 gitare
830 4094 976 4159 licet,
1023 4101 1081 4148 ut
1114 4100 1310 4162 gratior
1344 4099 1436 4149 fiat
1471 4099 1665 4162 imago.

624 4168 719 4221 Alii
737 4168 806 4219 de
824 4169 1106 4222 hirundine
1124 4175 1505 4236 exposuerunt,
1525 4172 1672 4223 haud

626 4256 897 4295 memores
947 4244 1043 4294 hes
1076 4246 1130 4296 in
1166 4247 1348 4306 tectis,
1402 4246 1666 4309 turribuS,

1742 2170 1967 2236 rupibus
2015 2172 2317 2235 praeruptis
2375 2171 2648 2221 nidificare
2699 2183 2793 2221 so-

1740 2245 1880 2306 lere,
1907 2258 2043 2310 quos
2078 2247 2131 2296 in
2164 2243 2311 2295 locos
2344 2247 2624 2310 serpentes
2657 2243 2792 2296 alla-

1741 2319 1797 2369 bi
1835 2320 1921 2369 vix
1959 2321 2202 2383 possunt.
2279 2317 2358 2369 Ad
2402 2321 2569 2369 totam
2606 2320 2790 2369 autem

1740 2393 2027 2457 imaginem
2060 2393 2156 2443 cfr.
2184 2392 2384 2444 Moschi
2424 2392 2500 2442 ld.
2525 2389 2592 2451 ὅ,
2617 2394 2674 2442 24
2703 2405 2788 2456 sq.

1739 2467 2058 2532 praesertim
2103 2479 2156 2518 V.
2193 2467 2286 2518 25ε
2337 2461 2397 2533 (ἦ
2432 2459 2610 2539 ορνις)
2654 2460 2788 2518 Οὐδ’

1739 2536 1828 2613 ἄρ’
1859 2536 1981 2602 ἔχει
2021 2542 2309 2592 τέκνοισιν
2350 2541 2682 2613 ἐπαρκέσω.
2731 2569 2784 2578 -—

1743 2618 1836 2669 «Ut
1884 2617 1998 2667 avis
2050 2629 2116 2666 eo
2162 2618 2438 2680 tempore,
2491 2628 2599 2680 quo
2649 2616 2794 2666 fovet

1741 2688 2027 2754 implumes
2066 2687 2269 2754 pullos,
2323 2689 2408 2740 his
2451 2687 2648 2740 relictis
2669 2727 2682 2749 ,
2735 2688 2791 2738 id

1750 2766 1833 2815 est
1849 2801 1862 2824 ,
1899 2776 2023 2814 cum
2057 2776 2151 2814 eos
2185 2776 2344 2814 escae
2368 2762 2632 2827 petendae
2667 2776 2793 2813 cau·

1741 2851 1800 2889 sa
1839 2836 2076 2901 reliquit,
2130 2837 2299 2899 magis
2359 2838 2513 2888 timet
2568 2850 2790 2903 serpen-

1741 2914 1874 2963 tium
1939 2911 2169 2976 impetus
2221 2912 2276 2962 in
2333 2912 2520 2962 nidum
2574 2924 2785 2963 suum.»

1742 2987 1930 3038 Statim
1974 2989 2153 3037 autem
2187 2987 2433 3050 sequitur
2464 2988 2791 3051 comparatio

1742 3074 1796 3112 v.
1829 3061 1996 3125 maai-⁸
2026 3060 2641 3128 significata;nim1rum
2672 3059 2791 3110 voi-

1742 3137 1880 3200 garis
1914 3136 2049 3186 ratio
2072 3145 2196 3186 cum
2222 3135 2435 3186 fuisset:
2476 3136 2660 3185 «timet
2680 3147 2793 3185 ma-

1742 3212 1822 3276 gis
1855 3208 2011 3275 pullis
2044 3207 2241 3260 relictis
2280 3221 2445 3274 quam
2484 3223 2610 3260 cum
2630 3222 2791 3273 prae-

1741 3296 1867 3336 sens
1902 3286 1986 3335 est
2018 3285 2071 3334 in
2106 3281 2274 3334 nido»
2291 3282 2481 3342 ;hanc
2515 3281 2789 3348 praetulit:

1745 3359 1902 3420 «etsi,
1953 3357 2078 3409 licet
2109 3356 2270 3417 adsit,
2325 3369 2431 3406 non
2464 3355 2585 3421 plus
2618 3355 2792 3407 auxilii

1742 3432 1841 3484 illis
1874 3435 1960 3484 est
2000 3431 2210 3482 latura»
2229 3469 2242 3492 ,
2293 3442 2393 3494 pro
2438 3445 2546 3495 quo
2591 3443 2792 3495 prono-

1743 3507 1887 3559 mine
1925 3519 2030 3556 non
2063 3507 2180 3557 sine
2212 3508 2264 3556 vi
2297 3507 2479 3572 posuit
2507 3504 2793 3568 praesento·-

1742 3581 1858 3642 bus,
1914 3581 2034 3645 «qui
2084 3581 2226 3631 circa
2275 3591 2395 3631 eam
2441 3580 2765 3630 versantur·

1743 3668 1847 3719 qua
1894 3656 2097 3705 ratione
2142 3657 2328 3705 mutua
2370 3654 2566 3705 caritas
2608 3653 2793 3704 matris

1744 3730 1798 3778 et
1829 3727 2096 3792 pullorum
2119 3729 2318 3794 optime
2341 3728 2671 3793 exprimitur.
2715 3727 2792 3776 Ac

1742 3801 1958 3862 similia,
1997 3815 2136 3866 quos
2169 3801 2510 3866 pleonasmos
2533 3800 2659 3851 olim
2693 3813 2794 3849 vo·-

1744 3875 1966 3934 cabant.
2027 3876 2262 3927 habebat
2309 3874 2640 3926 consuetudo
2691 3875 2794 3924 La-

1744 3952 1874 4001 tina:
1935 3950 2100 4001 Plaut.
2138 3950 2332 4000 Pseud.
2371 3949 2427 4011 4,
2484 3951 2541 4010 7,
2593 3949 2688 4000 43:
2745 3953 2794 3997 ιο

1741 4027 1876 4088 ipsus
1900 4038 2075 4075 coram
2098 4033 2338 4087 praesens
2363 4029 2677 4086 praesentem
2710 4023 2792 4072 vi-

1744 4100 1838 4150 det.
1875 4098 2086 4149 Terent.
2111 4096 2335 4163 Adelph.
2363 4099 2422 4158 3,
2460 4097 2517 4158 3,
2555 4097 2641 4147 39;
2678 4097 2794 4147 Non

1744 4173 2016 4235 quioculos
2067 4186 2336 4235 praesens,
2390 4173 2502 4221 dico
2549 4172 2655 4221 hoc.
2709 4169 2787 4220 lb.

1745 4246 1802 4305 4.
1856 4248 1912 4307 5,
1966 4246 2068 4298 34:
2125 4247 2247 4297 Cum
2297 4246 2425 4295 hanc
2474 4245 2568 4295 sibi
2613 4244 2794 4297 videbit
