3234 4975
593 381 717 446 734

1394 384 1654 435 noaATn
1687 384 1948 436 EPODON

759 541 984 626 Neque
1032 539 1354 626 impudica
1403 538 1658 606 Colchis
1704 540 1910 606 intulit
1952 541 2234 628 pedem;

673 660 814 725 Non
856 658 983 726 huc
1028 660 1272 727 Sidonii
1319 671 1647 728 torserunt
1688 682 1933 728 cornua
1978 672 2211 728 nautae

764 780 1117 847 Laboriosa
1161 801 1284 848 nec
1329 781 1566 849 cohors
1612 781 1835 850 Ulixei.

673 899 856 968 Nulla
900 911 1132 968 nocent
1173 904 1391 990 pecori
1438 903 1758 990 contagia,
1811 902 2048 969 nullius
2092 904 2244 970 astri

761 1023 1039 1110 Gregem
1082 1033 1385 1090 aestuosa
1430 1033 1630 1089 torret
1674 1023 2062 1110 impotentia.

721 1230 800 1279 64.
839 1231 1001 1280 austri
1034 1230 1100 1290 Β,
1139 1230 1373 1280 Pottierii
1406 1229 1464 1288 4.
1501 1229 1560 1290 ⁴7,
1599 1230 1648 1280 8.
1694 1257 1746 1266 —
1786 1230 1866 1279 62.
1905 1230 2184 1293 inpetunt-‘a
2215 1231 2272 1282 Τ.

587 1416 805 1479 vestigia
877 1427 1065 1466 secum
1139 1413 1333 1465 afferre
1399 1413 1587 1465 solent.
1608 1431 1635 1458 ι

588 1491 751 1540 Cuius
786 1489 1006 1553 quidem
1039 1489 1117 1539 rei
1151 1486 1392 1552 exempla
1424 1490 1635 1552 poetica

587 1564 768 1624 affert,
804 1576 997 1613 navem
1031 1566 1198 1625 Argo,
1236 1574 1342 1625 qua
1375 1564 1529 1611 vecta
1554 1564 1638 1612 est

587 1637 799 1697 Medea,
853 1636 1063 1687 abiecto
1106 1635 1313 1700 pudore
1353 1638 1636 1686 externum

585 1712 761 1762 virum
798 1713 1006 1772 secuta,
1045 1712 1372 1761 mercatores
1406 1711 1636 1761 Phoeni-

586 1787 729 1846 cios,
775 1783 990 1837 Ulixem.
1034 1810 1089 1820 —
1126 1785 1335 1848 Sidonii]
1378 1786 1492 1835 Iam
1524 1786 1636 1835 Ho-

585 1871 771 1910 merus
794 1858 890 1909 Od.
917 1872 970 1918 o,
1009 1857 1130 1908 449:
1169 1857 1430 1921 Φοίνικες
1462 1856 1635 1909 πολυ-

585 1930 881 1984 παίπαλοι.
908 1957 967 1968 -
999 1932 1210 1993 comma]
1249 1934 1396 1983 «Non
1432 1944 1633 1983 cornua

583 2009 938 2058 antennarum
970 2004 1101 2069 (die
1138 2004 1376 2069 Rahen)
1411 2004 1509 2055 illis
1550 2007 1634 2056 in-

583 2079 713 2132 sulis
747 2079 1123 2138 obverterunt,
1162 2091 1268 2127 non
1303 2078 1375 2127 ibi
1409 2078 1634 2143 appule-

583 2157 708 2205 runt
755 2153 944 2203 litori.»
1002 2151 1150 2201 Ovid.
1190 2153 1313 2203 Met.
1353 2153 1445 2212 44,
1499 2151 1626 2202 476:

583 2229 882 2289 Cornuaque
922 2228 976 2276 in
1020 2239 1217 2276 anama
1255 2227 1387 2278 locat
1428 2226 1628 2277 arbore.

649 2303 731 2353 64.
770 2302 851 2352 62.
899 2301 1070 2351 asm-
1092 2306 1362 2351 aestuosa-
1383 2301 1631 2364 impoten-

582 2378 673 2440 tia]
711 2374 1046 2427 Pestilentiae
1094 2374 1307 2426 subiicit
1349 2376 1464 2426 eius
1499 2388 1632 2426 cau-

583 2465 744 2514 sam,
831 2452 1146 2514 impotentem
1171 2489 1184 2511 ,
1252 2450 1631 2505 vehementem

584 2528 700 2591 (Od.
733 2527 788 2587 3,
827 2526 919 2587 30,
957 2525 1044 2588 3.),
1086 2525 1202 2575 Sirii
1235 2528 1473 2587 aestum,
1520 2537 1629 2587 quo

581 2616 713 2667 grex
760 2602 1010 2651 torretur.
1056 2601 1115 2649 In
1161 2598 1411 2650 omnibus
1456 2597 1627 2649 Codd.

581 2677 639 2727 hi
671 2689 758 2727 vv.
801 2675 1013 2735 ordine,
1073 2686 1180 2737 quo
1215 2687 1313 2724 nos
1347 2686 1442 2724 eos
1477 2674 1631 2723 exhi-

581 2751 802 2810 bemus,
862 2747 1138 2811 leguntur,
1211 2749 1282 2797 ita
1332 2748 1631 2798 cohaeren-

580 2824 726 2875 tibus
767 2823 1070 2875 sententiis:
1127 2822 1281 2885 «puri
1316 2834 1349 2871 a
1382 2822 1630 2871 vitiorum

1710 1415 1900 1476 gentes
1936 1416 2345 1478 praetermissa,
2384 1416 2521 1467 duas
2555 1419 2763 1469 tantum

1709 1487 1849 1549 virg.
1890 1489 1980 1537 Ge.
2021 1490 2076 1548 4,
2126 1490 2240 1539 425.
2297 1490 2402 1540 Cfr.
2441 1491 2656 1542 Hesiod.
2698 1494 2760 1542 Ο.

1711 1562 1767 1609 et
1797 1561 1859 1610 D.
1899 1562 2013 1611 467.
2052 1561 2121 1612 de
2172 1563 2459 1615 heroibus:
2514 1566 2651 1627 Τοῖς
2699 1562 2763 1615 δὲ

1707 1631 1819 1693 δίχ’
1854 1627 2179 1723 ἀνθρώπων
2228 1635 2433 1696 βίοτον
2481 1639 2582 1688 καὶ
2632 1632 2759 1703 ἤθε’

1707 1702 1980 1772 ὀπάσσας
2046 1706 2189 1774 Ζευς
2254 1710 2538 1782 Κρονίδης
2590 1715 2763 1764 κατέ-

1706 1798 1891 1834 νασσε
1940 1779 2130 1856 πατὴρ
2172 1783 2233 1848 ἐς
2278 1786 2519 1872 πείρατα
2565 1790 2753 1852 γαίης.

1706 1857 1821 1909 Καὶ
1851 1857 1945 1908 τοὶ
1976 1857 2086 1922 μὲν
2118 1861 2382 1910 ναίουσιν
2413 1854 2635 1925 ἀκήδεα
2654 1861 2759 1911 θυ-

1703 1925 1873 1997 μὸν”
1843 1946 2077 1995 εχοντες
2093 1927 2187 1983 Ἐν
2516 1931 2756 1999 νήσοισι

1704 2009 1833 2095 παρ’
1853 2001 2135 2057 Ὠκεανὸν
2154 2005 2502 2073 βαθυδίνην,
2524 2003 2751 2069 Ὀλβιοι

1705 2074 1924 2151 ἥρωες,
1980 2086 2167 2132 τοῖσιν
2215 2080 2492 2147 μελιηδέα
2530 2080 2756 2154 καρπὸν

1706 2156 1841 2226 Τρὶς
1874 2149 2033 2218 ἔτεος
2064 2153 2356 2207 θάλλοντα
2376 2158 2541 2228 φέρει
2562 2155 2757 2222 ζειδω-

1704 2239 1806 2300 ρος
1843 2223 2088 2301 ἄρουρα.
2131 2258 2185 2267 -
2221 2233 2520 2294 inquinavit]
2558 2231 2760 2298 «ἐμία-

1704 2318 1828 2364 νεν,
1882 2303 2225 2368 adulteravit,
2277 2307 2330 2356 in
2366 2305 2601 2357 deterius
2636 2319 2760 2358 me-

1704 2376 1890 2428 tallum
1939 2380 2213 2429 mutavit.»
2264 2408 2319 2417 —
2355 2379 2509 2442 Aere,
2560 2382 2754 2443 dehinc]

1703 2454 1762 2503 In
1796 2452 1898 2503 hac
1930 2454 2246 2518 repetitione
2278 2454 2501 2519 (firmata
2535 2456 2696 2508 etiam
2722 2470 2757 2507 a

1706 2526 1913 2577 Comm.
1964 2528 2176 2591 Cruq.),
2227 2532 2288 2579 ut
2320 2530 2374 2580 in
2422 2528 2503 2580 illa
2555 2543 2608 2580 v.
2644 2529 2754 2591 4⁴..

1704 2601 1844 2651 inest
1865 2600 2011 2651 color
2034 2603 2406 2666 LucretianuS,
2443 2617 2605 2667 quem
2627 2610 2759 2668 poe·

1704 2677 1816 2725 tam
1832 2675 2165 2738 singulariter
2186 2677 2465 2727 adamaret
2484 2679 2752 2730 Horatius.

1705 2748 1810 2799 Cir.
1847 2748 1958 2799 Lib.
1998 2749 2056 2810 3,
2097 2751 2183 2801 42:
2239 2751 2423 2801 onmia
2452 2765 2542 2801 nos
2581 2753 2756 2802 itidem

1703 2824 2021 2885 depascimur
2041 2838 2206 2875 aurea
2227 2826 2390 2887 dicta,
2412 2825 2607 2887 Ata-ea,
2634 2839 2757 2888 per-

581 2899 825 2962 contagio
871 2897 974 2948 illic
1006 2897 1193 2946 vivunt
1233 2896 1509 2956 homines,
1546 2908 1634 2945 se-
1695 2904 1854 2959 petua
1902 2911 2096 2961 σαπρα-
2143 2900 2438 2963 dignissima
2484 2901 2609 2950 vita.
2678 2903 2712 2950 5
2736 2939 2750 2961 ,

581 2974 696 3024 curi
744 2985 775 3021 a
833 2970 1159 3036 pestilentiae
1214 2971 1456 3033 contagio
1505 2982 1631 3032 gre-

616 3060 743 3107 es3»

580 3060 802 3183 {ignum
851 3120 947 3179 sit,
1001 3117 1255 3180 equidem
1298 3131 1406 3168 non
1449 3117 1625 3167 video.

581 3193 929 3244 Nihilominus
965 3194 1113 3243 varie
1154 3204 1249 3242 eos
1281 3194 1630 3256 transposue-

579 3271 730 3329 runt,
802 3266 947 3331 quod
1002 3268 1177 3332 ipsum
1248 3267 1447 3316 erroris
1519 3267 1628 3316 evi-

581 3343 716 3393 dens
749 3342 962 3405 signum
994 3343 1094 3393 est.
1152 3340 1360 3391 Etenim
1400 3340 1627 3391 criticus

579 3419 633 3469 in
666 3419 813 3469 Misc.
841 3416 995 3467 obss.
1028 3418 1091 3467 11.
1117 3428 1238 3480 pag.
1266 3414 1379 3465 384.
1415 3418 1539 3478 post
1569 3428 1622 3464 v.

579 3494 662 3543 52.
693 3493 912 3543 Vossius
936 3495 1059 3556 post
1077 3504 1130 3540 v.
1155 3491 1260 3551 50„
1299 3490 1402 3540 Fea
1427 3491 1481 3539 et
1503 3489 1629 3539 Hof-

580 3580 741 3619 mann
790 3565 1101 3630 Peerlkamp
1149 3566 1276 3628 post
1318 3578 1368 3614 v.
1410 3565 1491 3614 66.
1530 3576 1625 3614 eos

580 3643 879 3692 statuerunt
909 3638 1264 3690 collocandos.

644 3715 822 3765 63-66.
857 3715 1102 3776 Iuppiter]
1125 3714 1389 3776 «Itaque»,
1427 3712 1621 3775 inquit,

581 3802 738 3840 «cum
772 3786 913 3837 nulla
947 3787 1020 3837 ibi
1053 3788 1159 3837 sint
1189 3785 1411 3846 scelera,
1449 3784 1624 3836 nullae

579 3864 758 3928 pestes
776 3899 788 3923 ‚
835 3862 935 3925 piis
969 3861 1111 3912 illam
1156 3863 1430 3924 tamquam
1463 3873 1626 3924 sepa-

579 3939 750 3986 ratam
785 3948 816 3984 a
849 3934 1121 3986 sceleratis
1162 3934 1352 3985 sedem
1385 3933 1626 3985 destina-

579 4011 654 4060 vit
684 4010 942 4074 Iuppiter,
986 4022 1051 4060 ex
1086 4022 1194 4074 quo
1228 4021 1450 4060 auream
1482 4010 1627 4060 aeta-

579 4088 690 4135 tem
723 4086 776 4134 in
809 4096 1052 4144 aeream,
1098 4097 1223 4135 mox
1255 4085 1395 4134 hanc
1428 4084 1480 4134 in
1515 4082 1626 4134 rer-

578 4172 747 4220 ream,
775 4158 827 4208 in
851 4158 1085 4209 deterius
1108 4171 1327 4223 semper
1350 4158 1622 4209 mutavit.»

578 4237 707 4285 Tres
763 4235 965 4284 aetates
993 4282 1001 4289 ,
1028 4232 1115 4283 hic
1178 4234 1466 4294 memorat,
1536 4245 1626 4282 ar-

794 3047 848 3096 in
898 3058 1005 3108 quo
1050 3042 1178 3106 quid
1213 3044 1647 3115 reprehensione¹

1703 2970 1823 3022 948.
1874 2973 2104 3034 proluvie
2148 2973 2301 3037 larga
2341 2974 2508 3024 laven
2544 2974 2755 3024 mida

1700 3059 1865 3107 sava,
1899 3048 2122 3097 Hwnida
2150 3061 2287 3097 sava
2305 3061 2456 3110 super
2474 3048 2627 3098 viridi
2648 3049 2755 3098 stil-

1701 3120 1863 3170 lantia
1892 3134 2079 3171 musco.
2116 3121 2223 3172 Sed
2257 3121 2487 3171 eandem
2519 3116 2751 3183 ἀναφο-

1701 3190 1828 3265 ράν,
1864 3196 1924 3244 ιιι
1956 3196 2377 3245 consentaneum
2411 3199 2551 3255 erat,
2589 3208 2753 3245 usur-

1699 3269 1845 3331 pavit
1886 3269 1994 3317 iam
2036 3268 2316 3319 Homerica
2361 3270 2539 3333 poesis
2583 3270 2638 3319 in
2671 3270 2751 3319 si-

1700 3341 2008 3406 gnificandis
2040 3341 2208 3393 rebus
2225 3380 2237 3403 ,
2291 3342 2487 3406 quibus
2530 3344 2753 3406 propter

1699 3413 2129 3480 qualemcunque
2164 3427 2382 3466 causam
2416 3428 2570 3467 mens
2611 3422 2751 3480 poe·-

1699 3493 1785 3541 tae
1832 3491 2174 3549 immoratur,
2224 3494 2282 3540 ut
2314 3488 2459 3540 Iliad.
2495 3487 2567 3551 β,
2620 3490 2748 3540 674;

1698 3561 1929 3635 Νιρεύς,
1982 3567 2082 3613 ter.
2121 3564 2312 3627 Odyss.
2350 3579 2418 3623 α,
2466 3564 2556 3613 22:
2605 3558 2747 3613 Ἀλλ·

1699 3634 1734 3688 ὁ
1767 3638 1875 3703 μὲν
1898 3637 2182 3700 Αἰθίοπας
2211 3637 2520 3702 μετεκίαθε
2543 3633 2747 3703 τηλόθ’

1698 3709 1931 3775 ἐόντας,
1965 3710 2279 3774 Αἰθίοπας,
2313 3713 2406 3761 τοὶ
2439 3708 2615 3771 διχθὰ
2652 3709 2751 3762 δε-

1697 3784 1958 3848 δαίαται,
2027 3780 2269 3846 εσχατοι
2335 3780 2574 3873 ἀνδρῶν.
2661 3787 2752 3837 Sic

1697 3862 1919 3911 Theocr.
1965 3860 2055 3922 43,
2110 3861 2192 3911 60.
2240 3861 2334 3911 64ε
2400 3854 2699 3927 ηυγένειος
2719 3888 2754 3900 -

1697 3934 1805 3998 λῖς,
1840 3929 2166 4001 ὠμοφάγος
2199 3933 2302 3997 λῖς.
2341 3934 2552 3998 (Dehinc
2583 3934 2756 3998 bisyl-

1697 4010 1908 4073 labum,
1953 4012 2013 4060 ut
2044 4012 2105 4060 A.
2132 4012 2188 4059 P.
2224 4008 2335 4061 ⁴44.
2373 4011 2515 4073 virg.
2555 4012 2649 4060 Ge.
2685 4010 2748 4071 3,

1700 4086 1813 4136 467.
1854 4088 1907 4136 et
1946 4083 2107 4142 alibi.)
2164 4085 2307 4135 Haec
2356 4088 2539 4135 autem
2588 4083 2752 4135 lectio

1698 4159 1863 4211 refert
1916 4160 2154 4211 animum
2212 4160 2543 4210 commotum
2565 4196 2577 4219 ‚
2639 4172 2753 4221 quo

1698 4236 1855 4298 poeta
1890 4234 2158 4284 intueatur
2180 4233 2389 4296 generis
2412 4233 2633 4282 humani
2655 4232 2755 4281 de-
