3234 4975
643 380 766 445 242

1408 379 1662 428 ΗΟΒΑΤΙΙ
1699 379 2037 431 ΟΑΒΜΙΝΠΜ

978 534 1294 599 Barbaras
1339 517 1599 622 Syrtes,
1648 532 1758 598 ubi
1805 535 2025 599 Maura
2070 554 2330 619 semper

1234 657 1496 720 Aestuat
1538 653 1740 729 unda,

975 813 1169 880 Tibur
1211 815 1421 900 Argeo
1464 814 1744 900 positum
1790 812 2019 879 colono

976 934 1069 1000 Sit
1114 955 1295 1000 meae
1341 933 1535 1000 sedes
1580 934 1823 999 utinam
1867 945 2204 1009 senectae,

978 1056 1071 1122 S1t
1114 1054 1345 1121 modus
1389 1054 1562 1120 lasso
1607 1054 1803 1120 maris
1849 1066 1912 1119 et
1955 1054 2205 1120 viarum

1223 1174 1608 1262 Militiaeque
1629 1176 1640 1238 ἒ

761 1376 807 1425 3.
845 1377 996 1437 syrtis
1028 1375 1160 1424 BST.

628 1554 807 1602 cti-teia
838 1554 907 1602 ad
939 1566 1022 1602 eos
1055 1566 1208 1601 arma
1239 1551 1493 1601 transtulit
1506 1563 1677 1611 popu—

627 1628 826 1688 lumque
872 1627 1146 1676 barbarwn
1179 1639 1241 1674 ac
1284 1626 1450 1688 sertem
1490 1623 1677 1687 legibus

626 1703 695 1750 ad
734 1701 995 1751 mutierem
1036 1702 1169 1749 vitae
1212 1713 1357 1748 usum
1388 1700 1676 1747 waducmm

626 1777 679 1825 in
698 1776 919 1838 sormam
944 1774 1240 1837 provinciae
1260 1772 1464 1835 rodeqit.
1523 1773 1676 1833 (Can-

626 1849 902 1900 tabrorum
938 1862 1051 1909 res,
1102 1851 1365 1910 quatenus
1400 1845 1469 1895 ad
1504 1847 1674 1897 Hora-

625 1925 757 1974 tium
792 1926 1060 1987 spectant,
1111 1919 1388 1983 diligenter
1430 1921 1675 1983 exposuit

626 1999 777 2048 Estre
812 1998 935 2046 Hor.
972 1999 1057 2046 Pr.
1095 2009 1149 2059 p.
1178 1994 1290 2045 ΗΟ.
1319 1994 1516 2043 Eorum
1540 1996 1676 2044 tam-

625 2084 788 2134 quam
810 2071 1042 2121 hostium
1065 2071 1264 2119 mentio
1285 2067 1425 2133 apud
1447 2069 1673 2120 Dionem

626 2148 680 2196 5⁴
708 2185 719 2206 ,
756 2146 840 2194 ΞΟ.
875 2145 1110 2208 primum
1144 2144 1203 2194 fit
1237 2157 1286 2194 a.
1323 2158 1376 2193 u.
1415 2143 1550 2207 725.)

689 2221 736 2270 3.
775 2219 825 2269 4.
884 2218 1144 2269 Barbaros
1194 2217 1380 2280 Syrtes]
1433 2218 1519 2266 Sic
1566 2218 1671 2267 iam

624 2294 735 2344 Val.
776 2295 886 2344 Cat.
924 2294 1031 2343 Dir.
1069 2292 1159 2343 53:
1201 2292 1440 2342 Barbara
1472 2292 1674 2341 dicatur

621 2369 827 2429 Libyco,
853 2381 999 2417 soror
1019 2367 1186 2416 altera
1207 2367 1386 2426 Syrtis.
1426 2365 1675 2416 Similiter

624 2444 763 2506 Virg.
798 2444 929 2492 Aen.
966 2440 1025 2503 4,
1066 2441 1153 2493 4⁴:
1202 2442 1451 2503 inhospita
1488 2441 1668 2502 Syrtis.

622 2519 806 2582 Pomp.
829 2516 961 2569 Mela
985 2519 1035 2576 2,
1061 2518 1108 2574 7,
1138 2517 1158 2565 4
1185 2531 1196 2564 :
1234 2517 1399 2578 Syrtis
1414 2517 1552 2566 sinu-s
1572 2517 1673 2565 im-

614 2598 851 2654 petuosus
895 2597 941 2642 et
986 2597 1156 2641 atrox.
1227 2590 1355 2641 Plin.
1404 2591 1466 2640 H.
1512 2592 1572 2640 N.
1611 2591 1669 2651 5,

621 2665 676 2716 4:
727 2668 864 2715 sinus
896 2666 1119 2730 pominus
1161 2666 1380 2715 duam
1422 2665 1669 2726 Syrtium,

617 2743 804 2791 vadoso
859 2754 922 2789 ac
982 2741 1238 2802 reciproco
1304 2740 1441 2790 mari
1508 2740 1670 2796 diros;

620 2816 779 2866 bodie
823 2816 892 2865 los
921 2816 1076 2879 potres
1118 2816 1177 2864 do
1211 2815 1381 2875 spara
1419 2819 1465 2863 et
1499 2815 1557 2863 de
1592 2815 1674 2863 Ga

620 2889 708 2938 bis.
762 2888 1130 2951 (Walckenaer
1162 2890 1199 2938 Ι.
1234 2901 1286 2952 p.
1314 2888 1448 2950 272.)
1489 2914 1545 2923 -
1580 2887 1674 2937 Ao—

620 2963 769 3027 stuat]
806 2964 859 3012 h.
898 2962 933 3013 l.
971 2976 1079 3013 non
1115 2962 1184 3012 de
1219 2962 1421 3022 calore,
1470 2961 1566 3012 sed
1601 2961 1670 3010 de

623 3035 835 3087 turbido
869 3036 1130 3086 fluctuum
1164 3040 1338 3096 motu,
1384 3049 1549 3099 quem
1573 3034 1672 3084 de-

621 3109 809 3160 scribit
840 3108 1095 3160 Salustius
1130 3112 1236 3174 lug.
1275 3111 1356 3161 78.

687 3186 735 3234 5.
775 3186 951 3234 Nexus
986 3184 1124 3235 inter
1157 3186 1434 3248 stropham
1467 3185 1514 3234 4.
1543 3185 1597 3234 et
1619 3185 1667 3235 2.

622 3262 709 3310 hic
743 3271 865 3308 esse
898 3258 1137 3308 videtur:
1194 3258 1406 3308 «Probe
1450 3257 1673 3321 quidem

622 3335 744 3385 novi
779 3336 831 3383 te
856 3337 965 3384 tam
997 3334 1179 3384 intima
1202 3346 1419 3384 mecum
1442 3333 1672 3382 amicitia

623 3410 967 3460 coniunctum
1010 3422 1160 3470 esse,
1213 3410 1295 3468 ut,
1345 3420 1583 3470 unquam
1627 3407 1671 3456 si

624 3496 759 3548 opus
794 3483 956 3544 soret,
1011 3481 1095 3533 vel
1138 3483 1368 3533 maxime
1415 3481 1673 3533 barbaras

623 3558 769 3609 orbis
827 3560 1089 3609 terrarum
1154 3557 1400 3618 regiones
1454 3567 1673 3606 mecum

624 3632 865 3683 aditurus
901 3645 1081 3682 esses:
1118 3643 1309 3680 verum
1343 3634 1469 3694 opto
1500 3632 1559 3679 ut
1580 3643 1675 3694 po-

625 3709 727 3758 tius
768 3708 822 3757 in
868 3719 1097 3756 amoeno
1142 3704 1319 3768 aliquo
1353 3703 1528 3754 Italiae
1564 3709 1674 3755 tra-

625 3785 742 3840 ctu,
796 3780 1095 3831 cuiusmodi
1139 3779 1303 3829 Tibur
1347 3781 1431 3829 est
1474 3792 1539 3829 ae
1572 3780 1675 3829 Ta-

626 3857 867 3915 rentum,
920 3853 1075 3905 nobis
1119 3851 1403 3916 aliquando
1436 3865 1542 3903 una
1576 3853 1677 3903 de-

625 3942 753 3992 gere
779 3932 833 3979 et
864 3941 1257 3979 consenescere
1288 3927 1465 3989 liceat,
1503 3941 1676 3992 usque

1749 1551 1948 1613 optime
1985 1549 2309 1613 explicatur,
2351 1553 2522 1614 quod,
2560 1554 2797 1616 quando-

1748 1637 1960 1687 cunque
2019 1625 2067 1673 ei
2123 1624 2399 1688 placebat,
2469 1626 2539 1676 ibi
2597 1627 2795 1690 degere

1748 1699 1960 1760 poterat
2002 1699 2056 1748 in
2099 1697 2216 1748 villa
2265 1698 2440 1762 aliqua
2474 1702 2796 1751 Maecenatis

1746 1771 1832 1821 vel
1865 1770 1997 1822 alius
2020 1774 2206 1833 amici,
2245 1774 2336 1836 qui
2361 1774 2716 1826 diversorium
2739 1775 2798 1827 li-

1745 1845 1941 1895 benter
1973 1847 2022 1895 ei
2045 1846 2393 1909 praebebant.
2455 1847 2551 1899 Alii
2577 1852 2796 1913 opinan-

1745 1922 1848 1980 tur,
1890 1921 2164 1971 Horatium
2188 1921 2381 1971 Tibure
2418 1923 2670 1974 babuisse
2695 1926 2796 1975 ha-

1745 1993 2061 2044 bitationem
2093 1995 2414 2046 conductam
2457 1998 2792 2063 (mathew-'sk

1746 2069 1893 2117 certe
1936 2066 2114 2118 villam
2154 2068 2481 2122 Tiburtinam
2521 2085 2794 2136 nunquam

1744 2140 1930 2190 habuit
1983 2142 2108 2204 (etsi
2159 2143 2213 2191 id
2264 2143 2423 2193 tradit
2471 2149 2627 2197 vetus
2680 2149 2794 2198 eius

1744 2216 1881 2267 vitae
1939 2216 2168 2280 scriptor
2216 2217 2469 2281 idemque
2520 2225 2797 2271 asseverat

1743 2288 2096 2339 Walckenaer
2139 2293 2178 2340 1.
2222 2305 2276 2355 p.
2326 2294 2489 2355 270),
2536 2296 2633 2345 sed
2676 2298 2794 2345 uni-

1744 2376 1859 2413 cum
1907 2365 2154 2415 Sabinum
2212 2367 2342 2429 (Od.
2389 2369 2446 2428 2,
2503 2369 2593 2429 ⁴8,
2651 2369 2791 2434 ⁴4.);

1747 2439 1895 2488 cuius
1929 2439 2149 2502 quidem
2182 2443 2511 2493 mentionem
2550 2444 2636 2494 hic
2674 2445 2794 2495 ideo

1746 2527 1851 2563 non
1904 2514 2054 2574 facit,
2114 2516 2237 2579 quia
2287 2520 2510 2580 propter
2555 2521 2794 2582 poeticas

1745 2589 1977 2638 rationes
2028 2588 2183 2652 longe
2235 2592 2573 2643 amoeniores
2617 2593 2793 2645 ltaliae

1745 2664 1990 2725 regiones
2014 2663 2323 2715 describere
2346 2667 2672 2730 praestabat,
2700 2669 2792 2718 ubi

1745 2738 1942 2799 gratius
1976 2740 2120 2788 esset
2153 2738 2387 2789 futurum
2422 2741 2595 2791 amico
2620 2742 2794 2793 domi-

1745 2810 1949 2872 cilium,
1988 2825 2151 2874 quam
2186 2814 2238 2862 in
2272 2817 2476 2877 asperis
2512 2814 2610 2866 illis
2645 2830 2796 2867 mon-

1745 2885 1887 2936 tibus
1923 2885 2147 2937 Sabinis.
2207 2890 2379 2950 Atque
2415 2890 2656 2950 omnino,
2702 2892 2794 2954 qui

1744 2961 1800 3009 in
1832 2960 1937 3009 hoc
1968 2959 2088 3010 loco
2121 2962 2292 3011 tricati
2320 2965 2461 3025 sunt,
2499 2964 2642 3013 haud
2666 2967 2795 3016 satis

1744 3033 2111 3095 attenderunt,
2152 3037 2321 3086 totum
2354 3036 2458 3086 hoc
2493 3051 2613 3088 esse
2648 3043 2798 3103 opta-

1745 3110 1861 3157 tum
1895 3119 2046 3157 mere
2090 3110 2390 3172 poeticum,
2437 3112 2582 3175 quod
2625 3111 2795 3162 semel

1746 3182 2032 3245 concipere
2065 3185 2274 3246 poterat
2308 3185 2467 3235 etiam
2503 3185 2682 3236 Sabini
2705 3185 2797 3236 ali·

1746 3256 1897 3306 cuius
1943 3269 2238 3320 possessor.
2282 3285 2337 3295 —-
2373 3259 2554 3324 Arqeo]
2591 3262 2792 3310 Graeca

1746 3331 1916 3381 forma
1946 3325 2186 3400 Ἀργείῳ.
2245 3333 2393 3383 Cons.
2445 3335 2694 3385 Priscian.
2733 3336 2791 3394 2,

1744 3406 1794 3466 8,
1833 3405 1914 3456 45.
1985 3408 2099 3456 Non
2135 3409 2246 3467 est,
2295 3421 2392 3457 cur
2432 3410 2614 3458 contra
2656 3410 2796 3472 opti-

1746 3492 1866 3529 mos
1901 3484 2111 3531 nostros
2146 3485 2201 3531 et
2236 3481 2453 3533 Bentleii
2490 3482 2658 3533 Codd.
2684 3480 2796 3532 vol-

1745 3567 1929 3616 garem
1953 3554 2239 3606 lectionem
2261 3556 2471 3607 Codicis
2494 3556 2675 3606 Biand.
2703 3570 2795 3606 an-

1745 3628 2027 3692 tiquissimi
2056 3630 2243 3693 Aryivo
2280 3631 2666 3694 praeferamus.
2715 3632 2794 3680 De

1745 3717 1804 3753 re
1852 3703 1947 3753 cfr.
1986 3704 2082 3754 Od.
2127 3706 2182 3766 ⁴,
2222 3706 2310 3765 ⁴8,
2352 3706 2399 3758 2.
2458 3734 2513 3741 -
2555 3705 2792 3769 positum

1747 3778 2047 3840 conditum,
2102 3782 2160 3828 ut
2191 3779 2332 3842 virg.
2385 3781 2516 3830 Aen.
2555 3779 2616 3840 4,
2662 3780 2784 3829 2⁴2:

1747 3853 1920 3903 urbem
1953 3881 1984 3891 -
2013 3882 2026 3890 -
2065 3855 2250 3916 posuit.
2321 3853 2472 3903 ovid.
2527 3855 2649 3905 Met.
2703 3852 2792 3912 ⁴2,

1748 3929 1874 3979 587:
1910 3929 2068 3979 Irrita
2100 3929 2187 3990 qm·
2219 3942 2413 3978 mecum
2425 3929 2640 3991 posuisti
2657 3940 2796 3977 moe-

627 4006 759 4055 dum
782 4005 838 4053 tu
860 4004 991 4053 mihi
1013 4005 1288 4068 superstes
1310 4016 1398 4054 me
1418 4002 1680 4066 sepelien-
1747 4005 1839 4053 nia
1873 4004 2064 4054 Troiae.

628 4079 758 4128 dum
781 4090 993 4128 cures»
1038 4076 1144 4128 Ci'r.
1171 4077 1304 4128 inira
1331 4077 1416 4141 (ad
1439 4090 1488 4126 v.
1510 4077 1577 4140 9.)
1602 4076 1681 4127 lo-

1816 4079 1865 4127 6.
1902 4077 2136 4141 smectae]
2184 4078 2488 4127 «Senectuti
2535 4089 2687 4127 meae
2723 4075 2796 4124 ibi

628 4166 755 4203 eum
779 4165 844 4203 ex
868 4153 997 4216 Epp.
1028 4153 1084 4212 4,
1111 4153 1171 4214 7,
1198 4152 1279 4204 44.
1319 4152 1470 4212 Quod
1494 4155 1676 4203 autem
1751 4153 1819 4202 sit
1851 4156 2095 4216 paratum
2128 4152 2442 4215 refugium.»
2479 4153 2538 4201 V.
2576 4156 2799 4201 senectae

628 4232 738 4278 tam
751 4241 914 4292 saepe
929 4227 1507 4287 Tibureommemorat,
1529 4240 1596 4277 ex
1609 4240 1676 4276 eo
1750 4227 1996 4290 accipere
2032 4240 2157 4277 casu
2194 4226 2349 4277 tertio
2386 4227 2638 4292 praestat.
