<?xml version="1.0" encoding="UTF-8"?>
<!DOCTYPE html PUBLIC "-//W3C//DTD XHTML 1.0 Transitional//EN"
    "http://www.w3.org/TR/xhtml1/DTD/xhtml1-transitional.dtd">
<html xmlns="http://www.w3.org/1999/xhtml" xml:lang="en" lang="en">
 <head>
  <title>
</title>
<meta http-equiv="Content-Type" content="text/html;charset=utf-8" />
  <meta name='ocr-system' content='tesseract 3.04.00' />
  <meta name='ocr-capabilities' content='ocr_page ocr_carea ocr_par ocr_line ocrx_word'/>
</head>
<body>
  <div class='ocr_page' id='page_1' title='image "./qhoratiusflaccu05baitgoog_0760.png"; bbox 0 0 3234 4975; ppageno 0'>
   <div class='ocr_carea' id='block_1_1' title="bbox 643 359 764 423">
    <p class='ocr_par' dir='ltr' id='par_1_1' title="bbox 643 359 764 423">
     <span class='ocr_line' id='line_1_1' title="bbox 643 359 764 423; baseline -0.008 -1"><span class='ocrx_word' id='word_1_1' title='bbox 643 359 764 423; x_wconf 74' lang='lat'>728</span> 
     </span>
    </p>
   </div>
   <div class='ocr_carea' id='block_1_2' title="bbox 1443 361 1995 411">
    <p class='ocr_par' dir='ltr' id='par_1_2' title="bbox 1443 361 1995 411">
     <span class='ocr_line' id='line_1_2' title="bbox 1443 361 1995 411; baseline 0 -1"><span class='ocrx_word' id='word_1_2' title='bbox 1443 361 1701 411; x_wconf 79' lang='grc' dir='ltr'>ΗΟΒΑΤΙῘ</span> <span class='ocrx_word' id='word_1_3' title='bbox 1739 361 1995 410; x_wconf 84' lang='lat' dir='ltr'>EPODON</span> 
     </span>
    </p>
   </div>
   <div class='ocr_carea' id='block_1_3' title="bbox 721 512 2411 845">
    <p class='ocr_par' dir='ltr' id='par_1_3' title="bbox 721 512 2411 845">
     <span class='ocr_line' id='line_1_3' title="bbox 725 512 2343 600; baseline 0.001 -20"><span class='ocrx_word' id='word_1_4' title='bbox 725 513 908 580; x_wconf 87' lang='lat' dir='ltr'>Nulla</span> <span class='ocrx_word' id='word_1_5' title='bbox 955 515 1036 578; x_wconf 86' lang='lat' dir='ltr'>sit</span> <span class='ocrx_word' id='word_1_6' title='bbox 1079 512 1198 580; x_wconf 92' lang='lat' dir='ltr'>hac</span> <span class='ocrx_word' id='word_1_7' title='bbox 1244 514 1455 600; x_wconf 83' lang='lat' dir='ltr'>potior</span> <span class='ocrx_word' id='word_1_8' title='bbox 1498 516 1846 588; x_wconf 83' lang='lat' dir='ltr'>sententia,</span> <span class='ocrx_word' id='word_1_9' title='bbox 1898 514 2343 582; x_wconf 82' lang='lat' dir='ltr'><strong>Phocaeorum</strong></span> 
     </span>
     <span class='ocr_line' id='line_1_4' title="bbox 807 633 1955 722; baseline 0.002 -24"><span class='ocrx_word' id='word_1_10' title='bbox 807 633 990 700; x_wconf 89' lang='lat' dir='ltr'>Velut</span> <span class='ocrx_word' id='word_1_11' title='bbox 1032 634 1308 722; x_wconf 79' lang='lat' dir='ltr'><strong>profugit</strong></span> <span class='ocrx_word' id='word_1_12' title='bbox 1350 646 1686 702; x_wconf 80' lang='lat' dir='ltr'>exsecrata</span> <span class='ocrx_word' id='word_1_13' title='bbox 1731 635 1955 703; x_wconf 86' lang='lat' dir='ltr'>civitas</span> 
     </span>
     <span class='ocr_line' id='line_1_5' title="bbox 721 755 2411 845; baseline 0.001 -24"><span class='ocrx_word' id='word_1_14' title='bbox 721 757 925 842; x_wconf 81' lang='lat' dir='ltr'>Agros</span> <span class='ocrx_word' id='word_1_15' title='bbox 969 765 1165 842; x_wconf 88' lang='lat' dir='ltr'>atque</span> <span class='ocrx_word' id='word_1_16' title='bbox 1212 756 1407 821; x_wconf 81' lang='lat' dir='ltr'><strong>Lares</strong></span> <span class='ocrx_word' id='word_1_17' title='bbox 1451 756 1696 843; x_wconf 88' lang='lat' dir='ltr'>patrios</span> <span class='ocrx_word' id='word_1_18' title='bbox 1738 755 2219 845; x_wconf 81' lang='lat' dir='ltr'>habitandaque</span> <span class='ocrx_word' id='word_1_19' title='bbox 2264 756 2411 823; x_wconf 80' lang='lat' dir='ltr'>fana</span> 
     </span>
    </p>
   </div>
   <div class='ocr_carea' id='block_1_4' title="bbox 804 874 2044 964">
    <p class='ocr_par' dir='ltr' id='par_1_4' title="bbox 804 874 2044 964">
     <span class='ocr_line' id='line_1_6' title="bbox 804 874 2044 964; baseline 0.001 -23"><span class='ocrx_word' id='word_1_20' title='bbox 804 875 992 963; x_wconf 81' lang='lat' dir='ltr'><strong>Apris</strong></span> <span class='ocrx_word' id='word_1_21' title='bbox 1037 874 1294 963; x_wconf 89' lang='lat' dir='ltr'>reliquit</span> <span class='ocrx_word' id='word_1_22' title='bbox 1336 886 1400 941; x_wconf 91' lang='lat' dir='ltr'>et</span> <span class='ocrx_word' id='word_1_23' title='bbox 1445 877 1792 964; x_wconf 86' lang='lat' dir='ltr'>rapacibus</span> <span class='ocrx_word' id='word_1_24' title='bbox 1837 876 2044 964; x_wconf 88' lang='lat' dir='ltr'>lupis,</span> 
     </span>
    </p>
   </div>
   <div class='ocr_carea' id='block_1_5' title="bbox 2728 878 2814 942">
    <p class='ocr_par' dir='ltr' id='par_1_5' title="bbox 2728 878 2814 942">
     <span class='ocr_line' id='line_1_7' title="bbox 2728 878 2814 942; baseline -0.012 0"><span class='ocrx_word' id='word_1_25' title='bbox 2728 878 2814 942; x_wconf 74' lang='lat'>20</span> 
     </span>
    </p>
   </div>
   <div class='ocr_carea' id='block_1_6' title="bbox 721 996 2696 1326">
    <p class='ocr_par' dir='ltr' id='par_1_6' title="bbox 721 996 2696 1326">
     <span class='ocr_line' id='line_1_8' title="bbox 721 996 2654 1086; baseline 0.001 -25"><span class='ocrx_word' id='word_1_26' title='bbox 721 998 821 1062; x_wconf 91' lang='lat' dir='ltr'>Ire</span> <span class='ocrx_word' id='word_1_27' title='bbox 867 997 1072 1083; x_wconf 91' lang='lat' dir='ltr'>pedes</span> <span class='ocrx_word' id='word_1_28' title='bbox 1117 1017 1511 1085; x_wconf 90' lang='lat' dir='ltr'>quocunque</span> <span class='ocrx_word' id='word_1_29' title='bbox 1558 996 1792 1074; x_wconf 80' lang='lat' dir='ltr'>serent,</span> <span class='ocrx_word' id='word_1_30' title='bbox 1842 1019 2236 1086; x_wconf 85' lang='lat' dir='ltr'>quocunque</span> <span class='ocrx_word' id='word_1_31' title='bbox 2282 1020 2402 1085; x_wconf 90' lang='lat' dir='ltr'>per</span> <span class='ocrx_word' id='word_1_32' title='bbox 2445 997 2654 1064; x_wconf 91' lang='lat' dir='ltr'>undas</span> 
     </span>
     <span class='ocr_line' id='line_1_9' title="bbox 806 1116 2158 1204; baseline 0 -21"><span class='ocrx_word' id='word_1_33' title='bbox 806 1120 1008 1183; x_wconf 91' lang='lat' dir='ltr'>Notus</span> <span class='ocrx_word' id='word_1_34' title='bbox 1055 1116 1311 1183; x_wconf 84' lang='lat' dir='ltr'>vocabit</span> <span class='ocrx_word' id='word_1_35' title='bbox 1354 1127 1464 1183; x_wconf 90' lang='lat' dir='ltr'>aut</span> <span class='ocrx_word' id='word_1_36' title='bbox 1506 1128 1848 1204; x_wconf 88' lang='lat' dir='ltr'>protervus</span> <span class='ocrx_word' id='word_1_37' title='bbox 1892 1118 2158 1186; x_wconf 80' lang='lat' dir='ltr'>Africus.</span> 
     </span>
     <span class='ocr_line' id='line_1_10' title="bbox 722 1237 2696 1326; baseline 0.001 -22"><span class='ocrx_word' id='word_1_38' title='bbox 722 1240 828 1304; x_wconf 91' lang='lat' dir='ltr'>Sic</span> <span class='ocrx_word' id='word_1_39' title='bbox 856 1237 1116 1325; x_wconf 77' lang='lat' dir='ltr'>placet?</span> <span class='ocrx_word' id='word_1_40' title='bbox 1159 1258 1241 1303; x_wconf 89' lang='lat' dir='ltr'>an</span> <span class='ocrx_word' id='word_1_41' title='bbox 1271 1237 1502 1304; x_wconf 93' lang='lat' dir='ltr'>melius</span> <span class='ocrx_word' id='word_1_42' title='bbox 1530 1239 1680 1326; x_wconf 87' lang='lat' dir='ltr'>quis</span> <span class='ocrx_word' id='word_1_43' title='bbox 1711 1238 1903 1305; x_wconf 90' lang='lat' dir='ltr'>habet</span> <span class='ocrx_word' id='word_1_44' title='bbox 1929 1238 2209 1306; x_wconf 91' lang='lat' dir='ltr'>suadere</span> <span class='ocrx_word' id='word_1_45' title='bbox 2230 1240 2264 1303; x_wconf 65' lang='grc' dir='ltr'>*Ρ</span> <span class='ocrx_word' id='word_1_46' title='bbox 2285 1278 2372 1289; x_wconf 91' lang='grc'>-</span> <span class='ocrx_word' id='word_1_47' title='bbox 2396 1239 2696 1306; x_wconf 87' lang='lat' dir='ltr'>Secunda</span> 
     </span>
    </p>
   </div>
   <div class='ocr_carea' id='block_1_7' title="bbox 703 1435 2745 1649">
    <p class='ocr_par' dir='ltr' id='par_1_7' title="bbox 703 1435 2745 1649">
     <span class='ocr_line' id='line_1_11' title="bbox 769 1435 2745 1502; baseline 0.001 -16"><span class='ocrx_word' id='word_1_48' title='bbox 769 1436 849 1486; x_wconf 88' lang='grc'>49.</span> <span class='ocrx_word' id='word_1_49' title='bbox 879 1438 1118 1502; x_wconf 76' lang='lat' dir='ltr'>proprios</span> <span class='ocrx_word' id='word_1_50' title='bbox 1150 1435 1314 1488; x_wconf 84' lang='lat' dir='ltr'>Aldus</span> <span class='ocrx_word' id='word_1_51' title='bbox 1348 1438 1531 1486; x_wconf 88' lang='lat' dir='ltr'>contra</span> <span class='ocrx_word' id='word_1_52' title='bbox 1567 1435 1735 1486; x_wconf 90' lang='lat' dir='ltr'>Codd.</span> <span class='ocrx_word' id='word_1_53' title='bbox 1784 1449 1935 1487; x_wconf 89' lang='lat' dir='ltr'>meos</span> <span class='ocrx_word' id='word_1_54' title='bbox 1982 1439 2036 1486; x_wconf 88' lang='lat' dir='ltr'>et</span> <span class='ocrx_word' id='word_1_55' title='bbox 2068 1435 2162 1486; x_wconf 88' lang='lat' dir='ltr'>Ed.</span> <span class='ocrx_word' id='word_1_56' title='bbox 2200 1436 2332 1486; x_wconf 84' lang='lat' dir='ltr'>Ven.</span> <span class='ocrx_word' id='word_1_57' title='bbox 2373 1435 2517 1487; x_wconf 81' lang='grc'>4484.</span> <span class='ocrx_word' id='word_1_58' title='bbox 2557 1437 2745 1500; x_wconf 89' lang='lat' dir='ltr'>(Ober-</span> 
     </span>
     <span class='ocr_line' id='line_1_12' title="bbox 705 1510 2741 1574; baseline 0.001 -14"><span class='ocrx_word' id='word_1_59' title='bbox 705 1510 839 1561; x_wconf 86' lang='lat' dir='ltr'>linus</span> <span class='ocrx_word' id='word_1_60' title='bbox 874 1514 930 1561; x_wconf 89' lang='lat' dir='ltr'>et</span> <span class='ocrx_word' id='word_1_61' title='bbox 962 1511 1275 1570; x_wconf 87' lang='lat' dir='ltr'>Pottierius‚</span> <span class='ocrx_word' id='word_1_62' title='bbox 1315 1511 1407 1574; x_wconf 86' lang='lat' dir='ltr'>qui</span> <span class='ocrx_word' id='word_1_63' title='bbox 1439 1512 1721 1560; x_wconf 84' lang='lat' dir='ltr'>servarunt</span> <span class='ocrx_word' id='word_1_64' title='bbox 1744 1510 2017 1572; x_wconf 77' lang='lat' dir='ltr'>proprios,</span> <span class='ocrx_word' id='word_1_65' title='bbox 2069 1510 2137 1560; x_wconf 89' lang='lat' dir='ltr'>de</span> <span class='ocrx_word' id='word_1_66' title='bbox 2173 1511 2284 1561; x_wconf 88' lang='lat' dir='ltr'>suis</span> <span class='ocrx_word' id='word_1_67' title='bbox 2320 1510 2487 1561; x_wconf 89' lang='lat' dir='ltr'>Codd.</span> <span class='ocrx_word' id='word_1_68' title='bbox 2532 1513 2741 1570; x_wconf 85' lang='lat' dir='ltr'>taceut;</span> 
     </span>
     <span class='ocr_line' id='line_1_13' title="bbox 703 1583 2743 1649; baseline 0 -14"><span class='ocrx_word' id='word_1_69' title='bbox 703 1598 805 1635; x_wconf 89' lang='lat' dir='ltr'>nec</span> <span class='ocrx_word' id='word_1_70' title='bbox 838 1585 1133 1649; x_wconf 83' lang='lat' dir='ltr'>quidquam</span> <span class='ocrx_word' id='word_1_71' title='bbox 1166 1586 1235 1635; x_wconf 89' lang='lat' dir='ltr'>de</span> <span class='ocrx_word' id='word_1_72' title='bbox 1270 1585 1373 1634; x_wconf 86' lang='lat' dir='ltr'>hac</span> <span class='ocrx_word' id='word_1_73' title='bbox 1405 1597 1517 1633; x_wconf 85' lang='lat' dir='ltr'>var.</span> <span class='ocrx_word' id='word_1_74' title='bbox 1554 1583 1859 1647; x_wconf 86' lang='lat' dir='ltr'>Bentleius.)</span> <span class='ocrx_word' id='word_1_75' title='bbox 1902 1614 1956 1621; x_wconf 89' lang='lat'>-</span> <span class='ocrx_word' id='word_1_76' title='bbox 2016 1586 2098 1634; x_wconf 72' lang='lat'>2⁴.</span> <span class='ocrx_word' id='word_1_77' title='bbox 2134 1585 2302 1647; x_wconf 59' lang='lat' dir='ltr'>ferunt</span> <span class='ocrx_word' id='word_1_78' title='bbox 2335 1584 2498 1646; x_wconf 85' lang='lat' dir='ltr'>bSTc,</span> <span class='ocrx_word' id='word_1_79' title='bbox 2524 1588 2585 1635; x_wconf 81' lang='lat' dir='ltr'>Lt</span> <span class='ocrx_word' id='word_1_80' title='bbox 2622 1587 2743 1648; x_wconf 85' lang='lat' dir='ltr'>(non</span> 
     </span>
    </p>
   </div>
   <div class='ocr_carea' id='block_1_8' title="bbox 703 1660 1272 1722">
    <p class='ocr_par' dir='ltr' id='par_1_8' title="bbox 703 1660 1272 1722">
     <span class='ocr_line' id='line_1_14' title="bbox 703 1660 1272 1722; baseline 0 -13"><span class='ocrx_word' id='word_1_81' title='bbox 703 1660 767 1717; x_wconf 85' lang='lat' dir='ltr'>B,</span> <span class='ocrx_word' id='word_1_82' title='bbox 806 1660 873 1720; x_wconf 84' lang='lat' dir='ltr'>C,</span> <span class='ocrx_word' id='word_1_83' title='bbox 913 1660 1113 1722; x_wconf 58' lang='lat' dir='ltr'>Banu„</span> <span class='ocrx_word' id='word_1_84' title='bbox 1149 1661 1272 1722; x_wconf 73' lang='lat' dir='ltr'>Fu).</span> 
     </span>
    </p>
   </div>
   <div class='ocr_carea' id='block_1_9' title="bbox 636 1833 1693 4287">
    <p class='ocr_par' dir='ltr' id='par_1_9' title="bbox 636 1833 1687 2046">
     <span class='ocr_line' id='line_1_15' title="bbox 637 1833 1687 1901; baseline 0.004 -16"><span class='ocrx_word' id='word_1_85' title='bbox 637 1833 800 1898; x_wconf 79' lang='grc' dir='ltr'><strong><em>ὅοσις</em></strong></span> <span class='ocrx_word' id='word_1_86' title='bbox 831 1838 986 1887; x_wconf 79' lang='lat' dir='ltr'>Nulla</span> <span class='ocrx_word' id='word_1_87' title='bbox 1017 1838 1080 1887; x_wconf 77' lang='lat' dir='ltr'>stt</span> <span class='ocrx_word' id='word_1_88' title='bbox 1111 1838 1206 1887; x_wconf 75' lang='lat' dir='ltr'>hac</span> <span class='ocrx_word' id='word_1_89' title='bbox 1239 1839 1413 1901; x_wconf 75' lang='lat' dir='ltr'>potior</span> <span class='ocrx_word' id='word_1_90' title='bbox 1442 1840 1687 1889; x_wconf 65' lang='lat' dir='ltr'>marutia</span> 
     </span>
     <span class='ocr_line' id='line_1_16' title="bbox 638 1909 1685 1982; baseline 0.004 -22"><span class='ocrx_word' id='word_1_91' title='bbox 638 1910 851 1974; x_wconf 89' lang='lat' dir='ltr'>(quam)</span> <span class='ocrx_word' id='word_1_92' title='bbox 888 1912 997 1973; x_wconf 83' lang='lat' dir='ltr'>Ire,</span> <span class='ocrx_word' id='word_1_93' title='bbox 1057 1909 1119 1961; x_wconf 76' lang='grc' dir='ltr'>ἐν</span> <span class='ocrx_word' id='word_1_94' title='bbox 1168 1912 1507 1982; x_wconf 76' lang='grc' dir='ltr'><strong><em>παρενθέσει</em></strong></span> <span class='ocrx_word' id='word_1_95' title='bbox 1556 1914 1685 1963; x_wconf 76' lang='lat' dir='ltr'>Pho·</span> 
     </span>
     <span class='ocr_line' id='line_1_17' title="bbox 636 1985 1140 2046; baseline 0.002 -13"><span class='ocrx_word' id='word_1_96' title='bbox 636 1996 922 2034; x_wconf 73' lang='lat' dir='ltr'>cneorum-</span> <span class='ocrx_word' id='word_1_97' title='bbox 944 2011 974 2021; x_wconf 91' lang='lat'>-</span> <span class='ocrx_word' id='word_1_98' title='bbox 996 1985 1140 2046; x_wconf 73' lang='lat' dir='ltr'>lupis.</span> 
     </span>
    </p>

    <p class='ocr_par' dir='ltr' id='par_1_10' title="bbox 636 2059 1691 4287">
     <span class='ocr_line' id='line_1_18' title="bbox 704 2059 1686 2125; baseline 0.003 -18"><span class='ocrx_word' id='word_1_99' title='bbox 704 2059 878 2108; x_wconf 48' lang='lat'>⁴7³2.</span> <span class='ocrx_word' id='word_1_100' title='bbox 914 2060 1069 2109; x_wconf 79' lang='lat' dir='ltr'>Nulla</span> <span class='ocrx_word' id='word_1_101' title='bbox 1089 2059 1169 2121; x_wconf 74' lang='lat' dir='ltr'>sit]</span> <span class='ocrx_word' id='word_1_102' title='bbox 1208 2062 1418 2111; x_wconf 74' lang='lat' dir='ltr'>Poetico</span> <span class='ocrx_word' id='word_1_103' title='bbox 1454 2060 1686 2125; x_wconf 88' lang='lat' dir='ltr'>impulsu</span> 
     </span>
     <span class='ocr_line' id='line_1_19' title="bbox 638 2132 1682 2198; baseline 0.004 -17"><span class='ocrx_word' id='word_1_104' title='bbox 638 2132 964 2195; x_wconf 85' lang='lat' dir='ltr'>concitatus,</span> <span class='ocrx_word' id='word_1_105' title='bbox 1018 2135 1077 2183; x_wconf 90' lang='lat' dir='ltr'>ut</span> <span class='ocrx_word' id='word_1_106' title='bbox 1121 2148 1220 2198; x_wconf 89' lang='lat' dir='ltr'>per</span> <span class='ocrx_word' id='word_1_107' title='bbox 1252 2148 1313 2185; x_wconf 91' lang='lat' dir='ltr'>se</span> <span class='ocrx_word' id='word_1_108' title='bbox 1348 2133 1650 2197; x_wconf 76' lang='lat' dir='ltr'>intelligitur</span> <span class='ocrx_word' id='word_1_109' title='bbox 1671 2173 1682 2194; x_wconf 92' lang='lat'>‚</span> 
     </span>
     <span class='ocr_line' id='line_1_20' title="bbox 637 2206 1686 2260; baseline 0.005 -5"><span class='ocrx_word' id='word_1_110' title='bbox 637 2219 742 2255; x_wconf 92' lang='lat' dir='ltr'>non</span> <span class='ocrx_word' id='word_1_111' title='bbox 792 2206 935 2256; x_wconf 89' lang='lat' dir='ltr'>serio</span> <span class='ocrx_word' id='word_1_112' title='bbox 986 2207 1089 2258; x_wconf 86' lang='lat' dir='ltr'>hoc</span> <span class='ocrx_word' id='word_1_113' title='bbox 1134 2208 1445 2260; x_wconf 88' lang='lat' dir='ltr'>melioribus</span> <span class='ocrx_word' id='word_1_114' title='bbox 1481 2209 1686 2260; x_wconf 85' lang='lat' dir='ltr'>civibus</span> 
     </span>
     <span class='ocr_line' id='line_1_21' title="bbox 637 2279 1686 2333; baseline 0.004 -5"><span class='ocrx_word' id='word_1_115' title='bbox 637 2280 729 2328; x_wconf 87' lang='lat' dir='ltr'>dat</span> <span class='ocrx_word' id='word_1_116' title='bbox 752 2279 1029 2331; x_wconf 88' lang='lat' dir='ltr'>consilium</span> <span class='ocrx_word' id='word_1_117' title='bbox 1054 2283 1315 2333; x_wconf 79' lang='lat' dir='ltr'>Horatius.</span> <span class='ocrx_word' id='word_1_118' title='bbox 1361 2282 1686 2333; x_wconf 67' lang='lat' dir='ltr'>monendum</span> 
     </span>
     <span class='ocr_line' id='line_1_22' title="bbox 642 2357 1688 2422; baseline 0.003 -18"><span class='ocrx_word' id='word_1_119' title='bbox 642 2357 820 2406; x_wconf 89' lang='lat' dir='ltr'>tamen</span> <span class='ocrx_word' id='word_1_120' title='bbox 846 2359 961 2406; x_wconf 87' lang='lat' dir='ltr'>erat</span> <span class='ocrx_word' id='word_1_121' title='bbox 988 2359 1209 2421; x_wconf 89' lang='lat' dir='ltr'>propter</span> <span class='ocrx_word' id='word_1_122' title='bbox 1231 2371 1497 2422; x_wconf 89' lang='lat' dir='ltr'>nuperum</span> <span class='ocrx_word' id='word_1_123' title='bbox 1521 2370 1688 2420; x_wconf 88' lang='lat' dir='ltr'>quen·</span> 
     </span>
     <span class='ocr_line' id='line_1_23' title="bbox 641 2429 1684 2495; baseline 0.003 -16"><span class='ocrx_word' id='word_1_124' title='bbox 641 2429 767 2479; x_wconf 90' lang='lat' dir='ltr'>dam</span> <span class='ocrx_word' id='word_1_125' title='bbox 812 2431 1178 2495; x_wconf 81' lang='lat' dir='ltr'>interpretem.</span> <span class='ocrx_word' id='word_1_126' title='bbox 1233 2459 1286 2467; x_wconf 95' lang='lat'>—</span> <span class='ocrx_word' id='word_1_127' title='bbox 1332 2432 1684 2494; x_wconf 76' lang='lat' dir='ltr'>Phocaeorum]</span> 
     </span>
     <span class='ocr_line' id='line_1_24' title="bbox 640 2506 1684 2571; baseline 0.003 -17"><span class='ocrx_word' id='word_1_128' title='bbox 640 2506 776 2555; x_wconf 89' lang='lat' dir='ltr'>Cum</span> <span class='ocrx_word' id='word_1_129' title='bbox 798 2518 846 2554; x_wconf 89' lang='lat' dir='ltr'>a.</span> <span class='ocrx_word' id='word_1_130' title='bbox 880 2508 1002 2555; x_wconf 88' lang='lat' dir='ltr'>ante</span> <span class='ocrx_word' id='word_1_131' title='bbox 1029 2506 1151 2556; x_wconf 82' lang='lat' dir='ltr'>Chr.</span> <span class='ocrx_word' id='word_1_132' title='bbox 1179 2506 1293 2557; x_wconf 75' lang='lat'>534.</span> <span class='ocrx_word' id='word_1_133' title='bbox 1325 2506 1395 2556; x_wconf 92' lang='lat' dir='ltr'>ab</span> <span class='ocrx_word' id='word_1_134' title='bbox 1421 2508 1684 2571; x_wconf 80' lang='lat' dir='ltr'>Harpago,</span> 
     </span>
     <span class='ocr_line' id='line_1_25' title="bbox 639 2578 1686 2643; baseline 0.003 -15"><span class='ocrx_word' id='word_1_135' title='bbox 639 2580 764 2641; x_wconf 79' lang='lat' dir='ltr'>Cyri</span> <span class='ocrx_word' id='word_1_136' title='bbox 815 2578 981 2640; x_wconf 89' lang='lat' dir='ltr'>duce,</span> <span class='ocrx_word' id='word_1_137' title='bbox 1045 2581 1352 2643; x_wconf 78' lang='lat' dir='ltr'>gravissima</span> <span class='ocrx_word' id='word_1_138' title='bbox 1410 2580 1686 2631; x_wconf 88' lang='lat' dir='ltr'>obsidione</span> 
     </span>
     <span class='ocr_line' id='line_1_26' title="bbox 636 2655 1686 2716; baseline 0.004 -15"><span class='ocrx_word' id='word_1_139' title='bbox 636 2655 1041 2716; x_wconf 87' lang='lat' dir='ltr'>premerentur,</span> <span class='ocrx_word' id='word_1_140' title='bbox 1096 2666 1356 2704; x_wconf 88' lang='lat' dir='ltr'>concesso</span> <span class='ocrx_word' id='word_1_141' title='bbox 1391 2656 1549 2705; x_wconf 89' lang='lat' dir='ltr'>unius</span> <span class='ocrx_word' id='word_1_142' title='bbox 1582 2655 1686 2705; x_wconf 88' lang='lat' dir='ltr'>diei</span> 
     </span>
     <span class='ocr_line' id='line_1_27' title="bbox 640 2725 1686 2779; baseline 0.005 -5"><span class='ocrx_word' id='word_1_143' title='bbox 640 2725 709 2775; x_wconf 89' lang='lat' dir='ltr'>ad</span> <span class='ocrx_word' id='word_1_144' title='bbox 767 2725 1172 2777; x_wconf 88' lang='lat' dir='ltr'>deliberandum</span> <span class='ocrx_word' id='word_1_145' title='bbox 1230 2728 1296 2778; x_wconf 90' lang='lat' dir='ltr'>de</span> <span class='ocrx_word' id='word_1_146' title='bbox 1355 2727 1519 2779; x_wconf 89' lang='lat' dir='ltr'>rebus</span> <span class='ocrx_word' id='word_1_147' title='bbox 1573 2730 1686 2779; x_wconf 89' lang='lat' dir='ltr'>suis</span> 
     </span>
     <span class='ocr_line' id='line_1_28' title="bbox 639 2802 1687 2865; baseline 0.002 -15"><span class='ocrx_word' id='word_1_148' title='bbox 639 2802 837 2865; x_wconf 85' lang='lat' dir='ltr'>spatio,</span> <span class='ocrx_word' id='word_1_149' title='bbox 876 2815 972 2852; x_wconf 87' lang='lat' dir='ltr'>eos</span> <span class='ocrx_word' id='word_1_150' title='bbox 1007 2814 1292 2852; x_wconf 88' lang='lat' dir='ltr'>commune</span> <span class='ocrx_word' id='word_1_151' title='bbox 1327 2803 1567 2853; x_wconf 87' lang='lat' dir='ltr'>mutandi</span> <span class='ocrx_word' id='word_1_152' title='bbox 1590 2802 1687 2854; x_wconf 89' lang='lat' dir='ltr'>soli</span> 
     </span>
     <span class='ocr_line' id='line_1_29' title="bbox 639 2874 1689 2940; baseline 0.001 -15"><span class='ocrx_word' id='word_1_153' title='bbox 639 2875 793 2939; x_wconf 88' lang='lat' dir='ltr'>patrii</span> <span class='ocrx_word' id='word_1_154' title='bbox 835 2874 1110 2926; x_wconf 87' lang='lat' dir='ltr'>consilium</span> <span class='ocrx_word' id='word_1_155' title='bbox 1146 2877 1383 2940; x_wconf 84' lang='lat' dir='ltr'>cepisse,</span> <span class='ocrx_word' id='word_1_156' title='bbox 1431 2879 1554 2926; x_wconf 81' lang='lat' dir='ltr'>ante</span> <span class='ocrx_word' id='word_1_157' title='bbox 1589 2890 1689 2927; x_wconf 91' lang='lat' dir='ltr'>au-</span> 
     </span>
     <span class='ocr_line' id='line_1_30' title="bbox 639 2950 1686 3015; baseline 0.004 -16"><span class='ocrx_word' id='word_1_158' title='bbox 639 2952 750 2999; x_wconf 91' lang='lat' dir='ltr'>tem</span> <span class='ocrx_word' id='word_1_159' title='bbox 807 2962 970 3013; x_wconf 91' lang='lat' dir='ltr'>quam</span> <span class='ocrx_word' id='word_1_160' title='bbox 1024 2950 1194 3013; x_wconf 86' lang='lat' dir='ltr'>patria</span> <span class='ocrx_word' id='word_1_161' title='bbox 1248 2950 1531 3010; x_wconf 81' lang='lat' dir='ltr'>cederent,</span> <span class='ocrx_word' id='word_1_162' title='bbox 1585 2965 1686 3015; x_wconf 89' lang='lat' dir='ltr'>pu-</span> 
     </span>
     <span class='ocr_line' id='line_1_31' title="bbox 641 3022 1688 3077; baseline 0.004 -4"><span class='ocrx_word' id='word_1_163' title='bbox 641 3022 793 3074; x_wconf 85' lang='lat' dir='ltr'>blicis</span> <span class='ocrx_word' id='word_1_164' title='bbox 846 3025 1301 3075; x_wconf 84' lang='lat' dir='ltr'>exsecrationibus</span> <span class='ocrx_word' id='word_1_165' title='bbox 1361 3027 1688 3077; x_wconf 88' lang='lat' dir='ltr'>iuramento-</span> 
     </span>
     <span class='ocr_line' id='line_1_32' title="bbox 640 3099 1689 3164; baseline 0.005 -18"><span class='ocrx_word' id='word_1_166' title='bbox 640 3111 747 3161; x_wconf 87' lang='lat' dir='ltr'>que</span> <span class='ocrx_word' id='word_1_167' title='bbox 770 3135 781 3157; x_wconf 89' lang='lat'>,</span> <span class='ocrx_word' id='word_1_168' title='bbox 828 3111 894 3147; x_wconf 91' lang='lat' dir='ltr'>ne</span> <span class='ocrx_word' id='word_1_169' title='bbox 929 3099 1048 3160; x_wconf 90' lang='lat' dir='ltr'>quis</span> <span class='ocrx_word' id='word_1_170' title='bbox 1089 3103 1395 3150; x_wconf 87' lang='lat' dir='ltr'>remaneret</span> <span class='ocrx_word' id='word_1_171' title='bbox 1429 3114 1533 3150; x_wconf 84' lang='lat' dir='ltr'>neu</span> <span class='ocrx_word' id='word_1_172' title='bbox 1568 3102 1689 3164; x_wconf 88' lang='lat' dir='ltr'>quis</span> 
     </span>
     <span class='ocr_line' id='line_1_33' title="bbox 639 3172 1687 3236; baseline 0.005 -17"><span class='ocrx_word' id='word_1_173' title='bbox 639 3172 788 3235; x_wconf 89' lang='lat' dir='ltr'>prius</span> <span class='ocrx_word' id='word_1_174' title='bbox 844 3174 1235 3234; x_wconf 85' lang='lat' dir='ltr'>reverteretur,</span> <span class='ocrx_word' id='word_1_175' title='bbox 1295 3186 1456 3236; x_wconf 88' lang='lat' dir='ltr'>quam</span> <span class='ocrx_word' id='word_1_176' title='bbox 1509 3187 1687 3226; x_wconf 85' lang='lat' dir='ltr'>massa</span> 
     </span>
     <span class='ocr_line' id='line_1_34' title="bbox 642 3244 1685 3309; baseline 0.005 -15"><span class='ocrx_word' id='word_1_177' title='bbox 642 3244 797 3306; x_wconf 79' lang='lat' dir='ltr'>terri,</span> <span class='ocrx_word' id='word_1_178' title='bbox 861 3258 1026 3308; x_wconf 89' lang='lat' dir='ltr'>quam</span> <span class='ocrx_word' id='word_1_179' title='bbox 1080 3248 1213 3295; x_wconf 89' lang='lat' dir='ltr'>mari</span> <span class='ocrx_word' id='word_1_180' title='bbox 1269 3247 1685 3309; x_wconf 87' lang='lat' dir='ltr'>immersissent,</span> 
     </span>
     <span class='ocr_line' id='line_1_35' title="bbox 643 3319 1685 3385; baseline 0.004 -16"><span class='ocrx_word' id='word_1_181' title='bbox 643 3321 696 3369; x_wconf 90' lang='lat' dir='ltr'>in</span> <span class='ocrx_word' id='word_1_182' title='bbox 772 3319 886 3369; x_wconf 90' lang='lat' dir='ltr'>eius</span> <span class='ocrx_word' id='word_1_183' title='bbox 958 3319 1240 3384; x_wconf 85' lang='lat' dir='ltr'>superficie</span> <span class='ocrx_word' id='word_1_184' title='bbox 1318 3323 1685 3385; x_wconf 83' lang='lat' dir='ltr'>apparuisset,</span> 
     </span>
     <span class='ocr_line' id='line_1_36' title="bbox 641 3394 1691 3457; baseline 0.002 -12"><span class='ocrx_word' id='word_1_185' title='bbox 641 3394 879 3445; x_wconf 80' lang='lat' dir='ltr'>sanxisse</span> <span class='ocrx_word' id='word_1_186' title='bbox 923 3407 1090 3457; x_wconf 87' lang='lat' dir='ltr'>seque</span> <span class='ocrx_word' id='word_1_187' title='bbox 1133 3394 1478 3447; x_wconf 84' lang='lat' dir='ltr'>obstrinxisse</span> <span class='ocrx_word' id='word_1_188' title='bbox 1520 3398 1691 3447; x_wconf 84' lang='lat' dir='ltr'>Hero-</span> 
     </span>
     <span class='ocr_line' id='line_1_37' title="bbox 642 3468 1691 3529; baseline 0.003 -10"><span class='ocrx_word' id='word_1_189' title='bbox 642 3469 799 3519; x_wconf 91' lang='lat' dir='ltr'>dotus</span> <span class='ocrx_word' id='word_1_190' title='bbox 845 3469 903 3529; x_wconf 91' lang='grc'>4,</span> <span class='ocrx_word' id='word_1_191' title='bbox 962 3470 1075 3519; x_wconf 78' lang='grc'>465.</span> <span class='ocrx_word' id='word_1_192' title='bbox 1137 3468 1309 3519; x_wconf 89' lang='lat' dir='ltr'>tradit</span> <span class='ocrx_word' id='word_1_193' title='bbox 1398 3471 1530 3520; x_wconf 90' lang='lat' dir='ltr'>Hinc</span> <span class='ocrx_word' id='word_1_194' title='bbox 1576 3471 1691 3522; x_wconf 84' lang='lat' dir='ltr'>Cal·</span> 
     </span>
     <span class='ocr_line' id='line_1_38' title="bbox 642 3542 1691 3633; baseline 0.003 -40"><span class='ocrx_word' id='word_1_195' title='bbox 642 3542 751 3593; x_wconf 84' lang='lat' dir='ltr'>lim.</span> <span class='ocrx_word' id='word_1_196' title='bbox 790 3544 994 3606; x_wconf 79' lang='lat' dir='ltr'>Fragm.</span> <span class='ocrx_word' id='word_1_197' title='bbox 1021 3543 1143 3593; x_wconf 76' lang='lat'><strong>209:</strong></span> <span class='ocrx_word' id='word_1_198' title='bbox 1182 3543 1456 3595; x_wconf 69' lang='grc' dir='ltr'><em>Φωκαέων</em></span> <span class='ocrx_word' id='word_1_199' title='bbox 1487 3547 1691 3633; x_wconf 71' lang='grc' dir='ltr'><strong><em>μέχρις</em></strong></span> 
     </span>
     <span class='ocr_line' id='line_1_39' title="bbox 642 3611 1686 3690; baseline 0.005 -24"><span class='ocrx_word' id='word_1_200' title='bbox 642 3631 706 3666; x_wconf 76' lang='grc' dir='ltr'>κε</span> <span class='ocrx_word' id='word_1_201' title='bbox 754 3617 902 3687; x_wconf 70' lang='grc' dir='ltr'>μένῃ</span> <span class='ocrx_word' id='word_1_202' title='bbox 949 3618 1131 3683; x_wconf 76' lang='grc' dir='ltr'><strong><em>μέγας</em></strong></span> <span class='ocrx_word' id='word_1_203' title='bbox 1177 3619 1260 3669; x_wconf 78' lang='grc' dir='ltr'>εἰν</span> <span class='ocrx_word' id='word_1_204' title='bbox 1306 3611 1403 3670; x_wconf 77' lang='grc' dir='ltr'>ἁλὶ</span> <span class='ocrx_word' id='word_1_205' title='bbox 1450 3616 1686 3690; x_wconf 77' lang='grc' dir='ltr'>μύδρος.</span> 
     </span>
     <span class='ocr_line' id='line_1_40' title="bbox 646 3670 1685 3757; baseline 0.003 -16"><span class='ocrx_word' id='word_1_206' title='bbox 646 3691 751 3741; x_wconf 81' lang='lat' dir='ltr'>Csr</span> <span class='ocrx_word' id='word_1_207' title='bbox 791 3670 962 3740; x_wconf 77' lang='lat' dir='ltr'>Scbol.</span> <span class='ocrx_word' id='word_1_208' title='bbox 1001 3692 1054 3741; x_wconf 88' lang='lat' dir='ltr'>iu</span> <span class='ocrx_word' id='word_1_209' title='bbox 1089 3692 1332 3756; x_wconf 86' lang='lat' dir='ltr'>Sophocl.</span> <span class='ocrx_word' id='word_1_210' title='bbox 1369 3695 1540 3757; x_wconf 83' lang='lat' dir='ltr'>Antig</span> <span class='ocrx_word' id='word_1_211' title='bbox 1570 3693 1685 3745; x_wconf 79' lang='grc'>264.</span> 
     </span>
     <span class='ocr_line' id='line_1_41' title="bbox 645 3759 1687 3836; baseline 0.003 -22"><span class='ocrx_word' id='word_1_212' title='bbox 645 3764 868 3816; x_wconf 88' lang='lat' dir='ltr'>Suidas</span> <span class='ocrx_word' id='word_1_213' title='bbox 854 3779 908 3816; x_wconf 86' lang='lat' dir='ltr'>m</span> <span class='ocrx_word' id='word_1_214' title='bbox 931 3764 1214 3816; x_wconf 75' lang='grc' dir='ltr'><strong><em>Φωκαέων</em></strong></span> <span class='ocrx_word' id='word_1_215' title='bbox 1235 3759 1368 3836; x_wconf 79' lang='grc' dir='ltr'><strong>ἀρά.</strong></span> <span class='ocrx_word' id='word_1_216' title='bbox 1406 3768 1499 3817; x_wconf 86' lang='lat' dir='ltr'>Ed.</span> <span class='ocrx_word' id='word_1_217' title='bbox 1530 3768 1687 3818; x_wconf 79' lang='lat' dir='ltr'>Gaist&#39;.</span> 
     </span>
     <span class='ocr_line' id='line_1_42' title="bbox 643 3839 1690 3906; baseline 0.003 -17"><span class='ocrx_word' id='word_1_218' title='bbox 643 3840 727 3889; x_wconf 85' lang='lat'>111.</span> <span class='ocrx_word' id='word_1_219' title='bbox 765 3853 818 3904; x_wconf 93' lang='lat' dir='ltr'>p.</span> <span class='ocrx_word' id='word_1_220' title='bbox 858 3841 970 3890; x_wconf 74' lang='lat'>626.</span> <span class='ocrx_word' id='word_1_221' title='bbox 1030 3839 1208 3891; x_wconf 85' lang='lat' dir='ltr'>Simile</span> <span class='ocrx_word' id='word_1_222' title='bbox 1253 3842 1690 3906; x_wconf 83' lang='lat' dir='ltr'>Epidamniomm</span> 
     </span>
     <span class='ocr_line' id='line_1_43' title="bbox 647 3914 1693 3980; baseline 0.001 -16"><span class='ocrx_word' id='word_1_223' title='bbox 647 3914 849 3964; x_wconf 84' lang='lat' dir='ltr'>facinus</span> <span class='ocrx_word' id='word_1_224' title='bbox 871 3915 1038 3965; x_wconf 83' lang='lat' dir='ltr'>refert</span> <span class='ocrx_word' id='word_1_225' title='bbox 1059 3915 1322 3966; x_wconf 90' lang='lat' dir='ltr'>Diodorus</span> <span class='ocrx_word' id='word_1_226' title='bbox 1347 3918 1550 3980; x_wconf 82' lang='lat' dir='ltr'>Fragm.</span> <span class='ocrx_word' id='word_1_227' title='bbox 1590 3918 1693 3966; x_wconf 87' lang='lat' dir='ltr'>Va-</span> 
     </span>
     <span class='ocr_line' id='line_1_44' title="bbox 648 3988 1689 4054; baseline 0.005 -17"><span class='ocrx_word' id='word_1_228' title='bbox 648 3990 732 4037; x_wconf 83' lang='lat' dir='ltr'>tic.</span> <span class='ocrx_word' id='word_1_229' title='bbox 781 4001 833 4051; x_wconf 88' lang='lat' dir='ltr'>p.</span> <span class='ocrx_word' id='word_1_230' title='bbox 876 3988 954 4039; x_wconf 90' lang='grc'>49.</span> <span class='ocrx_word' id='word_1_231' title='bbox 998 3989 1181 4049; x_wconf 89' lang='lat' dir='ltr'>Dind,</span> <span class='ocrx_word' id='word_1_232' title='bbox 1238 4004 1337 4041; x_wconf 88' lang='lat' dir='ltr'>nec</span> <span class='ocrx_word' id='word_1_233' title='bbox 1373 4005 1501 4041; x_wconf 85' lang='lat' dir='ltr'>vero</span> <span class='ocrx_word' id='word_1_234' title='bbox 1533 3989 1689 4054; x_wconf 82' lang='lat' dir='ltr'>longe</span> 
     </span>
     <span class='ocr_line' id='line_1_45' title="bbox 646 4062 1691 4135; baseline 0.002 -23"><span class='ocrx_word' id='word_1_235' title='bbox 646 4062 804 4113; x_wconf 86' lang='lat' dir='ltr'>distat</span> <span class='ocrx_word' id='word_1_236' title='bbox 849 4063 1090 4114; x_wconf 78' lang='lat' dir='ltr'>Aristidis</span> <span class='ocrx_word' id='word_1_237' title='bbox 1129 4065 1521 4116; x_wconf 85' lang='lat' dir='ltr'>iusiurandum:</span> <span class='ocrx_word' id='word_1_238' title='bbox 1575 4080 1691 4135; x_wconf 75' lang='grc' dir='ltr'>ωρ-</span> 
     </span>
     <span class='ocr_line' id='line_1_46' title="bbox 647 4130 1691 4205; baseline 0.002 -18"><span class='ocrx_word' id='word_1_239' title='bbox 647 4150 823 4187; x_wconf 82' lang='grc' dir='ltr'><strong><em>κισε-</em></strong></span> <span class='ocrx_word' id='word_1_240' title='bbox 847 4132 981 4199; x_wconf 76' lang='grc' dir='ltr'><strong><em>τοὺς</em></strong></span> <span class='ocrx_word' id='word_1_241' title='bbox 1004 4130 1283 4205; x_wconf 78' lang='grc' dir='ltr'><strong><em>Ἓλληνας</em></strong></span> <span class='ocrx_word' id='word_1_242' title='bbox 1316 4139 1414 4189; x_wconf 82' lang='grc' dir='ltr'>καὶ</span> <span class='ocrx_word' id='word_1_243' title='bbox 1457 4133 1691 4204; x_wconf 78' lang='grc' dir='ltr'><em>ὤμοσεν</em></span> 
     </span>
     <span class='ocr_line' id='line_1_47' title="bbox 647 4205 1691 4287; baseline 0.002 -24"><span class='ocrx_word' id='word_1_244' title='bbox 647 4205 792 4286; x_wconf 71' lang='grc' dir='ltr'>ὑπὲρ</span> <span class='ocrx_word' id='word_1_245' title='bbox 823 4208 938 4262; x_wconf 76' lang='grc' dir='ltr'>τῶν</span> <span class='ocrx_word' id='word_1_246' title='bbox 967 4206 1278 4279; x_wconf 71' lang='grc' dir='ltr'>Ἀθηναίων</span> <span class='ocrx_word' id='word_1_247' title='bbox 1309 4210 1563 4287; x_wconf 77' lang='grc' dir='ltr'><strong><em>μύδρους</em></strong></span> <span class='ocrx_word' id='word_1_248' title='bbox 1584 4213 1691 4280; x_wconf 73' lang='grc' dir='ltr'>ἐμ-</span> 
     </span>
    </p>
   </div>
   <div class='ocr_carea' id='block_1_10' title="bbox 1754 1828 2815 4268">
    <p class='ocr_par' dir='ltr' id='par_1_11' title="bbox 1754 1828 2815 3457">
     <span class='ocr_line' id='line_1_48' title="bbox 1759 1828 2813 1906; baseline 0 -21"><span class='ocrx_word' id='word_1_249' title='bbox 1759 1831 1956 1897; x_wconf 74' lang='grc' dir='ltr'><strong><em>βαλών</em></strong></span> <span class='ocrx_word' id='word_1_250' title='bbox 1990 1834 2083 1886; x_wconf 77' lang='grc' dir='ltr'>ἐπὶ</span> <span class='ocrx_word' id='word_1_251' title='bbox 2116 1839 2244 1898; x_wconf 78' lang='grc' dir='ltr'><strong><em>ταῖς</em></strong></span> <span class='ocrx_word' id='word_1_252' title='bbox 2275 1828 2445 1906; x_wconf 75' lang='grc' dir='ltr'><strong><em>ἀραῖς</em></strong></span> <span class='ocrx_word' id='word_1_253' title='bbox 2467 1837 2549 1898; x_wconf 80' lang='grc' dir='ltr'>εἰς</span> <span class='ocrx_word' id='word_1_254' title='bbox 2571 1831 2676 1901; x_wconf 78' lang='grc' dir='ltr'>τὴν</span> <span class='ocrx_word' id='word_1_255' title='bbox 2700 1831 2813 1886; x_wconf 75' lang='grc' dir='ltr'>θά-</span> 
     </span>
     <span class='ocr_line' id='line_1_49' title="bbox 1760 1908 2811 1961; baseline 0 0"><span class='ocrx_word' id='word_1_256' title='bbox 1760 1908 1989 1961; x_wconf 75' lang='grc' dir='ltr'><strong>λατταν.</strong></span> <span class='ocrx_word' id='word_1_257' title='bbox 2026 1909 2158 1961; x_wconf 87' lang='lat' dir='ltr'>Plut.</span> <span class='ocrx_word' id='word_1_258' title='bbox 2197 1911 2352 1961; x_wconf 78' lang='lat' dir='ltr'>Arist.</span> <span class='ocrx_word' id='word_1_259' title='bbox 2378 1911 2461 1960; x_wconf 76' lang='lat'>25.</span> <span class='ocrx_word' id='word_1_260' title='bbox 2500 1909 2607 1960; x_wconf 80' lang='lat' dir='ltr'>Cfr.</span> <span class='ocrx_word' id='word_1_261' title='bbox 2648 1912 2811 1961; x_wconf 85' lang='lat' dir='ltr'>etiam</span> 
     </span>
     <span class='ocr_line' id='line_1_50' title="bbox 1763 1982 2814 2045; baseline -0.001 -10"><span class='ocrx_word' id='word_1_262' title='bbox 1763 1984 1897 2036; x_wconf 86' lang='lat' dir='ltr'>Flor.</span> <span class='ocrx_word' id='word_1_263' title='bbox 1943 1985 1998 2045; x_wconf 88' lang='lat'>3,</span> <span class='ocrx_word' id='word_1_264' title='bbox 2055 1985 2141 2033; x_wconf 81' lang='lat'>⁴0:</span> <span class='ocrx_word' id='word_1_265' title='bbox 2214 1982 2463 2034; x_wconf 83' lang='lat' dir='ltr'>Helvetiis</span> <span class='ocrx_word' id='word_1_266' title='bbox 2517 1998 2814 2035; x_wconf 62' lang='lat' dir='ltr'>sacrm</span> 
     </span>
     <span class='ocr_line' id='line_1_51' title="bbox 1761 2057 2807 2122; baseline -0.003 -13"><span class='ocrx_word' id='word_1_267' title='bbox 1761 2065 1867 2109; x_wconf 78' lang='lat' dir='ltr'>tam</span> <span class='ocrx_word' id='word_1_268' title='bbox 1885 2059 2007 2122; x_wconf 72' lang='lat' dir='ltr'>fuit,</span> <span class='ocrx_word' id='word_1_269' title='bbox 2044 2071 2106 2108; x_wconf 77' lang='lat' dir='ltr'>ne</span> <span class='ocrx_word' id='word_1_270' title='bbox 2126 2058 2360 2108; x_wconf 72' lang='lat' dir='ltr'>redirent.</span> <span class='ocrx_word' id='word_1_271' title='bbox 2401 2058 2575 2108; x_wconf 86' lang='lat' dir='ltr'>Livius</span> <span class='ocrx_word' id='word_1_272' title='bbox 2598 2057 2653 2107; x_wconf 90' lang='grc'>34</span> <span class='ocrx_word' id='word_1_273' title='bbox 2677 2097 2691 2119; x_wconf 90' lang='grc'>,</span> <span class='ocrx_word' id='word_1_274' title='bbox 2717 2059 2807 2108; x_wconf 84' lang='grc'>47;</span> 
     </span>
     <span class='ocr_line' id='line_1_52' title="bbox 1758 2133 2812 2196; baseline -0.002 -13"><span class='ocrx_word' id='word_1_275' title='bbox 1758 2135 1817 2183; x_wconf 83' lang='lat' dir='ltr'>Id</span> <span class='ocrx_word' id='word_1_276' title='bbox 1862 2147 1913 2184; x_wconf 77' lang='lat' dir='ltr'>se</span> <span class='ocrx_word' id='word_1_277' title='bbox 1963 2133 2163 2196; x_wconf 75' lang='lat' dir='ltr'>facinus</span> <span class='ocrx_word' id='word_1_278' title='bbox 2197 2133 2333 2194; x_wconf 88' lang='lat' dir='ltr'>(sese</span> <span class='ocrx_word' id='word_1_279' title='bbox 2382 2133 2613 2182; x_wconf 85' lang='lat' dir='ltr'>invicem</span> <span class='ocrx_word' id='word_1_280' title='bbox 2663 2133 2812 2182; x_wconf 89' lang='lat' dir='ltr'>occi-</span> 
     </span>
     <span class='ocr_line' id='line_1_53' title="bbox 1763 2205 2812 2270; baseline -0.001 -14"><span class='ocrx_word' id='word_1_281' title='bbox 1763 2207 1939 2270; x_wconf 88' lang='lat' dir='ltr'>dendi)</span> <span class='ocrx_word' id='word_1_282' title='bbox 1984 2211 2365 2269; x_wconf 61' lang='lat' dir='ltr'>perpetraturos</span> <span class='ocrx_word' id='word_1_283' title='bbox 2380 2243 2398 2266; x_wconf 92' lang='lat'>,</span> <span class='ocrx_word' id='word_1_284' title='bbox 2450 2205 2812 2267; x_wconf 61' lang='lat' dir='ltr'>praeeuntibus</span> 
     </span>
     <span class='ocr_line' id='line_1_54' title="bbox 1759 2279 2811 2340; baseline -0.002 -8"><span class='ocrx_word' id='word_1_285' title='bbox 1759 2293 2103 2332; x_wconf 69' lang='grc' dir='ltr'>ειεεεωιιε</span> <span class='ocrx_word' id='word_1_286' title='bbox 2171 2293 2375 2330; x_wconf 75' lang='lat' dir='ltr'>carmen</span> <span class='ocrx_word' id='word_1_287' title='bbox 2440 2279 2811 2340; x_wconf 70' lang='lat' dir='ltr'>sacerdotibus,</span> 
     </span>
     <span class='ocr_line' id='line_1_55' title="bbox 1760 2352 2809 2416; baseline -0.003 -11"><span class='ocrx_word' id='word_1_288' title='bbox 1760 2357 1873 2405; x_wconf 74' lang='lat' dir='ltr'>iare</span> <span class='ocrx_word' id='word_1_289' title='bbox 1924 2355 2142 2403; x_wconf 72' lang='lat' dir='ltr'>iurando</span> <span class='ocrx_word' id='word_1_290' title='bbox 2197 2355 2366 2403; x_wconf 77' lang='lat' dir='ltr'>adacti</span> <span class='ocrx_word' id='word_1_291' title='bbox 2414 2352 2711 2416; x_wconf 75' lang='lat' dir='ltr'>(Abydeni).</span> <span class='ocrx_word' id='word_1_292' title='bbox 2754 2381 2809 2389; x_wconf 89' lang='lat'>—</span> 
     </span>
     <span class='ocr_line' id='line_1_56' title="bbox 1761 2426 2808 2491; baseline -0.002 -12"><span class='ocrx_word' id='word_1_293' title='bbox 1761 2429 2042 2491; x_wconf 64' lang='lat' dir='ltr'>arsen-rata]</span> <span class='ocrx_word' id='word_1_294' title='bbox 2093 2426 2263 2491; x_wconf 78' lang='lat' dir='ltr'>signif.</span> <span class='ocrx_word' id='word_1_295' title='bbox 2320 2427 2521 2478; x_wconf 81' lang='lat' dir='ltr'>formae</span> <span class='ocrx_word' id='word_1_296' title='bbox 2568 2427 2808 2489; x_wconf 87' lang='lat' dir='ltr'>mediae,</span> 
     </span>
     <span class='ocr_line' id='line_1_57' title="bbox 1764 2501 2808 2554; baseline -0.002 0"><span class='ocrx_word' id='word_1_297' title='bbox 1764 2517 1918 2554; x_wconf 78' lang='lat' dir='ltr'>«cum</span> <span class='ocrx_word' id='word_1_298' title='bbox 1953 2517 2013 2554; x_wconf 89' lang='lat' dir='ltr'>se</span> <span class='ocrx_word' id='word_1_299' title='bbox 2048 2501 2177 2552; x_wconf 86' lang='lat' dir='ltr'>diris</span> <span class='ocrx_word' id='word_1_300' title='bbox 2216 2502 2571 2553; x_wconf 82' lang='lat' dir='ltr'>devovisset.»</span> <span class='ocrx_word' id='word_1_301' title='bbox 2608 2502 2808 2553; x_wconf 87' lang='lat' dir='ltr'>Herod.</span> 
     </span>
     <span class='ocr_line' id='line_1_58' title="bbox 1762 2572 2813 2648; baseline -0.002 -19"><span class='ocrx_word' id='word_1_302' title='bbox 1762 2579 1795 2629; x_wconf 91' lang='lat' dir='ltr'>l.</span> <span class='ocrx_word' id='word_1_303' title='bbox 1839 2577 1872 2628; x_wconf 92' lang='lat' dir='ltr'>l.</span> <span class='ocrx_word' id='word_1_304' title='bbox 1926 2573 2282 2643; x_wconf 76' lang='grc' dir='ltr'><em>ἐποιήσαντο</em></span> <span class='ocrx_word' id='word_1_305' title='bbox 2334 2572 2577 2648; x_wconf 79' lang='grc' dir='ltr'><strong><em>ἰσχυρὰς</em></strong></span> <span class='ocrx_word' id='word_1_306' title='bbox 2632 2574 2813 2627; x_wconf 80' lang='grc' dir='ltr'><strong><em>κατά-</em></strong></span> 
     </span>
     <span class='ocr_line' id='line_1_59' title="bbox 1761 2651 2813 2723; baseline 0.001 -22"><span class='ocrx_word' id='word_1_307' title='bbox 1761 2668 1883 2723; x_wconf 77' lang='grc' dir='ltr'><strong>ρας.</strong></span> <span class='ocrx_word' id='word_1_308' title='bbox 1954 2651 2070 2702; x_wconf 86' lang='lat' dir='ltr'>Noli</span> <span class='ocrx_word' id='word_1_309' title='bbox 2137 2653 2355 2715; x_wconf 83' lang='lat' dir='ltr'>iungere</span> <span class='ocrx_word' id='word_1_310' title='bbox 2401 2664 2526 2702; x_wconf 89' lang='lat' dir='ltr'>cum</span> <span class='ocrx_word' id='word_1_311' title='bbox 2570 2653 2813 2715; x_wconf 78' lang='lat' dir='ltr'>Porphy-</span> 
     </span>
     <span class='ocr_line' id='line_1_60' title="bbox 1762 2728 2815 2791; baseline 0 -15"><span class='ocrx_word' id='word_1_312' title='bbox 1762 2728 1940 2777; x_wconf 84' lang='lat' dir='ltr'>rione:</span> <span class='ocrx_word' id='word_1_313' title='bbox 1982 2732 2276 2777; x_wconf 61' lang='lat' dir='ltr'>«exsecrata</span> <span class='ocrx_word' id='word_1_314' title='bbox 2302 2740 2456 2791; x_wconf 60' lang='lat' dir='ltr'>agros</span> <span class='ocrx_word' id='word_1_315' title='bbox 2486 2731 2637 2788; x_wconf 79' lang='lat' dir='ltr'>atque</span> <span class='ocrx_word' id='word_1_316' title='bbox 2657 2728 2815 2776; x_wconf 73' lang='lat' dir='ltr'>Lam</span> 
     </span>
     <span class='ocr_line' id='line_1_61' title="bbox 1754 2801 2809 2864; baseline 0 -15"><span class='ocrx_word' id='word_1_317' title='bbox 1754 2802 1971 2863; x_wconf 74' lang='lat' dir='ltr'>patrios,</span> <span class='ocrx_word' id='word_1_318' title='bbox 1985 2801 2273 2864; x_wconf 54' lang='lat' dir='ltr'>profuqttw</span> <span class='ocrx_word' id='word_1_319' title='bbox 2249 2801 2392 2851; x_wconf 89' lang='lat' dir='ltr'>sed</span> <span class='ocrx_word' id='word_1_320' title='bbox 2394 2801 2621 2864; x_wconf 63' lang='lat' dir='ltr'>prompte</span> <span class='ocrx_word' id='word_1_321' title='bbox 2637 2813 2809 2863; x_wconf 59' lang='lat' dir='ltr'>aoros,</span> 
     </span>
     <span class='ocr_line' id='line_1_62' title="bbox 1764 2873 2814 2937; baseline 0.001 -13"><span class='ocrx_word' id='word_1_322' title='bbox 1764 2877 1821 2924; x_wconf 91' lang='lat' dir='ltr'>ut</span> <span class='ocrx_word' id='word_1_323' title='bbox 1838 2873 2044 2925; x_wconf 88' lang='lat' dir='ltr'>Colum.</span> <span class='ocrx_word' id='word_1_324' title='bbox 2073 2876 2122 2936; x_wconf 87' lang='grc'>4,</span> <span class='ocrx_word' id='word_1_325' title='bbox 2147 2875 2204 2924; x_wconf 87' lang='grc'>3·</span> <span class='ocrx_word' id='word_1_326' title='bbox 2231 2879 2327 2924; x_wconf 78' lang='lat' dir='ltr'>ut-</span> <span class='ocrx_word' id='word_1_327' title='bbox 2337 2875 2814 2937; x_wconf 72' lang='lat' dir='ltr'>-proptoriniw-ias</span> 
     </span>
     <span class='ocr_line' id='line_1_63' title="bbox 1760 2949 2804 3013; baseline 0.003 -16"><span class='ocrx_word' id='word_1_328' title='bbox 1760 2949 2041 2998; x_wconf 65' lang='lat' dir='ltr'>vic-inormi»</span> <span class='ocrx_word' id='word_1_329' title='bbox 2072 2949 2209 2998; x_wconf 80' lang='lat' dir='ltr'>sedes</span> <span class='ocrx_word' id='word_1_330' title='bbox 2239 2962 2359 2997; x_wconf 78' lang='lat' dir='ltr'>suas</span> <span class='ocrx_word' id='word_1_331' title='bbox 2382 2950 2718 3013; x_wconf 62' lang='lat' dir='ltr'>proruperint.</span> <span class='ocrx_word' id='word_1_332' title='bbox 2749 2975 2804 2986; x_wconf 92' lang='lat'>-</span> 
     </span>
     <span class='ocr_line' id='line_1_64' title="bbox 1754 3018 2811 3093; baseline 0.002 -21"><span class='ocrx_word' id='word_1_333' title='bbox 1754 3023 1981 3084; x_wconf 73' lang='lat' dir='ltr'>patrios]</span> <span class='ocrx_word' id='word_1_334' title='bbox 2039 3018 2484 3093; x_wconf 75' lang='grc' dir='ltr'><strong><em>ποιητικωτερον</em></strong></span> <span class='ocrx_word' id='word_1_335' title='bbox 2517 3027 2598 3074; x_wconf 87' lang='lat' dir='ltr'>est</span> <span class='ocrx_word' id='word_1_336' title='bbox 2648 3037 2811 3087; x_wconf 84' lang='lat' dir='ltr'>quam</span> 
     </span>
     <span class='ocr_line' id='line_1_65' title="bbox 1754 3096 2814 3163; baseline 0.001 -15"><span class='ocrx_word' id='word_1_337' title='bbox 1754 3100 2007 3163; x_wconf 76' lang='lat' dir='ltr'>proprios,</span> <span class='ocrx_word' id='word_1_338' title='bbox 2033 3099 2184 3148; x_wconf 88' lang='lat' dir='ltr'>cuius</span> <span class='ocrx_word' id='word_1_339' title='bbox 2206 3096 2445 3148; x_wconf 87' lang='lat' dir='ltr'>lectionis</span> <span class='ocrx_word' id='word_1_340' title='bbox 2467 3099 2683 3149; x_wconf 89' lang='lat' dir='ltr'>omniuo</span> <span class='ocrx_word' id='word_1_341' title='bbox 2708 3101 2814 3149; x_wconf 82' lang='lat' dir='ltr'>exi-</span> 
     </span>
     <span class='ocr_line' id='line_1_66' title="bbox 1764 3172 2810 3237; baseline 0.001 -15"><span class='ocrx_word' id='word_1_342' title='bbox 1764 3186 1865 3236; x_wconf 80' lang='lat' dir='ltr'>gua</span> <span class='ocrx_word' id='word_1_343' title='bbox 1886 3173 2095 3223; x_wconf 85' lang='lat' dir='ltr'>videtur</span> <span class='ocrx_word' id='word_1_344' title='bbox 2117 3172 2417 3221; x_wconf 78' lang='lat' dir='ltr'>auctoritas,</span> <span class='ocrx_word' id='word_1_345' title='bbox 2444 3200 2497 3207; x_wconf 86' lang='lat'>—-</span> <span class='ocrx_word' id='word_1_346' title='bbox 2516 3173 2667 3235; x_wconf 77' lang='lat' dir='ltr'>pedes</span> <span class='ocrx_word' id='word_1_347' title='bbox 2683 3187 2732 3236; x_wconf 82' lang='lat' dir='ltr'>q.</span> <span class='ocrx_word' id='word_1_348' title='bbox 2750 3175 2810 3237; x_wconf 71' lang='grc' dir='ltr'>[ἱ]</span> 
     </span>
     <span class='ocr_line' id='line_1_67' title="bbox 1765 3244 2807 3309; baseline -0.001 -11"><span class='ocrx_word' id='word_1_349' title='bbox 1765 3248 1843 3298; x_wconf 78' lang='lat' dir='ltr'>Cf.</span> <span class='ocrx_word' id='word_1_350' title='bbox 1871 3248 1967 3298; x_wconf 85' lang='lat' dir='ltr'>Od.</span> <span class='ocrx_word' id='word_1_351' title='bbox 2004 3248 2060 3308; x_wconf 89' lang='lat'>3,</span> <span class='ocrx_word' id='word_1_352' title='bbox 2089 3247 2177 3308; x_wconf 90' lang='grc'>44,</span> <span class='ocrx_word' id='word_1_353' title='bbox 2204 3244 2286 3297; x_wconf 77' lang='lat'>49.</span> <span class='ocrx_word' id='word_1_354' title='bbox 2319 3273 2373 3283; x_wconf 93' lang='lat'>-</span> <span class='ocrx_word' id='word_1_355' title='bbox 2402 3248 2687 3309; x_wconf 69' lang='lat' dir='ltr'>protervus]</span> <span class='ocrx_word' id='word_1_356' title='bbox 2730 3249 2807 3299; x_wconf 84' lang='lat' dir='ltr'>Cf.</span> 
     </span>
     <span class='ocr_line' id='line_1_68' title="bbox 1765 3321 2808 3386; baseline 0.001 -15"><span class='ocrx_word' id='word_1_357' title='bbox 1765 3322 2049 3383; x_wconf 73' lang='lat' dir='ltr'>Od.⁴,26,</span> <span class='ocrx_word' id='word_1_358' title='bbox 2077 3321 2133 3370; x_wconf 78' lang='lat'>2:</span> <span class='ocrx_word' id='word_1_359' title='bbox 2164 3321 2808 3386; x_wconf 60' lang='lat' dir='ltr'>protervis-vmisNim.</span> 
     </span>
     <span class='ocr_line' id='line_1_69' title="bbox 1763 3394 2712 3457; baseline -0.002 -10"><span class='ocrx_word' id='word_1_360' title='bbox 1763 3397 1894 3447; x_wconf 81' lang='lat' dir='ltr'>Aen.</span> <span class='ocrx_word' id='word_1_361' title='bbox 1930 3396 1987 3456; x_wconf 90' lang='grc'>4,</span> <span class='ocrx_word' id='word_1_362' title='bbox 2022 3394 2141 3445; x_wconf 76' lang='lat'><strong>536:</strong></span> <span class='ocrx_word' id='word_1_363' title='bbox 2172 3394 2472 3457; x_wconf 76' lang='lat' dir='ltr'>procacibus</span> <span class='ocrx_word' id='word_1_364' title='bbox 2498 3395 2712 3446; x_wconf 72' lang='lat' dir='ltr'>Austris.</span> 
     </span>
    </p>

    <p class='ocr_par' dir='ltr' id='par_1_12' title="bbox 1765 3468 2815 4268">
     <span class='ocr_line' id='line_1_70' title="bbox 1829 3468 2812 3534; baseline 0.002 -14"><span class='ocrx_word' id='word_1_365' title='bbox 1829 3469 1912 3520; x_wconf 75' lang='lat'>23.</span> <span class='ocrx_word' id='word_1_366' title='bbox 1951 3468 2033 3520; x_wconf 73' lang='lat'>24.</span> <span class='ocrx_word' id='word_1_367' title='bbox 2072 3470 2156 3518; x_wconf 81' lang='lat' dir='ltr'>Sic</span> <span class='ocrx_word' id='word_1_368' title='bbox 2182 3469 2400 3534; x_wconf 59' lang='lat' dir='ltr'>placem]</span> <span class='ocrx_word' id='word_1_369' title='bbox 2446 3470 2553 3519; x_wconf 77' lang='lat' dir='ltr'>«Ex</span> <span class='ocrx_word' id='word_1_370' title='bbox 2586 3470 2812 3522; x_wconf 82' lang='lat' dir='ltr'>formula</span> 
     </span>
     <span class='ocr_line' id='line_1_71' title="bbox 1766 3541 2808 3605; baseline 0 -11"><span class='ocrx_word' id='word_1_371' title='bbox 1766 3541 2034 3602; x_wconf 88' lang='lat' dir='ltr'>sollemni;</span> <span class='ocrx_word' id='word_1_372' title='bbox 2089 3555 2212 3592; x_wconf 89' lang='lat' dir='ltr'>cum</span> <span class='ocrx_word' id='word_1_373' title='bbox 2253 3543 2395 3593; x_wconf 88' lang='lat' dir='ltr'>enim</span> <span class='ocrx_word' id='word_1_374' title='bbox 2431 3542 2808 3605; x_wconf 86' lang='lat' dir='ltr'>consulebant,</span> 
     </span>
     <span class='ocr_line' id='line_1_72' title="bbox 1766 3617 2811 3682; baseline 0 -13"><span class='ocrx_word' id='word_1_375' title='bbox 1766 3620 1842 3669; x_wconf 91' lang='lat' dir='ltr'>sic</span> <span class='ocrx_word' id='word_1_376' title='bbox 1865 3617 2243 3682; x_wconf 84' lang='lat' dir='ltr'>loquebantur:</span> <span class='ocrx_word' id='word_1_377' title='bbox 2284 3618 2620 3669; x_wconf 57' lang='lat' dir='ltr'>«Placetneffn</span> <span class='ocrx_word' id='word_1_378' title='bbox 2646 3619 2811 3680; x_wconf 76' lang='lat' dir='ltr'>«Quid</span> 
     </span>
     <span class='ocr_line' id='line_1_73' title="bbox 1766 3692 2814 3757; baseline 0.001 -13"><span class='ocrx_word' id='word_1_379' title='bbox 1766 3694 1882 3744; x_wconf 86' lang='lat' dir='ltr'>fieri</span> <span class='ocrx_word' id='word_1_380' title='bbox 1936 3692 2194 3757; x_wconf 63' lang='lat' dir='ltr'>placem»</span> <span class='ocrx_word' id='word_1_381' title='bbox 2253 3696 2308 3742; x_wconf 86' lang='lat' dir='ltr'>et</span> <span class='ocrx_word' id='word_1_382' title='bbox 2364 3695 2415 3743; x_wconf 89' lang='lat' dir='ltr'>in</span> <span class='ocrx_word' id='word_1_383' title='bbox 2470 3694 2814 3745; x_wconf 87' lang='lat' dir='ltr'>decernendo</span> 
     </span>
     <span class='ocr_line' id='line_1_74' title="bbox 1765 3766 2811 3834; baseline -0.004 -15"><span class='ocrx_word' id='word_1_384' title='bbox 1765 3768 1980 3832; x_wconf 89' lang='lat' dir='ltr'>placere</span> <span class='ocrx_word' id='word_1_385' title='bbox 2033 3768 2239 3818; x_wconf 85' lang='lat' dir='ltr'>senatui</span> <span class='ocrx_word' id='word_1_386' title='bbox 2273 3766 2359 3818; x_wconf 81' lang='lat' dir='ltr'>vel</span> <span class='ocrx_word' id='word_1_387' title='bbox 2395 3781 2499 3819; x_wconf 92' lang='lat' dir='ltr'>non</span> <span class='ocrx_word' id='word_1_388' title='bbox 2543 3768 2811 3834; x_wconf 72' lang='lat' dir='ltr'>placere.»</span> 
     </span>
     <span class='ocr_line' id='line_1_75' title="bbox 1765 3842 2815 3894; baseline 0.003 -2"><span class='ocrx_word' id='word_1_389' title='bbox 1765 3844 1949 3892; x_wconf 71' lang='lat' dir='ltr'>Bsuri..</span> <span class='ocrx_word' id='word_1_390' title='bbox 1989 3843 2084 3893; x_wconf 89' lang='lat' dir='ltr'>Cui</span> <span class='ocrx_word' id='word_1_391' title='bbox 2109 3842 2293 3891; x_wconf 88' lang='lat' dir='ltr'>contra</span> <span class='ocrx_word' id='word_1_392' title='bbox 2315 3842 2442 3892; x_wconf 86' lang='lat' dir='ltr'>dicit</span> <span class='ocrx_word' id='word_1_393' title='bbox 2462 3843 2557 3893; x_wconf 89' lang='lat' dir='ltr'>Ed.</span> <span class='ocrx_word' id='word_1_394' title='bbox 2586 3843 2815 3894; x_wconf 88' lang='lat' dir='ltr'>Leiden-</span> 
     </span>
     <span class='ocr_line' id='line_1_76' title="bbox 1765 3916 2815 3975; baseline 0.002 -9"><span class='ocrx_word' id='word_1_395' title='bbox 1765 3917 1864 3975; x_wconf 84' lang='lat' dir='ltr'>sis;</span> <span class='ocrx_word' id='word_1_396' title='bbox 1902 3917 2000 3967; x_wconf 91' lang='lat' dir='ltr'>sed</span> <span class='ocrx_word' id='word_1_397' title='bbox 2035 3917 2314 3968; x_wconf 81' lang='lat' dir='ltr'>manifesto</span> <span class='ocrx_word' id='word_1_398' title='bbox 2348 3919 2653 3968; x_wconf 85' lang='lat' dir='ltr'>contionem</span> <span class='ocrx_word' id='word_1_399' title='bbox 2682 3916 2815 3968; x_wconf 89' lang='lat' dir='ltr'>allo-</span> 
     </span>
     <span class='ocr_line' id='line_1_77' title="bbox 1766 3992 2813 4056; baseline 0.003 -15"><span class='ocrx_word' id='word_1_400' title='bbox 1766 3993 1855 4055; x_wconf 86' lang='lat' dir='ltr'>qui</span> <span class='ocrx_word' id='word_1_401' title='bbox 1893 4006 1951 4043; x_wconf 92' lang='lat' dir='ltr'>se</span> <span class='ocrx_word' id='word_1_402' title='bbox 1986 3992 2133 4054; x_wconf 82' lang='lat' dir='ltr'>fingit</span> <span class='ocrx_word' id='word_1_403' title='bbox 2162 3995 2336 4056; x_wconf 77' lang='lat' dir='ltr'>poeta.</span> <span class='ocrx_word' id='word_1_404' title='bbox 2381 4020 2436 4030; x_wconf 90' lang='lat'><strong>—</strong></span> <span class='ocrx_word' id='word_1_405' title='bbox 2482 3994 2763 4043; x_wconf 68' lang='lat' dir='ltr'>Secunda—</span> <span class='ocrx_word' id='word_1_406' title='bbox 2785 4019 2813 4029; x_wconf 89' lang='lat'>—</span> 
     </span>
     <span class='ocr_line' id='line_1_78' title="bbox 1765 4061 2813 4137; baseline 0.001 -21"><span class='ocrx_word' id='word_1_407' title='bbox 1765 4067 1899 4131; x_wconf 64' lang='lat' dir='ltr'>alate]</span> <span class='ocrx_word' id='word_1_408' title='bbox 1937 4067 2139 4133; x_wconf 70' lang='grc' dir='ltr'><strong><em>«αἰσίῳ</em></strong></span> <span class='ocrx_word' id='word_1_409' title='bbox 2178 4061 2392 4137; x_wconf 76' lang='grc' dir='ltr'>ὄρνιθι,</span> <span class='ocrx_word' id='word_1_410' title='bbox 2446 4066 2591 4117; x_wconf 88' lang='lat' dir='ltr'>bono</span> <span class='ocrx_word' id='word_1_411' title='bbox 2636 4069 2813 4118; x_wconf 88' lang='lat' dir='ltr'>omine</span> 
     </span>
     <span class='ocr_line' id='line_1_79' title="bbox 1765 4141 2815 4206; baseline 0 -15"><span class='ocrx_word' id='word_1_412' title='bbox 1765 4144 1983 4206; x_wconf 88' lang='lat' dir='ltr'>propter</span> <span class='ocrx_word' id='word_1_413' title='bbox 2016 4142 2194 4205; x_wconf 89' lang='lat' dir='ltr'>ipsum</span> <span class='ocrx_word' id='word_1_414' title='bbox 2229 4141 2331 4192; x_wconf 88' lang='lat' dir='ltr'>hoc</span> <span class='ocrx_word' id='word_1_415' title='bbox 2363 4145 2472 4193; x_wconf 88' lang='lat' dir='ltr'>tam</span> <span class='ocrx_word' id='word_1_416' title='bbox 2493 4154 2815 4205; x_wconf 82' lang='lat' dir='ltr'>generosum</span> 
     </span>
     <span class='ocr_line' id='line_1_80' title="bbox 1766 4214 2311 4268; baseline -0.017 0"><span class='ocrx_word' id='word_1_417' title='bbox 1766 4214 2046 4268; x_wconf 84' lang='lat' dir='ltr'>consilium</span> <span class='ocrx_word' id='word_1_418' title='bbox 2080 4214 2311 4266; x_wconf 74' lang='lat' dir='ltr'>oblato.»</span> 
     </span>
    </p>
   </div>
  </div>
 </body>
</html>
