3234 4975
1209 391 1410 440 LIBER.
1483 391 1680 441 CARM.
1720 392 1825 441 Vll.

2465 393 2590 454 689

840 550 934 611 An
979 545 1213 633 culpa?
1257 548 1662 633 Responsum
1705 544 1883 611 date!
1930 583 2016 593 --

752 671 986 734 Tacent
1030 677 1094 732 et
1137 665 1322 732 albus
1367 686 1483 731 ora
1526 665 1735 754 pallor
1777 666 1976 733 inficit

2511 668 2590 733 ⁴5

841 788 1217 874 Mentesque
1262 785 1602 874 perculsae
1649 797 1923 873 stupent.

755 908 861 972 Sic
906 916 1043 973 est:
1091 907 1328 974 acerba
1372 907 1497 973 sata
1541 909 1864 974 Romanos
1911 918 2107 995 agunt

847 1026 1207 1113 Scelusque
1251 1028 1572 1094 fraternae
1617 1028 1827 1104 necis,

755 1147 833 1214 Ut
879 1148 1274 1214 immerentis
1320 1147 1500 1213 fluxit
1544 1149 1608 1213 in
1656 1159 1891 1215 terram
1944 1150 2122 1215 Remi

840 1269 1038 1335 Sacer
1081 1267 1423 1356 nepotibus
1468 1289 1678 1334 cruor.

2512 1273 2594 1335 ΞΟ

547 1459 627 1507 45.
665 1463 712 1507 οι
744 1470 840 1506 ora
866 1456 1038 1518 pauor
1069 1456 1211 1506 albus
1243 1455 1368 1516 bSc,
1406 1457 1514 1506 LCt
1549 1455 1675 1519 (non
1711 1457 1778 1519 B,
1818 1454 1928 1520 κλ).

416 1626 644 1675 tionem:
694 1617 1055 1688 Ἔκθομέναν
1093 1619 1354 1694 βρώμαν,
1391 1618 1465 1672 ἂν

414 1693 678 1759 φωλάδες
737 1690 981 1763 ἔστυγον
1036 1689 1240 1766 ἄρκτοι
1262 1734 1277 1757 ,
1347 1692 1466 1747 Τὰν

416 1769 592 1834 λύκος
637 1765 925 1860 ὦρυκτάς,
978 1768 1126 1837 λιμῷ
1173 1771 1465 1837 τεθοωμέ-

413 1861 514 1909 voc,-
547 1838 749 1895 ἀλκαν.
792 1874 847 1881 -
885 1847 1153 1895 Sententia
1189 1848 1369 1895 autem
1395 1847 1464 1895 ita

416 1920 802 1971 continuanda:
860 1921 1096 1979 «Quanto
1132 1920 1301 1982 magis
1334 1933 1466 1969 vero

416 1996 563 2045 cives
581 2007 612 2044 a
630 1993 833 2045 civibus
847 2032 859 2055 ,
887 1993 1082 2057 quibus
1106 2007 1274 2043 unum
1297 1994 1467 2044 idem-

415 2083 519 2134 que
546 2071 628 2119 est
650 2067 854 2118 bonum
877 2067 1170 2132 publicum,
1193 2067 1463 2118 abstinere

414 2142 615 2193 debent
660 2154 918 2204 armaque
960 2142 1136 2205 potius
1182 2141 1235 2190 in
1279 2141 1465 2191 hostes

419 2220 632 2267 exteros
667 2218 981 2265 convertere
1005 2217 1015 2262 l
1038 2234 1060 2257 »t

481 2291 563 2339 43.
599 2291 829 2338 Fur-orne
854 2286 1044 2351 caecus]
1071 2288 1263 2337 dicitur
1284 2290 1343 2337 ut
1367 2288 1462 2337 Od.

419 2366 480 2422 4,
520 2363 615 2422 48,
653 2362 744 2412 443
782 2375 958 2411 caecus
980 2376 1128 2411 amor
1149 2362 1244 2410 sui.
1290 2363 1464 2425 Atque

419 2435 611 2489 melius
657 2435 894 2497 videtur,
943 2437 1003 2484 ut
1048 2435 1171 2484 huic
1205 2448 1256 2484 v.
1295 2435 1466 2484 adda-

417 2515 506 2562 tur
528 2510 792 2561 ἐπίθετον
809 2548 821 2570 ,
861 2522 1024 2573 quam
1047 2513 1106 2559 ut
1129 2510 1333 2560 nudum
1357 2523 1468 2560 ma-

416 2589 557 2637 neat.
621 2588 720 2635 Pro
756 2583 921 2634 altera
963 2583 1191 2635 lectione
1227 2599 1257 2634 a
1294 2584 1462 2635 Codd.

415 2662 593 2711 minus
637 2660 839 2710 munita
880 2673 1055 2709 caecos
1096 2659 1287 2709 afferre
1334 2672 1465 2723 pos-

417 2735 492 2784 sis
527 2734 632 2783 Sat.
670 2735 728 2795 2,
767 2733 826 2794 3,
864 2733 958 2784 43;
1006 2747 1345 2795 quemcunque
1382 2734 1465 2783 in-

413 2809 561 2858 scitia
591 2809 700 2857 veri
734 2807 946 2858 Caecum
979 2809 1101 2871 agit.
1162 2808 1302 2871 Virg.
1330 2810 1460 2858 Aen.

413 2884 472 2943 2,
522 2881 645 2933 244:
701 2883 932 2944 caecique
969 2883 1161 2946 surore.
1222 2882 1298 2932 lb.
1337 2882 1459 2932 356:

414 2972 538 3020 quos
579 2957 811 3020 improba
851 2959 1039 3008 ventris
1075 2958 1260 3020 Exegit
1293 2970 1465 3007 caecos

411 3032 595 3082 rabios.
638 3058 693 3068 —
728 3033 806 3081 vis
838 3032 1037 3096 acrior]
1092 3032 1216 3081 «fati
1265 3032 1460 3095 ipsius,

416 3106 585 3158 fatalis
621 3108 966 3158 necessitas»
1006 3107 1162 3156 Gaius
1186 3107 1239 3156 in
1263 3107 1460 3169 Digest.

415 3181 505 3241 49,
545 3182 632 3242 44,
682 3183 777 3242 25,
824 3181 880 3230 6:
937 3182 1015 3230 vis
1061 3181 1257 3241 maior,
1311 3193 1464 3242 quam

416 3255 601 3305 Graeci
634 3253 774 3306 θεοῦ
809 3254 975 3317 βίαν,
1011 3256 1065 3305 id
1096 3261 1194 3317 est,
1246 3256 1350 3304 vim
1383 3255 1464 3302 di-

410 3328 586 3377 vinam
620 3330 905 3391 appellant,
957 3343 1058 3380 non
1091 3329 1227 3379 debet
1269 3329 1463 3378 condu-

413 3403 541 3451 ctori
575 3403 818 3451 damnosa
851 3417 966 3453 osse.

427 3522 434 3529 ,
480 3475 657 3524 ⁴5-20.
697 3475 891 3539 Tacent]
929 3474 1056 3526 Silet
1085 3475 1464 3540 aliquantisper

413 3550 571 3611 poeta
619 3550 770 3612 quasi
825 3551 1186 3600 Romanorum
1237 3563 1464 3613 respon-

413 3633 536 3671 sum
580 3624 922 3686 exspectans;
978 3622 1121 3686 quod
1166 3636 1290 3672 cum
1333 3635 1464 3686 pro-

414 3696 537 3758 pter
589 3696 855 3759 pudorem
914 3698 1298 3759 stuporemque
1358 3709 1462 3746 non

414 3768 561 3830 dent,
589 3770 641 3819 in
665 3769 889 3821 liberam
914 3770 1326 3833 indignationem
1342 3784 1466 3834 pro-

413 3844 639 3908 rumpit;
679 3858 816 3907 quae
853 3847 962 3894 tota
987 3844 1236 3893 orationis
1259 3843 1466 3893 confor-

414 3918 578 3966 matio
626 3919 738 3966 arte
783 3919 994 3981 poetica
1039 3918 1259 3967 minime
1295 3921 1461 3968 caret.

419 4017 476 4026 —
513 3990 576 4040 V.
614 3990 755 4040 albin
788 3990 978 4042 melius
1011 3992 1367 4055 praemittitur
1400 4005 1465 4041 ex

416 4064 726 4115 auctoritate
779 4065 908 4115 Cod.
948 4066 1221 4128 antiquiss.
1268 4067 1333 4124 B;
1387 4065 1466 4115 sic

418 4138 593 4191 minus
610 4140 793 4190 manet
804 4140 1032 4191 otiosum
1051 4137 1348 4203 meliusque
1361 4140 1465 4189 vim

1542 1636 1696 1673 suam
1732 1625 1955 1684 exserit,
2002 1637 2165 1689 quam
2204 1626 2436 1689 positum
2470 1630 2594 1691 post

1538 1710 1590 1746 v.
1605 1698 1796 1759 pallor.
1824 1698 2092 1761 Significat
2115 1700 2259 1750 enim
2285 1713 2587 1751 «summum

1538 1770 1827 1835 pallorem»
1845 1811 1857 1833 ,
1907 1785 2071 1836 quem
2096 1787 2194 1824 uos
2219 1775 2446 1824 dicimus
2484 1776 2523 1824 T
2533 1789 2593 1825 o-

1541 1845 1856 1896 desbldsse.
1914 1849 2089 1898 Ausus
2114 1851 2197 1899 est
2219 1850 2410 1899 imitari
2428 1851 2591 1901 Tasso

1541 1921 1726 1969 Gerus.
1747 1920 1778 1969 8
1797 1958 1809 1980 ,
1847 1918 1939 1970 tt:
1978 1921 2033 1970 al
2060 1922 2170 1984 fero
2203 1924 2377 1973 avviso
2401 1925 2589 1988 Tinqon

1540 1994 1592 2042 di
1626 1994 1807 2044 bianca
1835 1995 2120 2056 pallidozza
2153 1996 2190 2045 tl
2220 1999 2343 2046 vise.
2386 2027 2440 2034 —
2471 2012 2590 2060 per-

1539 2068 1723 2132 culsae]
1757 2068 1879 2131 quia
1904 2071 2147 2120 consciae
2170 2074 2294 2121 sunt
2328 2073 2381 2121 et
2405 2072 2592 2136 culpae

1540 2145 1597 2191 et
1630 2144 1794 2194 tristis
1819 2146 2167 2196 necessitatis.
2225 2148 2484 2197 Perculsae
2506 2148 2594 2197 hic

1540 2215 1593 2264 in
1612 2228 1825 2265 summo
1844 2219 2059 2280 stupore
2075 2219 2421 2280 significando
2435 2235 2594 2272 suum

1540 2286 1718 2338 locum
1770 2291 1977 2350 tuetur,
2038 2294 2093 2340 et
2141 2305 2206 2340 ex
2256 2294 2593 2356 paucissimis

1542 2362 1818 2412 dumtaxat
1842 2363 2030 2424 Codd.‚
2066 2364 2212 2415 velut
2235 2367 2290 2416 E.
2314 2366 2588 2418 Pulmanni

1543 2437 1596 2486 et
1647 2435 1972 2499 BattelianO,
2032 2438 2254 2489 affertur
2295 2453 2582 2503 permissae.

1543 2510 1649 2560 Cir.
1687 2511 1854 2574 Epod.
1894 2513 1982 2572 44,
2020 2513 2068 2561 2.
2112 2541 2167 2548 -
2206 2516 2390 2577 ayunt]
2429 2529 2593 2579 «per-

1541 2588 1873 2648 sequuntur,
1930 2588 1990 2635 ut
2033 2588 2267 2650 pernicie
2304 2602 2399 2639 sua
2444 2587 2592 2641 luant

1541 2658 1757 2709 scelus»
1794 2662 1898 2708 cet.
1940 2686 1995 2695 —-
2046 2661 2129 2724 Ut]
2169 2675 2269 2711 «ex
2305 2675 2479 2725 quo»,
2532 2666 2593 2713 ut

1542 2733 1638 2782 od.
1664 2731 1727 2793 4,
1763 2732 1826 2792 4,
1862 2732 1944 2783 42.
1989 2761 2043 2770 --
2081 2735 2254 2800 Sacer]
2293 2738 2381 2785 aut
2412 2737 2594 2800 piacu-

1540 2803 1653 2856 lum
1685 2804 1940 2867 luendus,
1990 2809 2114 2870 quia
2148 2823 2179 2858 a
2214 2809 2374 2859 fratre
2409 2811 2594 2874 profu-

1542 2894 1636 2931 sus
1673 2883 1780 2942 est,
1817 2876 2077 2948 ἐναγής.»
2113 2883 2215 2933 oin
2256 2884 2442 2933 Fluch
2482 2885 2593 2934 den

1537 2955 1801 3004 Enkeln.
1873 2956 2029 3006 Sacer
2076 2957 2221 3006 Livio
2256 2957 2316 3019 3,
2370 2958 2452 3006 55.
2509 2960 2593 3009 est

1539 3027 1830 3088 scelestuS,
1885 3030 2036 3079 cuius
2083 3033 2243 3095 caput
2284 3031 2395 3081 Iovi
2451 3030 2592 3095 (alibi

1540 3102 1622 3151 dis
1658 3102 1854 3165 inseris)
1891 3103 2147 3155 devotum
2171 3107 2255 3155 est
2283 3117 2383 3168 per
2410 3105 2589 3170 populi

1538 3176 1824 3238 iudicium,
1878 3180 1937 3227 ut
1985 3178 2029 3228 is
2076 3179 2294 3243 impune
2331 3193 2361 3229 a
2398 3181 2588 3242 quovis

1539 3249 1895 3301 occideretur.
1983 3253 2190 3302 Seneca
2255 3253 2470 3316 Thyest.
2528 3256 2584 3317 4,

1538 3325 1617 3375 93.
1678 3325 1809 3375 item
1850 3325 1917 3374 de
1963 3326 2278 3376 fratricidio:
2336 3340 2399 3375 no
2439 3332 2593 3377 sacra

1535 3412 1719 3448 manus
1766 3400 1954 3449 Violate
1992 3401 2158 3449 caedo.
2218 3400 2382 3450 Nimis
2422 3401 2593 3449 artifi-

1539 3473 1683 3522 ciose
1719 3474 1986 3523 Gesnerus
2022 3475 2072 3522 in
2104 3473 2261 3522 Thes.
2301 3474 2488 3523 «Sacer
2508 3501 2538 3510 -
2560 3501 2590 3511 -

1536 3560 1695 3596 cruor
1728 3548 1836 3605 est,
1885 3547 1976 3609 qui
2010 3548 2285 3609 tamquam
2318 3560 2589 3598 venenum

1538 3619 1753 3684 aliquod
1803 3620 1995 3679 inficit,
2055 3620 2185 3679 urit,
2245 3620 2297 3669 in
2354 3620 2589 3671 furorem

1538 3695 1769 3745 concitat
1800 3696 2070 3757 posteroS,
2107 3691 2255 3743 velut
2282 3690 2365 3743 illa
2389 3694 2584 3757 tunica,

1536 3769 1692 3819 Nessi
1749 3768 1989 3819 centauri
2046 3768 2301 3830 sanguine
2359 3767 2551 3818 infecta
2572 3808 2584 3832 ,

1538 3840 1842 3895 Herculem.
1904 3843 1988 3891 Sic
2018 3855 2161 3891 voces
2193 3855 2370 3891 sacrae
2414 3842 2582 3906 Epod.

1540 3918 1630 3977 47,
1669 3916 1718 3965 6.
1757 3918 1881 3966 sunt
1914 3916 2150 3965 carmina
2185 3916 2391 3979 magica
2425 3930 2589 3968 vene-

1539 3990 1727 4039 ficae.»
1785 4016 1839 4024 —
1893 3990 1969 4039 De
2023 4002 2082 4038 re
2131 3991 2326 4040 Lucan.
2366 3992 2431 4052 4,
2485 3991 2582 4040 95:

1538 4065 1784 4114 Frater-no
1821 4063 1979 4125 prime·
2010 4065 2312 4115 maduerunt
2343 4065 2587 4130 sanquine

1537 4138 1675 4188 muri
1709 4135 1874 4199 (urbis
1910 4138 2140 4199 Romae).

595 4340 776 4385 tlonu.
811 4352 919 4386 vot..
956 4340 986 4386 Ι.
1054 4353 1131 4387 ει).
1168 4352 1321 4387 amon
1354 4340 1423 4387 ΙΙΙ.

2193 4342 2247 4387 tt
2275 4380 2281 4393 .
