3234 4975
650 401 770 466 476

1415 405 1670 455 HORATII
1705 404 2042 454 CARMINUM

984 542 1287 608 Liberum
1331 553 1395 606 et
1437 543 1651 607 Musas
1698 544 2143 628 Veneremque
2190 553 2257 607 et
2303 542 2389 606 illi

986 666 1256 752 Semper
1298 662 1673 730 haerentem
1717 684 1994 751 puerum
2038 661 2313 730 canebat

2732 663 2810 727 40

987 786 1061 849 Et
1105 787 1349 873 Lycum
1391 785 1592 872 nigris
1638 784 1844 852 oculis
1890 784 2206 872 nigroque

1248 907 1434 972 Crine
1477 906 1806 972 decorum.

713 1296 760 1344 9.
798 1292 1041 1356 Liberum]
1067 1292 1330 1354 Significat
1359 1292 1473 1341 eius
1495 1284 1692 1359 ᾄσμα-

649 1384 719 1419 τα
775 1362 1180 1433 συμποσιακά,
1239 1368 1297 1415 ut
1352 1367 1556 1428 Fragm.
1606 1364 1688 1416 44.

646 1445 863 1507 Bergk:
919 1439 1088 1492 Οἶνον
1137 1437 1246 1512 γὰρ
1289 1439 1543 1506 Σεμέλας
1592 1441 1692 1490 καὶ

646 1515 783 1580 Διὸς
806 1513 931 1580 υἱὸς
953 1513 1267 1567 λαθικάδεα
1282 1510 1691 1585 Ἀνθρώποισιν

646 1584 838 1644 ἔδωκε.
891 1594 1077 1643 Athen.
1140 1594 1231 1653 40,
1291 1591 1381 1640 33:
1436 1584 1691 1652 Ἀλκαῖος

645 1664 877 1733 μεθύων
909 1662 1124 1737 ἔγραφε
1156 1662 1228 1715 τὰ
1262 1661 1575 1730 ποιήματα.

713 1800 790 1849 40.
836 1798 1070 1862 puerum]
1117 1798 1384 1846 Venerem
1429 1799 1483 1845 et
1528 1797 1692 1860 Cupi-

647 1873 853 1932 dinem,
895 1873 1213 1936 perpetuum
1250 1869 1384 1921 illius
1418 1870 1688 1929 comitem,

645 1948 749 2013 pila
783 1947 1028 1997 ludentes
1068 1943 1282 1994 exhibet
1314 1958 1408 1994 vas
1441 1944 1694 2007 pulcher-

606 2024 611 2031 '
648 2024 780 2073 rime
825 2021 1026 2086 pictum
1067 2019 1209 2084 apud
1252 2017 1512 2081 Millingen
1550 2021 1688 2071 Mon.

648 2099 685 2146 1.
722 2098 777 2146 Τ.
817 2096 898 2145 ⁴2.
959 2122 1014 2133 —-
1066 2094 1285 2143 Haerere
1327 2096 1506 2143 autem
1540 2094 1694 2142 alicui

648 2170 809 2220 etiam
848 2169 987 2231 Virg.
1027 2170 1157 2217 Aen.
1199 2168 1286 2226 40,
1340 2167 1463 2216 ’78οτ
1516 2168 1696 2217 missus

646 2244 710 2295 ab
742 2243 890 2306 Arois
918 2244 1159 2292 Haeserat
1190 2242 1448 2290 Euandro.

713 2363 791 2412 44.
861 2361 1072 2425 Lycum]
1142 2374 1369 2424 puerum
1436 2364 1689 2411 amatum.

648 2440 756 2488 Cic,
795 2439 947 2488 Tusc,
988 2436 1044 2494 4,
1082 2436 1171 2486 33:
1208 2437 1372 2486 Fortis
1401 2438 1483 2486 vir
1514 2439 1569 2487 in
1600 2450 1695 2487 sua

645 2528 700 2563 re
733 2513 934 2574 publica
974 2512 1223 2575 cognitu-5,
1279 2525 1407 2573 quae
1450 2513 1508 2561 de
1551 2513 1694 2561 iuve-

644 2602 766 2637 num
810 2601 982 2637 amore
1022 2587 1219 2648 scripsit
1248 2587 1485 2637 Alcaeus!
1536 2591 1590 2638 et
1624 2588 1691 2638 de

645 2664 706 2713 N.
753 2663 815 2712 D.
863 2665 920 2723 4,
975 2662 1067 2712 28:
1126 2662 1327 2710 Naevus
1374 2663 1428 2711 in
1479 2664 1694 2712 articulo

638 2738 788 2799 pueri
822 2737 893 2801 (in
925 2737 1056 2797 Lyco
1070 2749 1231 2798 puero
1253 2737 1462 2800 Bergk.)
1487 2737 1695 2786 delectat

643 2811 893 2860 Alcaeum.
955 2812 1013 2859 In
1048 2811 1252 2873 Fragm.
1292 2811 1372 2859 57.
1400 2812 1585 2874 Bergk.
1614 2811 1692 2862 sic

646 2889 998 2935 memoratur:
1054 2879 1172 2934 Οὐκ
1222 2878 1335 2950 ἔγω
1384 2882 1580 2935 Λύκον
1631 2885 1692 2936 ἐν

645 2958 893 3022 Μοῖσαις
940 2952 1156 3025 ἀλέγω,
1216 2959 1269 3008 id
1328 2962 1437 3020 est,
1497 2955 1689 3025 ὖμνῶ,

647 3037 886 3097 tempore
945 3033 1198 3093 sortasse,
1260 3047 1366 3096 quo
1422 3036 1585 3084 iratus
1643 3037 1691 3084 ei

647 3109 789 3167 erat,
842 3109 900 3156 ut
936 3105 1107 3157 solent
1140 3110 1398 3158 amantes.
1442 3137 1495 3144 —
1534 3110 1696 3173 nigris

646 3182 815 3246 oculis]
851 3184 911 3231 Α.
949 3183 1091 3231 Poet.
1131 3181 1219 3231 37:
1258 3182 1591 3243 Spectandum
1619 3184 1697 3232 ni-

644 3257 752 3320 gris
784 3256 938 3305 oculis
968 3256 1212 3319 niqroque
1241 3257 1440 3319 capillo,

714 3373 793 3424 43.
823 3373 901 3425 44.
940 3375 1101 3439 decus]
1126 3366 1377 3440 ἄγαλμα.
1416 3374 1601 3425 Tibull.
1630 3374 1690 3436 4,

644 3451 702 3511 2,
739 3450 832 3500 22:
874 3450 939 3499 Et
970 3450 1245 3499 testudinea
1274 3449 1457 3499 Phoebe
1488 3449 1696 3512 superbe

643 3525 775 3584 lyra.
807 3551 859 3560 —
886 3526 1071 3588 Neque
1094 3537 1223 3573 vero
1247 3521 1447 3585 χέλυς,
1484 3526 1692 3585 testudo,

643 3600 882 3662 poeticus
936 3600 1141 3648 tantum
1193 3601 1276 3649 est
1325 3601 1535 3662 tropuS,
1595 3599 1693 3649 sed

643 3686 834 3738 reapse
860 3684 925 3723 ex
948 3671 1303 3723 testudinibus
1328 3673 1487 3722 etiam
1510 3676 1695 3736 poste-

645 3750 783 3798 riore
815 3750 1055 3811 tempore
1080 3746 1501 3797 conficiebantur
1521 3746 1689 3809 lyrae.

646 3824 871 3871 Pausan.
908 3822 965 3880 8,
1020 3822 1110 3884 54,
1167 3823 1225 3870 7:
1278 3822 1586 3891 παρέχεται
1633 3819 1695 3873 δὲ

644 3891 712 3945 τὸ
745 3894 1072 3965 Παρθένιον
1104 3899 1205 3948 καὶ
1237 3896 1296 3960 ἐς
1324 3893 1500 3968 λύρας
1523 3899 1695 3963 ποίη-

646 3984 740 4020 σιν
792 3966 1046 4035 χελώνας
1098 3968 1576 4039 ἐπιτηδειοτάτας.
1635 4002 1690 4010 -

645 4043 871 4108 dapibus]
939 4046 1163 4097 Omnino
1234 4046 1443 4098 testudo
1496 4043 1694 4111 δαιτὸς

645 4117 861 4187 ἑταίρη.
902 4119 1054 4169 Hom.
1095 4121 1286 4185 Hymn.
1326 4122 1377 4171 in
1412 4122 1572 4172 Merc.
1608 4123 1688 4172 34.

651 4220 703 4228 -
740 4194 1222 4259 ειφνοηιῑ--Ῑουίε]
1268 4194 1410 4246 Iliad.
1450 4212 1518 4254 a,
1565 4198 1688 4246 602:

648 4265 806 4330 (θεοὶ)
864 4266 1140 4328 Aalvvvr',
1199 4262 1335 4319 οὐδέ
1388 4284 1439 4319 τι
1504 4268 1694 4334 θυμὸς

1765 1288 1991 1343 ἐδεύετο
2045 1288 2239 1354 δαιτὸς
2302 1290 2499 1356 ἐΐσης,
2571 1287 2652 1342 Οὐ
2706 1291 2814 1357 μὲν

1764 1363 2087 1438 φόρμιγγος
2143 1364 2546 1437 περικαλλέος,
2605 1360 2678 1432 ἢν
2734 1360 2814 1425 ἔχ’

1760 1438 2059 1494 Ἀπόλλων.
2679 1444 2682 1449 ’

1832 1519 1909 1565 45.
1955 1517 2036 1566 46.
2095 1516 2322 1580 lenimen]
2382 1530 2519 1579 quae
2577 1519 2813 1567 animum

1765 1591 1906 1640 curis
1933 1590 2205 1653 fatigatum
2234 1594 2459 1651 recreat,
2485 1593 2810 1662 τερψὶνοος.

1763 1664 1904 1715 Pind.
1957 1665 2138 1715 Isthm.
2165 1666 2221 1726 7,
2260 1666 2312 1714 4:
2355 1662 2558 1735 λύτρον
2580 1661 2816 1730 εὔδοξον

1764 1768 1793 1778 -
1815 1767 1845 1778 -
1869 1735 2146 1803 καμάτων
2168 1768 2198 1777 -
2219 1767 2249 1778 -
2272 1737 2488 1805 κῶμον.
2520 1767 2575 1779 ·-
2601 1742 2812 1806 ermque]

1764 1817 2059 1879 Tantopere
2083 1816 2137 1865 in
2160 1815 2263 1863 hoc
2283 1828 2335 1864 v,
2355 1830 2548 1878 cunque
2568 1829 2668 1866 usu
2689 1817 2814 1865 hae-

1764 1891 1950 1939 serunt
1983 1890 2157 1939 Critici
2176 1927 2187 1948 ‚
2224 1892 2284 1939 ut
2316 1889 2583 1941 Bentleius
2615 1892 2811 1954 cuique,

1766 1964 1867 2012 111³.
1906 1968 2057 2025 tuque
2096 1963 2434 2013 coniicerent.
2504 1963 2607 2014 Sed
2646 1968 2809 2025 recte,

1763 2040 1910 2103 puto,
1966 2036 2149 2100 Regel:
2193 2052 2413 2100 «cunque
2444 2040 2672 2090 eandem
2705 2042 2814 2090 vim

1766 2112 1946 2173 habet,
1975 2126 2137 2176 quam
2157 2114 2207 2163 in
2227 2115 2533 2178 compositis
2549 2129 2634 2163 vv.
2657 2129 2817 2177 quan-

1766 2188 2039 2249 docunque,
2079 2190 2476 2250 quotiescunque,
2513 2192 2573 2239 ut
2603 2192 2815 2255 tempo-

1765 2262 1837 2311 ris
1872 2262 2142 2313 notionem
2175 2261 2428 2313 latissime
2451 2266 2635 2328 patere
2660 2266 2816 2328 signi-

1766 2334 1906 2384 ficet.
1944 2337 2218 2399 Temporis
2254 2337 2395 2386 notio
2431 2338 2568 2387 inest
2601 2340 2652 2389 in
2688 2353 2816 2403 par-

1767 2412 1943 2475 ticipio
1986 2413 2213 2471 vocatam
2267 2412 2320 2461 in
2367 2414 2514 2463 cuius
2557 2413 2733 2463 locum
2769 2416 2813 2464 si

1766 2486 2041 2537 substituis
2094 2490 2293 2550 quando
2340 2503 2610 2550 vocavero,
2668 2492 2814 2541 vocis

1767 2562 2075 2626 significatio
2111 2564 2236 2613 satis
2273 2562 2412 2612 clara
2449 2565 2582 2613 est.»
2624 2591 2676 2601 --
2708 2566 2817 2614 Erit

1765 2642 1879 2686 tum
1923 2637 2076 2700 quasi
2116 2638 2301 2687 tmesis
2335 2651 2386 2686 v.
2423 2639 2816 2700 quandocunque

1766 2709 1950 2761 similis
1990 2709 2320 2774 aliquatenus
2356 2712 2679 2764 Lucretianis
2717 2713 2815 2765 illis

1765 2787 1824 2845 2,
1878 2786 1971 2834 24:
2025 2798 2196 2847 pauca
2248 2786 2472 2835 videmus
2518 2787 2639 2836 Esse
2693 2802 2816 2850 opus

1764 2860 1965 2909 omnino
2016 2874 2145 2922 quae
2194 2860 2394 2910 demant
2441 2875 2633 2923 cunque
2674 2864 2814 2912 dolo-

1761 2929 1885 2983 rem.
1956 2933 2034 2983 Ib.
2091 2934 2211 2983 443·
2285 2935 2408 2984 Cum
2451 2936 2575 3000 ,solis
2624 2937 2814 2986 lumina

1764 3021 1957 3070 cunque
1977 3009 2206 3058 Insa-reim
2223 3010 2440 3072 fundunt
2459 3012 2644 3060 radios.
2680 3013 2813 3061 Item

1766 3084 1815 3142 ὃ,
1853 3083 1967 3132 343.
2003 3082 2083 3132 Ib.
2121 3084 2234 3133 567.
2263 3085 2317 3133 et
2350 3085 2399 3144 6,
2437 3085 2517 3135 85.
2556 3085 2813 3136 Omnibus

1766 3157 1848 3207 his
1894 3157 2128 3221 quinque
2171 3157 2299 3208 locis
2344 3173 2536 3221 cunque
2573 3159 2816 3209 firmatur

1767 3233 1927 3282 etiam
1950 3246 1979 3281 a
2007 3231 2201 3281 Codice
2224 3232 2510 3282 Basileensi
2541 3235 2813 3297 Pomponii

1766 3308 1910 3357 Laeti
1964 3320 2127 3356 manu
2184 3309 2380 3373 scripto
2402 3347 2413 3369 ,
2482 3322 2645 3372 quem
2701 3310 2812 3374 ipse

1767 3380 1961 3432 contuli
1995 3381 2062 3430 ad
2098 3381 2192 3431 Ed.
2220 3382 2424 3446 Forbig.
2496 3384 2604 3434 Cic.
2632 3384 2700 3433 de
2724 3386 2809 3434 Or.

1766 3457 1826 3517 3,
1866 3456 1954 3517 46,
1993 3455 2081 3504 60:
2121 3470 2560 3519 quamsecunque
2582 3461 2683 3508 cet.
2713 3459 2816 3508 Cu-

1766 3531 2035 3593 ningham.
2074 3531 2384 3580 Animade.
2423 3545 2476 3596 p.
2509 3532 2623 3583 420.
2662 3533 2816 3582 affert

1767 3619 1797 3655 e
1824 3603 1954 3655 Cod.
1981 3603 2353 3666 Theodotum,
2390 3607 2450 3666 6,
2488 3606 2584 3656 32:
2622 3607 2816 3656 Aurum

1762 3680 1866 3729 sive
1913 3684 2180 3742 argentium
2226 3694 2421 3741 cunque
2465 3694 2501 3730 a
2536 3694 2817 3742 possessore

1764 3754 2036 3817 confertur,
2074 3754 2310 3802 arcadia
2337 3754 2418 3803 vel
2447 3760 2700 3817 suspector
2731 3768 2818 3809 ac.-

1764 3829 1936 3890 cipiat,
1971 3826 2065 3877 ubl
2087 3840 2227 3877 nunc
2251 3828 2399 3891 Hugo
2422 3829 2524 3878 Iur.
2552 3830 2809 3880 Anteiust.

1766 3903 1823 3951 Τ.
1869 3903 1929 3952 11.
1967 3915 2020 3966 p.
2059 3902 2172 3951 984.
2211 3903 2386 3953 minus
2417 3905 2566 3954 recte
2590 3917 2655 3953 ex
2680 3904 2808 3954 Cod.

1765 3978 1912 4036 1ust.,
1950 3979 2008 4025 ut
2041 3977 2169 4026 mihi
2204 3976 2422 4040 quidem
2449 3979 2685 4040 videtur,
2723 3993 2814 4029 re-

1766 4052 1908 4115 cepit
1960 4051 2311 4114 quodcumun
2372 4066 2498 4103 nam
2552 4054 2815 4117 antiquior

1766 4123 1988 4175 formula
2012 4164 2023 4185 ‚
2095 4140 2126 4174 a
2186 4126 2620 4190 compilatoribus
2680 4127 2809 4178 Cod.

1765 4198 2026 4249 Theodos.
2065 4203 2305 4262 servata,
2358 4203 2636 4252 retinenda
2677 4206 2808 4251 erat.

1767 4273 1926 4332 (Haec
1961 4274 2136 4324 omnia
2177 4288 2370 4327 moneo
2403 4280 2622 4341 propter
2661 4276 2812 4326 Hand
