3234 4975
646 395 770 459 384

1413 398 1646 448 HoaA‘ri
1651 398 1668 446 1
1707 397 2044 449 mannum

1070 550 1413 638 Aedesque
1459 549 1750 618 labentes
1796 550 2068 619 deorum
2111 563 2177 618 et

1155 669 1373 738 Foeda
1417 671 1599 758 nigro
1644 671 1990 740 simulacra
2032 672 2225 739 sumo.

987 821 1098 887 Dis
1141 831 1204 887 te
1253 820 1569 886 minorem
1613 818 1791 908 quod
1836 820 2039 907 geris,
2091 821 2404 908 imperas:

2781 826 2820 886 ξπ

985 941 1146 1009 Hinc
1189 961 1381 1007 omne
1425 939 1842 1027 principium,
1895 941 2019 1007 huc
2062 942 2234 1009 refer
2277 944 2536 1010 exitum.

1067 1062 1145 1127 Di
1191 1060 1391 1128 multa
1435 1060 1707 1149 neglecti
1754 1060 2076 1128 dederunt

1157 1182 1514 1269 Hesperiae
1558 1181 1728 1247 mala
1770 1180 2125 1250 luctuosae.

779 1345 828 1395 3.
865 1344 1105 1406 dedisque
1136 1343 1193 1393 B.
1238 1369 1293 1378 -
1330 1341 1378 1394 4.
1414 1342 1553 1405 fronto
1586 1343 1866 1392 simae-ra
1897 1345 2046 1408 nim-o
2078 1359 2159 1410 pr.
2196 1347 2254 1396 T.
2297 1373 2352 1383 —
2399 1347 2449 1396 6.
2487 1347 2578 1397 Hic
2611 1361 2756 1398 omne

715 1420 785 1479 B,
820 1417 929 1469 Huc
961 1430 1106 1468 omne
1138 1416 1269 1468 Cod.
1310 1418 1367 1479 (Ῡ)
1405 1417 1684 1467 Torrentii.

648 1559 813 1610 Dm
855 1557 1001 1608 aedos
1044 1561 1286 1607 votauota
1330 1560 1420 1605 aut
1459 1555 1702 1619 famab-
1766 1557 2028 1620 principia
2059 1524 2822 1626 morstabatsmotflnbm

650 1631 798 1680 olicae
840 1636 1137 1693 coeptasque
1183 1630 1248 1680 ab
1290 1630 1512 1695 Δυρωω
1559 1630 1702 1680 dedi-
1771 1637 2070 1682 statuerunt.

652 1707 806 1756 cavit.

717 1807 766 1858 4.
816 1806 971 1871 nuno]
1018 1805 1214 1869 partim
1258 1808 1385 1868 post
1420 1806 1697 1866 incendia,

652 1893 882 1944 quorum
947 1879 1308 1929 meminerunt
1370 1880 1580 1929 Tacitus
1645 1882 1702 1929 et

653 1954 933 2003 Suetonius
982 1950 1016 2001 l.
1054 1951 1116 2012 1.‚
1170 1953 1364 2016 partim
1416 1953 1575 2003 etiam
1616 1954 1701 2003 in-

654 2027 800 2077 curia
842 2026 989 2077 fumo
1035 2027 1317 2090 deturpata
1359 2029 1519 2090 atque
1561 2026 1701 2076 offu-

654 2103 819 2152 scata.
877 2099 1128 2151 Sciebant
1161 2102 1340 2151 autem
1375 2102 1526 2151 statis
1560 2102 1702 2151 tem-

653 2173 875 2238 poribus
896 2172 1182 2224 simulacra
1204 2174 1431 2224 deorum
1456 2172 1702 2225 sollemni

655 2248 758 2298 ritu
792 2246 970 2296 lavari.

720 2352 768 2400 5.
820 2348 1082 2413 minorem]
1134 2348 1310 2412 «quod
1357 2351 1416 2399 ut
1456 2349 1704 2412 superio-

655 2438 745 2475 res
777 2424 1050 2474 veneraris
1098 2422 1231 2473 deos
1266 2435 1562 2486 eorumque
1599 2435 1703 2486 po-

654 2500 874 2550 tentiam
910 2498 1047 2548 ultro
1081 2499 1381 2561 agnoscis,
1443 2495 1697 2546 Simonid.

655 2588 709 2638 p.
761 2574 840 2623 43.
889 2572 1253 2623 Schneidew.:
1313 2563 1544 2622 ἅπαντα
1591 2565 1704 2641 γάρ

654 2648 780 2699 ἐστι
810 2644 962 2697 θεῶν
996 2638 1181 2711 ἥσσω.
1237 2648 1348 2697 Cic.
1385 2646 1454 2696 de
1490 2648 1602 2696 Nat
1639 2646 1698 2694 D.

656 2722 713 2783 3,
749 2724 810 2773 2:
848 2723 1030 2772 nostra
1053 2723 1254 2783 civitas,
1292 2734 1425 2782 quae
1443 2733 1705 2781 nunquam

648 2798 872 2860 profecto
904 2797 1010 2846 sine
1046 2809 1243 2845 senuna
1267 2794 1554 2857 placatione
1586 2795 1705 2843 deo-

654 2885 772 2921 rum
787 2871 1148 2920 immortalium
1171 2874 1317 2918 tanta
1332 2881 1431 2918 esse
1445 2868 1700 2929 potuisset.

656 2944 969 2995 Pseudocic.
1030 2942 1099 2993 de
1156 2943 1379 3006 Harusp.
1439 2954 1583 3005 resp.
1640 2942 1702 2990 9:

654 3020 839 3069 Hecale
882 3031 944 3066 ac
987 3017 1229 3079 reliyione
1273 3022 1424 3076 atque
1466 3016 1561 3064 hac
1600 3028 1707 3063 una

656 3091 928 3153 sapientia,
971 3103 1075 3151 qua
1107 3090 1312 3139 «ieonum
1344 3088 1706 3139 immortalium

654 3166 860 3214 nwnine
881 3163 1053 3213 omnia
1072 3165 1182 3227 reqi
1202 3164 1572 3227 gubernatione
1585 3176 1708 3224 per-

656 3240 929 3302 speximus,
966 3250 1133 3287 omnes
1152 3243 1318 3300 gentes
1339 3237 1701 3299 superavimus.

660 3313 995 3366 Contrarium
1057 3311 1236 3374 Eurip.
1304 3309 1510 3360 Herael.
1574 3311 1706 3361 258:

657 3384 872 3451 Σκαιὸς
912 3387 1176 3448 πέφυκας
1215 3382 1319 3435 τοῦ
1355 3381 1496 3435 θεοῦ
1531 3382 1706 3435 πλείω

658 3458 910 3536 φρονῶν.

724 3567 774 3616 6.
801 3564 928 3614 Hinc
944 3560 1068 3625 cet.]
1089 3562 1245 3611 «Hinc
1263 3563 1361 3621 est,
1384 3562 1551 3612 oritur
1566 3576 1710 3612 omne

654 3639 1011 3704 principium.
1049 3647 1179 3685 casu
1203 3636 1543 3686 nominativo.
1610 3635 1708 3687 Alii

658 3717 835 3765 minus
891 3707 1240 3778 probabiliter
1306 3708 1390 3759 vel
1458 3710 1711 3774 supplent

663 3792 837 3840 «erat»
871 3786 957 3838 vel
991 3799 1058 3836 ex
1089 3798 1143 3836 v.
1178 3784 1317 3848 refer
1350 3784 1564 3835 eliciunt
1594 3785 1710 3834 hinc

659 3866 783 3929 pete
800 3861 1277 3924 mprinciptwn.
1307 3859 1576 3910 Sententia
1597 3862 1704 3909 est:

663 3938 928 3988 «Deorum
983 3936 1235 3999 auspiciis
1299 3937 1460 3997 atque
1517 3931 1708 3983 auxilio

660 4023 821 4060 omne
855 4010 1129 4073 inceptum
1154 4007 1550 4073 peragendum:
1589 4006 1708 4058 felix

662 4085 833 4134 exitus
866 4085 1016 4147 grato
1049 4083 1227 4133 animo
1259 4082 1452 4134 iisdem
1476 4081 1713 4132 tribuen-

662 4157 764 4208 dus
820 4158 954 4208 est.»
1032 4156 1140 4206 Liv.
1193 4155 1284 4217 45,
1343 4156 1435 4206 39;
1493 4155 1712 4205 maiores

659 4233 811 4280 vestri
865 4230 1036 4281 onmia
1087 4243 1396 4293 maenarum
1441 4243 1615 4280 rev-tan
1665 4232 1712 4298 qt

2143 1631 2470 1697 (lb-incipiam
2510 1638 2691 1685 autem
2725 1649 2824 1699 per

1774 1702 2217 1772 συνεκφῶνησιν
2239 1707 2598 1771 trisyllabum,
2635 1712 2693 1760 ut
2721 1711 2818 1761 Od.

1775 1780 1833 1841 3
1871 1780 1930 1842 4,
1968 1779 2061 1832 44.
2098 1782 2396 1845 consilium.)

1840 1856 1889 1905 8.
1923 1856 2225 1918 Hesperiae·
2200 1857 2562 1926 -1υοιιιοεαο1α
2538 1857 2746 1909 «ltaliae
2770 1860 2822 1908 in

1772 1927 1978 1982 luctum
2001 1930 2202 1981 effusae
2224 1934 2445 1996 propter
2467 1930 2672 1996 clades,
2710 1934 2826 1996 qui-

1772 2003 1878 2055 bus
1902 2017 2002 2068 per
2025 2007 2104 2054 tot
2134 2018 2302 2056 annos
2336 2006 2512 2056 afficta
2547 2009 2679 2058 est.»

1840 2079 1887 2128 9.
1940 2078 2215 2142 Monaeses]
2265 2079 2406 2129 Haec
2450 2079 2607 2130 lectio
2641 2081 2823 2131 firma-

1775 2152 1862 2201 tur
1893 2165 1923 2202 a
1960 2152 2092 2203 Cod.
2129 2152 2184 2203 b.
2223 2167 2254 2203 a
2299 2167 2380 2217 pr.
2419 2168 2492 2205 m.
2531 2158 2587 2205 et
2618 2169 2649 2205 a
2698 2158 2822 2205 Pot-

1775 2226 1909 2276 tierii
1944 2226 2076 2277 Cod.
2114 2229 2240 2291 Reg.
2277 2229 2423 2279 8072.
2483 2230 2602 2279 Sec.
2628 2230 2690 2280 X.
2719 2231 2824 2280 Ce-

1777 2300 1876 2349 teri
1895 2302 2147 2351 Monaests
2162 2340 2174 2363 ,
2201 2301 2346 2364 quod
2369 2305 2542 2353 metro
2560 2306 2824 2367 repugnat

1776 2375 1939 2437 atque
1985 2377 2161 2424 ortum
2207 2378 2292 2426 est
2334 2389 2398 2426 ex
2442 2377 2825 2428 accommoda-

1778 2448 1920 2499 tione
1976 2449 2195 2501 minime
2251 2452 2554 2502 necessaria
2610 2451 2678 2502 ad
2733 2465 2819 2502 vv.

1774 2524 1954 2573 Pacori
1985 2537 2184 2574 manus.
2223 2525 2414 2583 Quidni
2438 2527 2582 2577 enim
2617 2525 2825 2577 licuerit

1776 2599 1967 2660 poetae
2003 2597 2212 2648 dicere:
2265 2600 2611 2660 «Monaese8‚
2649 2600 2825 2651 clarus

1777 2669 1862 2721 ille
1897 2673 2212 2722 Parthorum
2247 2672 2379 2733 dux,
2433 2676 2489 2724 et
2526 2676 2822 2736 exercitus,

1778 2745 1865 2795 cui
1898 2745 2127 2809 praefuit
2148 2748 2505 2798 Pacoruso—‘i
2540 2752 2824 2800 Praeterea

1777 2819 2019 2869 iunctura
2054 2821 2152 2871 ista
2171 2860 2183 2883 ,
2220 2836 2382 2886 quam
2404 2823 2641 2888 praefert
2661 2836 2827 2888 nupe—

1779 2906 1870 2943 rus
1906 2894 2123 2957 quidam
2169 2897 2457 2962 interpre8‚
2498 2911 2682 2947 manue
2710 2900 2828 2948 Μο-

1777 2968 1942 3017 naesis
1972 2973 2021 3018 et
2049 2971 2229 3021 Pacori
2263 2972 2420 3022 nimis
2453 2971 2663 3022 redolet
2683 2971 2828 3023 abie—

1780 3042 2073 3094 ctissimam
2117 3045 2382 3107 pedestris
2423 3047 2675 3096 orationis
2717 3046 2828 3097 for-

1781 3128 1944 3166 mam.
1986 3144 2041 3154 —
2078 3118 2165 3182 bis]
2201 3119 2369 3170 semel
2406 3121 2731 3185 imperatore
2755 3120 2822 3172 Μ.

1782 3190 2005 3251 Crasso,
2057 3192 2149 3253 qui
2194 3190 2436 3255 plurimis
2476 3195 2728 3258 prodigiis
2772 3196 2829 3245 et

1782 3264 1841 3314 C.
1868 3264 2001 3314 Ateii
2036 3264 2163 3315 diris
2192 3266 2386 3317 frustra
2420 3269 2653 3318 monitus
2697 3270 2823 3332 (Cic.

1781 3336 1849 3389 de
1901 3339 2072 3388 Divin.
2112 3341 2167 3400 4,
2224 3340 2324 3403 46.)
2373 3343 2556 3390 contra
2602 3342 2826 3393 Parthos

1778 3412 2052 3477 profectus
2120 3427 2244 3464 cum
2299 3416 2500 3465 maiore
2558 3418 2825 3468 exercitus

1781 3490 1932 3551 parte
1955 3488 2115 3552 periit
2134 3501 2181 3538 a.
2211 3501 2264 3538 u.
2290 3503 2336 3538 c.
2365 3490 2508 3548 704.;
2542 3490 2732 3540 iterum
2758 3492 2823 3542 u.

1781 3562 2034 3623 Antonio,
2072 3563 2224 3613 cuius
2246 3563 2478 3628 primum
2501 3561 2705 3626 legatus
2729 3565 2831 3614 De-

1782 3635 1952 3685 cidius
1997 3637 2130 3686 Saxa
2175 3650 2299 3687 cum
2333 3634 2630 3700 legionibus
2672 3638 2831 3687 inter·

1782 3712 1996 3775 emptus
2030 3714 2115 3762 est
2146 3724 2178 3761 a
2209 3712 2415 3761 Parthis
2456 3724 2506 3761 a.
2532 3724 2586 3759 u.
2614 3725 2662 3762 c.
2690 3711 2827 3773 7⁴4„

1783 3783 1922 3835 duce
1972 3787 2203 3846 Pacoro,
2264 3785 2452 3837 Orodis
2502 3787 2644 3849 regis
2691 3785 2821 3849 filio,

1781 3858 2021 3910 Phraatis
2063 3859 2224 3910 fratre
2268 3861 2394 3910 natu
2431 3860 2665 3922 maiore,
2715 3860 2830 3910 viro

1784 3931 2071 3984 fortissimo
2107 3936 2163 3983 et
2191 3932 2556 3984 laudatissimo
2594 3934 2706 3997 (Dio
2736 3933 2828 3993 48,

1782 4004 2001 4069 24-26.);
2037 4009 2152 4059 tum
2187 4008 2378 4071 etipse
2417 4007 2499 4071 (id
2531 4006 2707 4070 quod,
2754 4008 2830 4057 uti

1781 4092 1882 4143 par
1896 4081 2038 4142 erat,
2064 4079 2159 4130 Iuli
2181 4082 2388 4131 Antonii
2413 4080 2502 4132 filii
2524 4082 2729 4131 amicus
2751 4082 2829 4129 ta-

1784 4157 1872 4203 cet
1894 4154 2156 4217 Horatius)
2180 4167 2230 4205 a.
2251 4169 2304 4206 u.
2326 4170 2375 4207 c.
2395 4156 2509 4206 748.
2535 4155 2829 4205 exercitum

1784 4226 2044 4278 adversus
2085 4226 2203 4279 illos
2244 4229 2464 4280 ductum
2499 4229 2675 4280 amisit
2709 4229 2830 4292 (Dio
