3234 4975
651 420 774 485 564

1439 422 1694 471 HORATII
1729 421 2066 475 CARMINUM

909 576 1120 641 Sensit
1162 584 1226 640 et
1270 576 1495 641 Troiae
1541 597 1746 663 prope
1793 579 1994 643 victor
2039 577 2206 642 altae

1077 695 1339 761 Phthius
1383 694 1658 762 Achilles
1680 749 1692 773 ‚

911 855 1155 921 Ceteris
1201 855 1434 930 maior,
1482 854 1594 920 tibi
1641 855 1825 920 miles
1874 855 2111 942 impar,

910 975 1101 1040 Filius
1145 976 1440 1062 quamvis
1486 974 1767 1040 Thetidis
1813 975 2098 1041 marinae

910 1095 1242 1162 Dardanas
1284 1107 1495 1162 turres
1540 1106 1839 1184 quateret
1880 1097 2218 1162 tremenda

1084 1216 1366 1302 Cuspide
1411 1237 1687 1303 pugnax

911 1374 1055 1451 Ille,
1109 1373 1394 1441 mordaci
1439 1374 1609 1440 velut
1653 1376 1776 1442 icta
1819 1377 1990 1442 ferro

908 1497 1104 1563 Pinus
1149 1506 1258 1562 aut
1301 1495 1575 1583 impulsa
1622 1517 1974 1582 cupressus
2021 1499 2228 1573 Euro,

2749 1501 2825 1565 210

911 1616 1194 1684 Procidit
1237 1616 1360 1682 late
1405 1617 1751 1703 posuitque
1794 1616 2028 1683 collum
2073 1618 2135 1683 in

793 1804 842 1854 6.
881 1816 1190 1864 quamquam
1222 1804 1275 1853 F.
1316 1804 1391 1864 (Ut
1427 1816 1548 1861 nos,
1588 1804 1755 1853 nostri
1780 1805 2008 1868 omnes)
2050 1833 2103 1841 -
2134 1806 2354 1857 Thetidos
2377 1808 2494 1857 CtF.
2535 1808 2613 1872 (Ut
2634 1823 2756 1868 noS,

720 1877 922 1939 nostri.)
946 1902 999 1912 -
1042 1877 1120 1926 40.
1157 1878 1399 1937 impressa
1432 1878 1470 1926 B
1506 1879 1561 1927 et
1593 1878 1828 1942 quinque
1865 1880 2119 1940 Pottierii;
2157 1883 2361 1944 recepit
2386 1884 2643 1946 Cuningh.
2684 1887 2759 1946 (Ut

724 1966 848 2013 nos»,
887 1950 1105 2013 bSTcd.)
1148 1978 1201 1987 —-
1244 1952 1322 2000 44.
1360 1952 1413 1999 in
1448 1964 1555 2001 om.
1593 1950 1657 2012 b,
1695 1951 1877 2004 Aldus.

657 2120 881 2167 conatus
926 2119 1073 2176 erat,
1129 2119 1186 2166 ut
1219 2108 1429 2177 ἕλκειν,
1486 2110 1702 2187 ῥυστά-
1777 2107 1906 2173 νός,
1942 2109 2084 2162 θεοῦ
2121 2111 2167 2162 δ’
2200 2106 2316 2165 ὕπο
2337 2154 2348 2175 ,
2387 2112 2669 2179 Τοξευτός
2690 2154 2704 2175 ,
2741 2111 2822 2179 ὥς

655 2196 786 2255 ζειν.
824 2191 1044 2253 Egregia
1078 2191 1213 2253 Tityi
1249 2191 1474 2254 raptoris
1496 2192 1702 2255 pictura

656 2268 739 2317 est
770 2267 824 2314 in
859 2264 1100 2314 Gerhard
1139 2266 1345 2328 Vasenq.
1383 2267 1422 2314 1.
1460 2266 1516 2314 T.
1543 2267 1697 2318 XXll.

654 2340 778 2389 Eius
828 2337 897 2387 ab
943 2337 1179 2402 Apolline
1229 2339 1493 2390 interfecti
1528 2340 1702 2404 imago

654 2414 797 2478 apud
848 2412 1038 2475 lnghir.
1077 2414 1207 2463 Gall.
1247 2414 1355 2462 Om.
1392 2414 1476 2462 111.
1520 2414 1577 2463 T.
1615 2413 1697 2464 84.

719 2489 767 2539 3.
822 2487 870 2538 4.
925 2487 1110 2550 Sensit]
1168 2501 1329 2551 grave
1367 2487 1595 2538 verbum
1631 2489 1699 2539 de

652 2577 745 2624 eo,
800 2563 892 2623 qui
926 2560 1148 2612 alicuius
1182 2563 1290 2612 vim
1326 2563 1566 2625 iramque
1603 2576 1701 2612 ex-

648 2638 870 2701 peritur.
899 2661 957 2671 —
985 2648 1145 2697 prope
1164 2635 1341 2698 victor]
1376 2636 1698 2699 interempto

651 2711 896 2761 Hectore.
956 2735 1011 2745 —
1069 2709 1228 2772 altae]
1268 2711 1419 2760 Hom.
1462 2707 1607 2758 Iliad.
1635 2725 1695 2770 ν,

649 2783 777 2833 773:
802 2777 976 2844 Ἴλιος
992 2778 1238 2846 αἰπεινή.
1278 2782 1469 2846 Odyss.
1491 2799 1544 2847 y,
1572 2783 1695 2832 43οε

648 2853 943 2928 Πριάμοιο
992 2853 1158 2907 πόλιν
1193 2854 1571 2926 διεπέρσαμεν
1604 2857 1698 2905 αἰ-

649 2928 782 2995 πήν.
812 2958 870 2968 -
894 2930 1114 2993 Phthius]
1151 2930 1529 2992 Myrmidones,
1559 2944 1698 2993 quo—

649 3019 768 3055 rum
805 3004 914 3054 dux
947 3006 1065 3053 erat
1092 3001 1347 3063 Achilles,
1385 3003 1696 3054 Phthiotidis

653 3079 884 3140 regionis
934 3079 987 3126 in
1031 3075 1303 3127 Thessalia
1353 3080 1504 3127 erant
1544 3078 1699 3127 inco-

651 3152 754 3202 lae.
785 3178 840 3187 —
879 3148 1295 3201 pulcherrimam
1318 3149 1532 3201 Achillis
1567 3152 1698 3202 ima-

654 3226 834 3289 ginem
868 3223 1095 3288 praebet
1128 3223 1388 3286 Millingen
1407 3225 1528 3274 Ano.
1554 3227 1692 3276 Mon.

652 3302 709 3349 T.
756 3299 1115 3358 XX-XXIV.,
1186 3297 1423 3347 Gerhard
1485 3301 1692 3364 Vasenq.

650 3374 734 3422 111.
774 3373 829 3424 T.
870 3371 1170 3421 CLXXXIV.

716 3449 764 3496 5.
804 3447 851 3496 6.
892 3446 1073 3495 ceteris
1092 3444 1275 3510 viator]
1312 3445 1454 3497 Iliad.
1484 3462 1550 3508 α,
1576 3447 1692 3499 442.

648 3514 890 3590 ἄριστος
909 3513 1147 3578 Ἀχαιῶν
1180 3519 1488 3584 appellatur.
1522 3547 1576 3557 —
1610 3521 1700 3569 tibi

647 3597 788 3646 miles
818 3594 1012 3658 impar]
1048 3592 1191 3644 Iliad.
1228 3609 1266 3654 χ
1288 3631 1302 3654 ,
1339 3595 1451 3645 358.
1499 3596 1698 3646 Hector

648 3668 864 3721 Achilli:
926 3664 1142 3739 Φράζεο
1194 3664 1296 3718 νῦν
1319 3705 1333 3726 ,
1385 3665 1471 3733 μή
1514 3669 1608 3718 τοί
1643 3683 1698 3717 τι

648 3742 800 3796 θεῶν
830 3739 1061 3809 μήνιμα
1087 3743 1342 3807 γένωμαι
1356 3736 1572 3806 ε’Ἠματι
1594 3739 1694 3809 τῷ,

651 3812 748 3870 ὅτε
808 3820 907 3869 κέν
967 3832 1036 3867 σε
1095 3813 1279 3888 Πάρις
1333 3817 1431 3866 καὶ
1481 3814 1698 3879 Φοῖβος

644 3887 929 3945 Ἀπόλλων
957 3886 1202 3942 Ἐσθλόν
1230 3886 1377 3941 ἐόντ’
1415 3884 1699 3940 ὀλέσωσιν

649 3967 736 4019 ἐνὶ
783 3963 1033 4036 Σκαιῇσι
1082 3963 1357 4037 πύλῃσιν·
1415 3964 1483 4015 ad
1533 3977 1698 4028 quem

648 4041 828 4092 locum
861 4041 1097 4103 Heynius
1121 4039 1456 4103 Cyclicorum
1490 4042 1545 4089 et
1577 4041 1700 4089 Tra-

649 4117 888 4179 gicorum
923 4114 990 4164 de
1024 4113 1238 4165 Achillis
1275 4116 1447 4165 morte
1468 4110 1699 4178 μύθους

651 4187 892 4251 collegit3
932 4187 1055 4238 addi
1077 4191 1289 4253 poterat
1309 4188 1552 4253 Sophocl.
1581 4189 1699 4239 Phi-

651 4263 774 4314 loet.
802 4261 930 4314 334:
970 4262 1256 4329 Τέθνηκεν
1290 4256 1499 4332 ἀνδρὸς
1531 4255 1696 4313 οὐδε-

1775 2183 2075 2251 λέγουσιν,
2128 2187 2192 2238 ἐκ
2245 2187 2465 2249 Φοίβου
2499 2188 2718 2255 δαμείς.
2762 2218 2818 2227 -

1773 2256 2013 2323 Μύθους
2036 2261 2103 2311 de
2126 2261 2338 2314 Achillis
2378 2265 2591 2315 interitu
2615 2265 2825 2327 collegit

1776 2336 1937 2386 etiam
1953 2335 2205 2388 Welcker
2220 2339 2311 2388 Gr.
2338 2339 2574 2403 Tragoed.
2593 2353 2648 2403 p.
2670 2341 2758 2389 444
2768 2339 2819 2390 4.

1774 2411 1832 2459 In
1854 2411 1989 2461 Mna.
2016 2412 2227 2475 (ἔναρον.
2262 2415 2317 2463 Τ.
2345 2415 2476 2464 Xlll.
2501 2413 2751 2475 Achilles,
2789 2428 2821 2463 a

1773 2484 2007 2536 Minerva
2030 2487 2260 2548 adiutus,
2298 2488 2493 2538 occidit
2513 2480 2819 2550 Hectorem,

1773 2558 1873 2608 sed
1905 2561 2093 2611 victori
2125 2561 2340 2612 iamiam
2377 2576 2505 2613 arcu
2549 2564 2822 2613 minitatur

1773 2635 2004 2684 mortem
2026 2633 2229 2699 Apollo.
2265 2635 2478 2687 Achillis
2501 2638 2822 2688 interfectio-

1773 2720 1899 2758 nem
1943 2709 2066 2759 vide
2100 2711 2154 2759 in
2188 2711 2325 2760 Mon.
2377 2711 2486 2761 dell'
2519 2712 2638 2761 Inst.
2678 2713 2715 2760 l.
2754 2712 2811 2760 T.

1772 2782 1854 2831 54.
1910 2783 2039 2832 Arm.
2083 2784 2192 2833 aeu’
2227 2784 2345 2833 Inst.
2383 2786 2522 2834 arch.
2561 2786 2617 2835 T.
2656 2786 2716 2835 V.
2753 2799 2808 2849 p.

1771 2854 1886 2907 224.
1947 2857 2096 2907 Cons.
2145 2857 2214 2907 ad
2247 2871 2298 2906 v.
2339 2859 2420 2907 44.
2475 2886 2529 2894 -
2593 2858 2818 2923 Thetidis]

1773 2930 2156 2994 Quinquaginta
2176 2932 2386 2982 circiter
2408 2935 2616 2982 exstant
2638 2935 2822 2984 etiam-

1771 3016 1915 3053 nunc
1935 3017 2062 3055 vasa
2085 3007 2245 3069 picta,
2282 3005 2560 3056 Thetidem
2595 3007 2819 3070 eiusque

1771 3080 2043 3141 raptorem
2076 3078 2292 3129 Peleum
2334 3080 2479 3129 varie
2514 3082 2820 3143 exprimen-

1771 3153 1857 3202 tia.
1885 3152 2017 3202 Vide
2039 3152 2497 3204 Raoul-Rochette
2519 3156 2655 3204 Mon.
2681 3155 2813 3204 ὄπόά.

1836 3301 1884 3349 7.
1912 3301 1960 3351 8.
1999 3300 2177 3365 mures]
2204 3298 2475 3371 πύργους.
2495 3329 2547 3338 -
2569 3303 2815 3366 quateret]

1773 3373 2175 3435 «labefactaret,
2247 3374 2332 3425 vel
2384 3378 2498 3426 sine
2549 3377 2776 3439 imagine
2800 3415 2813 3435 ,

1769 3449 1980 3498 ruinam
2046 3450 2110 3498 iis
2176 3450 2533 3510 minitaretur,
2597 3464 2818 3514 pugnax

1769 3524 2032 3585 cti-wido»,
2087 3523 2154 3574 de
2204 3536 2310 3586 qua
2360 3523 2503 3574 Iliad.
2554 3539 2617 3586 τ,
2671 3525 2803 3574 387:

1765 3589 1862 3645 Ἐκ
1915 3594 1963 3645 δ’
2020 3590 2137 3667 ἄρα
2189 3594 2464 3668 σύριγγος
2518 3595 2811 3669 πατρώϊον

1771 3667 2050 3719 ἐσπάσατ’
2102 3664 2273 3736 ἔγχος
2294 3708 2306 3732 ,
2357 3668 2541 3741 Epa-925
2561 3707 2576 3733 ,
2628 3673 2780 3737 μέγα
2800 3709 2815 3732 ,

1772 3739 2076 3815 στιβαρόν·
2129 3740 2197 3793 τὸ
2242 3744 2351 3810 μὲν
2385 3739 2456 3795 οὗ
2491 3741 2681 3796 δύνατ’
2713 3739 2820 3795 ἄλ-

1773 3816 1873 3881 λος
1916 3812 2154 3878 Ἀχαιῶν
2201 3816 2451 3869 Πάλλειν
2469 3857 2483 3881 ,
2537 3815 2686 3870 α’λλσί
2716 3834 2819 3884 μιν

1774 3888 1899 3955 οἶος
1954 3892 2226 3944 ἐπίστατο
2282 3891 2462 3959 πῆλαι
2516 3889 2814 3956 Ἀχιλλεύς.

1773 3965 1956 4018 Florus
1977 3969 2035 4027 2,
2074 3968 2136 4026 9,
2176 3969 2227 4017 l:
2267 3966 2477 4017 Fulvius
2498 3967 2818 4018 Ambraciam

1771 4042 2085 4091 --machinis
2106 4043 2285 4102 quatit.
2325 4040 2436 4105 (Alii
2470 4042 2647 4092 minus
2668 4045 2815 4091 recte

1773 4116 2026 4178 iungunt:
2065 4116 2265 4177 cuspide
2297 4119 2547 4177 quateret,
2580 4128 2814 4178 puynax,

1773 4190 1858 4239 cui
1882 4188 2099 4252 quidem
2133 4190 2408 4239 iuncturae
2444 4191 2704 4253 repugnat
2731 4190 2816 4239 vel

1773 4264 1886 4325 ipsa
1921 4275 2177 4324 caesura,
2215 4276 2317 4313 nec
2330 4277 2547 4327 puynaae
2571 4264 2648 4314 sic
2672 4263 2815 4313 nude
