3234 4975
1172 415 1288 464 LlB.
1328 415 1362 463 1.
1436 416 1494 464 C.
1532 414 1591 463 X.

1153 858 1784 922 cmx-

813 1027 1115 1106 Mercuri,
1163 1027 1436 1095 facunde
1480 1050 1684 1117 nepos
1734 1028 2036 1108 Atlantis,

816 1150 938 1230 Qui
984 1149 1154 1216 seros
1196 1149 1406 1217 cultus
1450 1150 1787 1217 hominum·
1821 1161 2154 1218 recentum

811 1273 982 1338 Voce
1026 1272 1307 1338 formasti
1352 1282 1533 1339 catus
1577 1283 1643 1338 et
1684 1271 1964 1340 decorae

523 1489 584 1540 x.
652 1489 816 1539 Inscr.
853 1487 989 1554 volg.
1028 1491 1083 1540 et
1114 1490 1176 1539 S:
1233 1487 1310 1538 Aa
1339 1490 1664 1541 Marcia-im.
1723 1490 1838 1541 Om.
1876 1490 1931 1539 T.
1974 1517 2029 1526 —-
2068 1491 2113 1539 4.
2149 1491 2372 1540 Momm·
2402 1490 2482 1554 sa-

460 1564 639 1624 cundo,
674 1576 825 1625 nepos
855 1561 1039 1624 T‚LCt.
1083 1589 1137 1599 -
1174 1565 1222 1614 2.
1260 1570 1425 1614 coctus
1455 1563 1754 1614 Withotius.

463 1738 523 1789 X.
597 1740 880 1802 «Hymnus
914 1744 998 1792 est
1030 1742 1084 1791 iu
1116 1742 1437 1794 Mercurium

399 1812 467 1863 ab
500 1812 693 1865 Alcaeo
724 1813 891 1878 lyrico
912 1818 1123 1880 poeta.»
1184 1818 1432 1866 Ponam

399 1889 620 1939 Pausan.
646 1890 697 1950 7,
732 1891 822 1940 20:
865 1887 1042 1950 βουσὶ
1072 1888 1184 1960 γὰρ
1217 1891 1437 1962 χαίρειν

398 1959 652 2050 μάλιστα
712 1957 966 2028 Ἀλκαῖος
1029 1961 1314 2031 ἐδήλωσεν
1374 1966 1437 2018 ἐν

400 2027 558 2124 ξμνῳ
591 2034 671 2104 τῷ
705 2039 786 2101 εἰς
812 2033 1035 2128 Ἑρμῆν
1066 2037 1321 2112 γράψας
1357 2037 1438 2107 ὥς

400 2106 435 2159 ὁ
495 2106 716 2183 Ἐρμῆς
779 2111 926 2177 βοῦς
991 2108 1266 2177 ὑφέλοιτο
1331 2115 1435 2169 τοῦ

393 2179 758 2252 Ἀπόλλωνος.
825 2191 1037 2240 Initium
1078 2191 1300 2243 fortasse
1343 2193 1440 2243 ruit

400 2265 602 2327 Fragm.
639 2265 688 2314 Ξ.
725 2265 919 2328 Bergk:
972 2264 1175 2352 Χαῖρε,
1212 2264 1439 2319 Κυλλά-

397 2354 500 2401 νας
544 2333 579 2387 ὁ
622 2336 832 2405 μέδεις,
881 2339 949 2389 σὲ
991 2337 1103 2412 γάρ
1132 2357 1255 2408 μοι.
1323 2343 1437 2394 Noli

400 2415 575 2463 tamen
609 2413 856 2464 arbitrari
889 2428 1011 2466 cum
1056 2418 1114 2466 G.
1152 2419 1205 2467 F.
1251 2420 1439 2468 Grote-

400 2490 574 2540 sendio
588 2528 600 2551 ,
647 2491 737 2554 qui
779 2491 835 2541 in
877 2494 1135 2543 Graecum
1182 2495 1441 2545 convertit

402 2566 544 2627 (Nov.
581 2567 695 2616 Act.
733 2566 852 2617 Soc.
890 2568 999 2617 Lat.
1044 2568 1251 2631 Lipsiae
1287 2569 1432 2620 4806.

398 2651 451 2702 p.
508 2640 665 2704 223.‚)
716 2642 911 2704 «fidam
962 2642 1101 2691 hanc
1157 2656 1277 2693 esse
1329 2644 1440 2693 Ho-

398 2714 515 2762 ratii
566 2716 923 2766 versionem»
978 2743 1034 2752 —
1091 2718 1308 2768 Nomius
1351 2719 1434 2778 26,

397 2788 516 2838 283:
602 2785 955 2875 τανύπτερον
1036 2790 1164 2842 υἱέα
1227 2792 1436 2855 Μαίας,

396 2859 673 2929 nouom·
705 2858 1026 2931 brema
1051 2863 1249 2933 σοφῆς
1277 2863 1439 2919 ἰθύν-

397 2953 540 3010 τορα
571 2937 789 3006 φωνῆς.
849 2942 1091 2992 Mercurii
1125 2944 1306 2994 autem
1339 2941 1440 2993 λο-

397 3015 525 3080 γίου
557 3015 828 3067 Venerem
848 3020 1067 3081 propter
1087 3018 1377 3069 Adonidis
1364 3033 1442 3069 m·

399 3091 609 3141 teritum
654 3091 973 3143 consolantis
1008 3091 1228 3155 pulchra
1263 3095 1439 3158 imago

400 3168 482 3214 est
512 3166 565 3214 in
598 3166 766 3216 Musei
799 3166 1027 3218 Borbon.
1065 3167 1177 3219 Vol.
1202 3170 1242 3218 1.
1269 3170 1324 3219 T.
1353 3169 1434 3219 32.

398 3238 547 3289 Aliud
597 3253 818 3304 prorsus
874 3242 1145 3306 egregium
1193 3245 1439 3294 Mercurii

396 3315 670 3378 piscatoris
716 3314 1060 3367 simulacrum
1102 3331 1155 3366 v.
1197 3317 1312 3367 Vol.
1349 3319 1434 3368 111.

396 3390 451 3439 Τ.
487 3388 569 3440 44.
607 3391 662 3439 et
703 3389 787 3441 42.
858 3391 1105 3455 (Tempus
1122 3429 1134 3452 ‚
1184 3405 1290 3456 quo
1334 3392 1439 3443 hoc

398 3475 614 3514 carmen
664 3465 1019 3529 compositum
1068 3467 1163 3527 sit,
1222 3468 1438 3518 omnino

396 3538 601 3588 definiri
634 3540 852 3603 nequit.)

461 3614 506 3663 4
572 3613 804 3679 facunde]
860 3616 957 3666 Hic
1009 3611 1206 3682 λόγιος
1256 3617 1431 3681 (Or-ph.

397 3688 588 3751 Hymn.
625 3690 708 3751 27,
749 3689 807 3740 4:
866 3686 1044 3757 λόγου
1089 3689 1432 3761 προφήτης),

395 3775 445 3812 v
482 3763 512 3812 3
536 3776 619 3828 sq.
657 3756 1004 3830 α’γώνιος.-
1024 3780 1175 3828 nepos
1203 3768 1432 3833 Atlmtis]

394 3849 492 3900 per
522 3839 730 3889 Maiam
788 3841 999 3891 Poetica
1033 3842 1166 3892 ratio
1199 3842 1347 3893 iubet
1376 3856 1429 3893 v.

391 3911 603 3974 facunde
647 3915 791 3978 iungi
831 3929 955 3966 cum
988 3930 1038 3966 v,
1080 3931 1255 3979 nepos,
1304 3932 1429 3980 non,

397 3989 454 4036 ut
486 3987 569 4038 alii
604 3989 872 4053 fecerunt,
923 4005 1048 4042 cum
1091 4005 1142 4042 v
1190 3994 1428 4043 Mercuri.

392 4062 539 4112 ovid.
576 4064 712 4114 Fast.
748 4066 798 4128 5,
836 4066 950 4118 663.
1004 4066 1120 4117 loco
1169 4080 1432 4131 perquam

392 4135 571 4189 simili:
622 4140 768 4190 Clare
808 4155 960 4204 nepos
1004 4142 1241 4202 Atlantis,
1294 4144 1429 4203 adeS,

392 4226 536 4274 quom
564 4215 813 4265 montibus
851 4217 970 4266 olim
999 4216 1169 4266 Edidit
1206 4216 1436 4265 Arcadiis

392 4287 549 4338 Pleias
577 4303 684 4340 una
718 4290 899 4353 (Bentl.
934 4292 1059 4356 uda)
1089 4292 1212 4341 Iovi.

560 4381 744 4429 licum.
779 4396 889 4430 vot..
924 4385 955 4429 l.
1016 4395 1078 4429 ιιι)
1108 4393 1263 4428 tumn
1293 4381 1361 4427 m.

1573 1743 1624 1792 2.
1684 1742 1855 1793 Cultus
1885 1753 2010 1793 cum
2042 1742 2303 1806 significet
2333 1757 2550 1797 omnem

1508 1828 1678 1880 prope
1712 1819 1985 1867 externam
2034 1818 2244 1868 vivendi
2290 1821 2551 1871 rationem

1512 1893 1592 1951 et,
1641 1894 1702 1942 ut
1734 1891 1787 1941 h.
1824 1891 1888 1952 l.‚
1939 1905 2143 1952 mores,
2191 1894 2334 1958 apud
2364 1898 2551 1958 poetas

1510 1968 1657 2016 certe
1679 1967 1918 2030 recipere
1935 1969 2111 2030 potest
2126 1968 2357 2031 epitheta
2373 1969 2532 2022 huius

1511 2041 1683 2101 modi,
1720 2044 1781 2091 ut
1809 2041 1979 2105 sonas,
2015 2055 2188 2104 asper,
2224 2046 2450 2107 agrestis.
2493 2074 2547 2082 —

1510 2116 1764 2166 honum
1793 2116 2060 2181 recondunt]
2096 2118 2173 2168 De
2196 2120 2336 2169 statu
2356 2120 2555 2182 primo-

1510 2204 1630 2241 rum
1665 2191 1938 2242 hominum
1981 2192 2074 2242 cfr.
2112 2193 2216 2243 Sat.
2257 2195 2304 2255 4,
2340 2193 2389 2257 3,
2428 2196 2549 2245 40οε

1509 2271 1704 2316 mmm
1736 2271 1784 2317 et
1815 2271 1960 2329 turpe
1982 2280 2152 2330 pecus.

1575 2415 1625 2466 3.
1691 2417 1828 2482 Voce]
1887 2410 2225 2488 «Ἐρμηνεία
2279 2416 2554 2468 excoluisti

1511 2491 1755 2544 homines
1787 2492 1967 2553 rudes,
2006 2507 2100 2543 eos
2134 2493 2333 2545 docens
2368 2494 2556 2544 distin-

1513 2570 1595 2617 cte
1649 2581 1712 2617 ac
1763 2566 1990 2617 dilucide
2042 2581 2166 2619 suas
2212 2569 2555 2632 cogitationes

1513 2641 1864 2704 exprimere.»
1932 2641 2079 2692 ovid.
2134 2644 2270 2692 Fast.
2323 2645 2374 2705 5,
2429 2645 2550 2695 665ε

1509 2716 1654 2765 Pacis
1701 2721 1750 2765 ct
1796 2729 2057 2765 annonam
2109 2717 2303 2777 uapor-is
2349 2718 2557 2780 imisque

1512 2791 1719 2840 domm
1748 2789 1971 2851 Arbiter,
2007 2791 2145 2840 alato
2177 2791 2264 2853 qun·
2288 2794 2416 2854 podo
2434 2807 2556 2843 car-

1504 2866 1588 2926 pis
1617 2866 1742 2924 item
1792 2865 1943 2914 Lacte
1982 2864 2125 2924 lyrae
2163 2867 2342 2929 pulsu,
2393 2869 2557 2918 nitida

1513 2952 1708 3001 quoquo
1738 2938 1865 2989 lactc
1887 2938 2174 3002 palaestra,
2230 2942 2337 3003 Quo
2386 2943 2560 2994 didicit

1511 3015 1640 3065 οιιίίο
1671 3015 1849 3078 linqua
1875 3014 2074 3078 favento
2115 3016 2278 3079 loq-un·
2323 3016 2416 3068 ubi
2463 3018 2557 3069 de-

1512 3089 1699 3140 scribit
1746 3091 1989 3140 Mercurii
2034 3090 2180 3141 diem
2229 3091 2423 3143 festum
2473 3095 2551 3151 ld.

1512 3164 1660 3216 Maiis
1678 3162 1937 3214 celebrari
1955 3163 2183 3217 solitum.
2224 3164 2352 3235 (Noli
2374 3170 2555 3219 tamen

1513 3239 1735 3289 credere
1770 3250 1974 3303 nupero
2010 3240 2220 3291 cuidam
2261 3242 2552 3305 interpreti,

1512 3316 1773 3378 hymnum
1814 3314 1958 3365 hunc
1997 3316 2052 3365 in
2084 3314 2219 3366 illius
2259 3316 2363 3366 diei
2396 3331 2555 3368 usum

1511 3388 1783 3454 publicum
1817 3391 2171 3453 compositum
2194 3402 2331 3440 esse.
2385 3392 2555 3441 Immo

1511 3477 1662 3514 mera
1697 3463 1790 3513 fuit
1821 3462 2018 3526 lyricae
2043 3463 2299 3514 facultatis
2322 3465 2377 3513 et
2399 3478 2557 3514 exer-

1511 3539 1688 3589 citatio
1723 3541 1778 3588 et
1809 3538 1980 3601 opus.)
2048 3537 2145 3587 Alii
2188 3538 2454 3601 accipiunt
2486 3538 2554 3587 de

1510 3615 1737 3673 musica,
1786 3611 1884 3662 sed
1929 3611 2074 3675 quod
2121 3613 2222 3662 hac
2255 3614 2369 3661 arte
2403 3613 2554 3663 insti-

1509 3690 1681 3738 tutum
1715 3689 1799 3737 est
1831 3699 1998 3751 genus
2032 3687 2325 3736 humanum
2341 3725 2353 3746 ‚
2390 3685 2553 3749 Apol-

1506 3763 1596 3815 lini
1631 3766 1686 3814 et
1716 3764 1878 3814 Musis
1910 3763 2084 3826 potius
2108 3760 2293 3810 deberi
2321 3760 2546 3811 videtur.

1512 3866 1566 3877 —-
1602 3839 1760 3903 catus]
1811 3839 1980 3887 Varro
2021 3837 2119 3886 LL.
2166 3836 2215 3896 7,
2259 3836 2358 3887 46:
2412 3841 2547 3899 cata,

1506 3920 1687 3973 acutam
1721 3915 1811 3963 hoc
1833 3913 1964 3962 enim
1981 3910 2131 3960 verbo
2154 3911 2322 3961 dimam
2342 3910 2549 3969 Sabini,-

1506 4004 1664 4052 quare
1712 3994 1886 4038 catus
1923 3986 2114 4037 Aeliu'
2160 3987 2384 4037 Sextus
2426 4001 2546 4047 non,

1503 4070 1560 4114 ut
1592 4066 1761 4125 am,
1797 4062 2011 4124 sapiam,
2047 4062 2133 4111 sed
2163 4067 2353 4111 acutus,
2398 4062 2551 4111 Catus

1505 4140 1753 4189 inseritur
1772 4150 1871 4201 per
1891 4136 2250 4199 parenthesin,
2282 4148 2384 4185 nec
2406 4136 2546 4198 iungi

1504 4215 1682 4278 potest
1711 4216 1853 4262 catus
1881 4224 2001 4261 voco
2031 4216 2080 4260 et
2106 4223 2262 4260 more.
2304 4237 2358 4246 ——
2401 4210 2546 4258 deco—

1504 4288 1610 4352 rae]
1650 4300 1818 4351 aquae
1853 4288 2020 4338 decus
2054 4288 2109 4337 et
2141 4280 2365 4348 εὐεξίαν
2399 4282 2546 4334 addit

2181 4380 2210 4421 5
