3234 4975
661 400 785 466 528
1432 404 1690 454 HORATll
1725 405 2064 457 CARMINUM

914 557 1124 623 Verba
1166 557 1447 624 devolvit
1492 559 1915 646 numerisque
1957 559 2158 625 fertur

1169 680 1342 766 Lege
1386 678 1642 758 solutis;

918 837 1049 901 Seu
1093 834 1254 901 deos
1299 855 1572 921 regesve
1617 836 1819 912 canit,
1867 834 2142 902 deorum

918 954 1343 1042 Sanguinem,
1392 974 1510 1041 per
1551 975 1720 1041 quos
1766 954 2068 1021 cecidere
2115 956 2282 1022 iusta

916 1077 1115 1142 Morte
1161 1074 1492 1150 Centauri,
1539 1074 1776 1142 cecidit
1819 1075 2195 1142 tremendae
2756 1078 2781 1143 4
2799 1080 2838 1141 5

1170 1195 1453 1262 Flamma
1499 1195 1917 1272 Chimaeram

798 1405 876 1454 43.
921 1415 1157 1467 reae-sque
1176 1401 1465 1462 BhS,LCtJ.
1507 1403 1585 1464 (Ut
1617 1414 1738 1460 nos,
1778 1414 1834 1460 c,
1870 1397 2030 1464 ,Bc-§.x
2064 1400 2214 1461 alter,
2253 1402 2386 1451 Pott.
2425 1402 2559 1465 sex.)
2600 1430 2654 1439 —
2695 1401 2772 1453 44.

734 1479 812 1529 45.
850 1479 978 1528 iusto
1010 1478 1179 1527 Marto
1211 1476 1420 1528 Mouch.

666 1665 787 1728 ptor
840 1663 941 1726 (VI.
979 1675 1097 1726 pag.
1139 1661 1254 1712 763.
1293 1661 1486 1723 Reisk.)
1533 1662 1714 1724 dithy-

667 1736 869 1787 rambis
902 1733 1133 1801 κόμπον
1167 1729 1473 1800 ὀνομάτων
1511 1735 1710 1786 tribuit.

667 1809 1007 1862 Philodemus
1040 1810 1109 1859 de
1138 1810 1334 1861 Musica
1358 1808 1472 1860 vol.
1500 1808 1712 1860 Hercul.

667 1887 707 1935 1.
745 1897 865 1948 pag.
892 1885 984 1934 95:
1020 1881 1308 1954 Πίνδαρος
1341 1875 1480 1949 ἔφη,
1514 1879 1716 1935 θύσων

669 1955 1023 2022 ποιήσεσθαι
1066 1953 1447 2028 διθύραμβον.
1509 1958 1717 2021 (Dithy-

666 2030 890 2082 rambus
945 2032 1106 2082 etiam
1160 2031 1216 2081 in
1268 2032 1493 2081 Genium
1547 2034 1720 2082 trans-

669 2106 927 2156 formatus
971 2108 1055 2155 est
1096 2106 1149 2155 in
1191 2117 1321 2155 vase
1355 2105 1499 2169 picto
1530 2105 1712 2156 Amal.

668 2179 778 2229 δάι’
822 2180 941 2228 [nst.
998 2179 1213 2230 archool.
1280 2179 1426 2229 4829.
1476 2192 1529 2244 p.
1568 2179 1715 2241 398.,

669 2253 808 2303 duce
851 2252 1102 2313 sortasse,
1148 2255 1210 2302 ut
1248 2252 1537 2303 arbitratur
1570 2251 1719 2304 Wel—

668 2327 881 2386 ckerus,
917 2324 1206 2388 Aeschylo,
1244 2328 1335 2390 qui
1366 2327 1571 2389 Fragm.
1598 2327 1714 2377 384.

670 2398 846 2451 Dinds
883 2396 1185 2464 Μιξοβόαν
1206 2427 1236 2437 -
1255 2426 1286 2439 -
1306 2402 1518 2489 πρέπει
1548 2397 1720 2451 Διθύ-

669 2473 902 2547 ραμβον
935 2470 1210 2547 ὁμαρτεῖν
1239 2471 1557 2542 Σύγκοινον
1589 2473 1720 2526 Διο-

670 2546 848 2617 νόσῳ.
909 2551 1014 2600 Cir.
1065 2551 1227 2600 etiam
1270 2551 1512 2600 Cinesiae
1546 2543 1718 2620 ῥῆσιν

671 2626 726 2675 in
766 2626 1033 2688 Aristoph.
1070 2627 1167 2675 Av.
1206 2624 1332 2674 4387
1367 2624 1541 2688 seqq.)

738 2700 818 2749 44.
865 2699 947 2748 42.
1006 2696 1527 2762 devolvit--forturJ
1586 2699 1719 2748 Per-

672 2777 856 2825 manet
876 2774 930 2823 in
965 2775 1205 2838 proxime
1239 2772 1598 2838 praecedente
1622 2773 1722 2821 flu-

671 2848 829 2898 minis
879 2846 1236 2898 similitudine.
1285 2874 1340 2884 -
1383 2847 1717 2909 numerisque]

673 2920 885 2983 Quintil.
924 2922 979 2982 9,
1005 2920 1069 2982 4,
1095 2921 1189 2971 45:
1260 2922 1431 2970 Omnis
1463 2924 1722 2970 stt-iactum

672 3010 736 3046 ac
770 2995 1007 3045 dionensio
1041 3001 1088 3044 et
1117 2995 1368 3057 copulatio
1398 3007 1578 3044 vocum
1598 3007 1725 3044 con—

671 3074 773 3119 stat
805 3073 895 3118 aut
924 3069 1146 3118 numeris
1175 3066 1427 3131 (nannet-os
1457 3061 1722 3138 ῥυθμοὺς

671 3143 836 3205 accipi
877 3141 990 3191 volo
997 3141 1020 3206 )
1065 3147 1158 3191 aut
1203 3146 1451 3211 μέτροις.
1495 3168 1549 3179 -
1593 3143 1722 3206 Lege

670 3215 859 3280 numia]
896 3217 956 3265 ut
998 3219 1145 3265 certe
1180 3215 1489 3266 iudicabant
1522 3217 1720 3267 Horatii

672 3288 924 3354 aequales
957 3291 1096 3340 inter
1122 3292 1354 3340 Graecos
1378 3294 1434 3341 et
1456 3292 1722 3341 Romanos

674 3366 742 3417 de
794 3364 1263 3428 dithyramborum
1321 3364 1722 3415 Pindaricorum

675 3440 887 3499 metris;
925 3438 1072 3502 quod
1105 3451 1275 3501 genus
1308 3442 1529 3503 propter
1560 3441 1723 3489 vehe-

672 3515 991 3567 mentiorem
1025 3514 1189 3564 animi
1220 3517 1426 3564 motum
1450 3515 1725 3577 repetitio-

675 3600 801 3638 nem
817 3601 1166 3639 numerorum
1183 3587 1587 3652 aspernabatur.
1608 3586 1726 3636 Illu-

673 3665 783 3713 stre
818 3662 1180 3713 testimonium
1204 3664 1443 3726 perversi
1465 3662 1625 3712 huius
1648 3661 1726 3710 iu-

674 3736 796 3786 dicii
818 3735 975 3786 affert
988 3738 1289 3787 Pfiscianus
1306 3734 1375 3785 de
1400 3737 1555 3786 metr.
1577 3745 1719 3784 com.

672 3824 726 3874 p.
763 3808 877 3860 449.
916 3811 1106 3861 Gaisf.:
1157 3811 1432 3870 Ρίηάανω,
1476 3808 1726 3858 castelio-

672 3884 866 3933 tiodoro
913 3886 1119 3935 meu-ico
1163 3885 1376 3947 (Horatii
1427 3883 1623 3934 comite
1672 3883 1724 3931 in

675 3957 864 4007 itinere
915 3959 1256 4022 Brundisino)
1301 3952 1722 4027 ἀπέστρεψεν,

674 4031 846 4091 δόσει,
882 4034 1193 4083 convertit
1224 4034 1509 4096 rhythmum
1540 4031 1726 4081 iambi-

674 4117 791 4153 cum
837 4105 928 4155 hoc
967 4108 1143 4155 modo:
1201 4107 1432 4171 (Fragm.
1482 4105 1594 4157 442.
1635 4107 1720 4157 ed.

675 4179 846 4241 Bergk
880 4192 935 4244 p.
972 4179 1109 4242 265.)
1144 4206 1173 4217 -
1196 4182 1421 4244 -Itaquo
1452 4184 1579 4243 puto
1619 4180 1725 4230 Ho-

674 4256 865 4306 ratium
888 4261 1102 4320 propter
1122 4256 1402 4307 huiusmodi
1421 4268 1595 4307 vorsus
1611 4257 1728 4306 Pin-

1788 1662 1992 1712 daricos
2027 1661 2213 1711 dimisa
2249 1660 2391 1712 Cum
2432 1674 2651 1723 por--
2680 1664 2845 1711 solu—

1787 1737 1889 1786 tis.
1950 1736 2055 1786 Cir.
2092 1736 2262 1799 Bergk
2305 1735 2474 1786 Rhein.
2512 1738 2643 1787 Mus.
2681 1739 2746 1786 N.
2781 1738 2838 1787 F.

1788 1810 2193 1934 1.⁴p3—3⁴768m
2240 1884 2378 1948 deos]
2427 1886 2665 1935 Paeanes
2714 1885 2846 1936 dicit

1790 1962 1844 2009 et
1874 1958 2132 2021 hymnos,
2180 1961 2241 2007 ut
2272 1959 2326 2008 in
2361 1959 2571 2021 lovem,
2604 1953 2844 2024 ε’Ἀμμων

1782 2026 2070 2097 Ὀλύμπου
2126 2028 2382 2082 δέσποτα
2436 2036 2492 2082 et
2538 2030 2846 2085 Δωδωναῖε

1787 2103 2169 2174 μεγάσθενες,
2221 2101 2605 2178 ἀριστότεχνα
2637 2103 2838 2179 πάτερ.

1792 2181 1911 2244 (Ed.
1957 2181 2095 2232 Diss.
2140 2195 2195 2245 p.
2240 2181 2355 2232 223.
2409 2185 2465 2232 et
2512 2181 2659 2243 224.)
2728 2184 2842 2233 Iam

1791 2255 1978 2306 transit
2005 2255 2076 2305 ad
2097 2251 2370 2320 ἑγκωμια.
2399 2283 2454 2291 -
2473 2256 2692 2320 reama]
2710 2257 2844 2306 ‘uhe-

1790 2342 1913 2381 roas
1933 2367 1947 2390 ,
2007 2322 2291 2394 ἡμιθέους
2309 2367 2321 2390 ,
2386 2328 2614 2380 deorum
2669 2327 2806 2380 filios
2830 2369 2842 2389 ,

1791 2415 2024 2467 quorum
2046 2416 2112 2452 ex
2134 2414 2360 2452 numero
2395 2402 2732 2466 potissimum
2757 2404 2849 2453 Pi-

1791 2477 2042 2538 rithoum,
2062 2476 2348 2537 Theseum,
2371 2473 2587 2527 Peleum
2601 2475 2846 2529 Κενταυ-

1790 2547 2108 2623 ροκτόνους
2127 2550 2239 2614 (Od.
2267 2552 2316 2609 4,
2342 2551 2424 2613 48,
2449 2551 2500 2600 8.
2537 2551 2687 2601 ovid.
2715 2554 2842 2603 Met.

1793 2627 1874 2686 42,
1889 2625 1986 2675 240
2003 2626 2106 2688 sq.)
2133 2625 2188 2673 et
2203 2621 2687 2688 Bellerophontem,
2715 2626 2845 2676 Chi-

1792 2711 2011 2749 maerae
2054 2695 2168 2768 πῦρ
2209 2694 2497 2764 πνεούσης
2531 2698 2645 2762 (Od.
2671 2700 2732 2760 2,
2759 2701 2842 2759 47,

1793 2772 1902 2836 43.)
1958 2772 2381 2833 interfectorem,
2457 2776 2738 2823 memorat.
2785 2801 2840 2810 —

1793 2848 1964 2898 Etiam
1998 2859 2183 2910 regem
2205 2846 2308 2897 sibi
2341 2845 2622 2910 aequalem
2657 2848 2849 2897 Pinda-

1793 2933 1885 2970 rus
1919 2918 2165 2971 laudibus
2200 2918 2508 2970 celebravit.
2554 2921 2652 2970 Dio
2678 2921 2848 2983 Chry-

1793 2998 1925 3046 sost.
1973 2996 2061 3044 Or.
2107 2995 2157 3045 2.
2194 3008 2248 3058 p.
2295 2994 2376 3044 83.
2417 2995 2508 3044 R.:
2563 2990 2844 3064 ἐπήνεσεν

1789 3062 2151 3138 Ἀλέξανδρον
2205 3063 2309 3117 τὸν
2358 3048 2672 3133 Φιλέλληνα
2721 3068 2849 3119 ἐπι-

1794 3140 2116 3208 κληθέντα,
2174 3136 2428 3207 ποιήσας
2481 3144 2566 3204 εἰς
2621 3136 2844 3193 αὐτόν·

1790 3212 2026 3277 Ὀλβιων
2057 3211 2322 3280 ἐπώνυμε
2354 3213 2739 3285 Δαρδανίδων.
2787 3244 2844 3253 -

1793 3292 1929 3340 iusta
1959 3290 2138 3353 Morte]
2174 3292 2393 3353 propter
2428 3292 2691 3353 raptatam
2714 3290 2845 3354 Hip-

1795 3363 2119 3428 podamiam,
2147 3363 2363 3414 Pirithoi
2386 3376 2585 3414 novam
2604 3367 2843 3429 nuptam.

1796 3438 1945 3488 ovid.
1974 3439 2094 3490 Met.
2123 3438 2209 3498 42,
2246 3437 2360 3487 223.
2399 3437 2720 3489 Referunt-ur
2739 3438 2848 3488 huc

1797 3514 2004 3575 Fragm.
2041 3510 2123 3562 44.
2161 3513 2218 3561 et
2257 3510 2339 3561 45.
2388 3511 2523 3562 Diss.
2563 3524 2682 3575 pag.
2715 3510 2843 3562 244:

1791 3580 2246 3673 Ἀνδροδάμαντα
2277 3583 2323 3634 δ’
2343 3583 2468 3637 ἐπεὶ
2500 3582 2683 3671 Φῆρες
2706 3580 2846 3634 δάεν

1796 3675 1969 3729 ριπαν
2000 3657 2301 3726 μελιαδέος
2335 3656 2526 3719 οἴνου,
2557 3653 2844 3724 Ἐσσυμέ-

1797 3750 1911 3797 νως
1954 3729 2073 3785 ἀπὸ
2117 3734 2227 3799 μὲν
2259 3729 2466 3785 λευκὸν
2498 3730 2650 3800 γάλα
2680 3747 2826 3803 χερσ
2825 3736 2849 3783 l

1797 3806 2080 3894 τραπεζᾶν
2098 3803 2334 3869 Ὥθεον,
2369 3801 2693 3872 αὐτόματοι
2713 3747 2826 3856 δ’ρσ
2785 3803 2850 3870 ἐξ

1797 3877 2090 3954 ἀργυρέων
2110 3878 2365 3953 κεράτων
2387 3881 2660 3944 Πινοντες
2680 3877 2853 3930 ἐπλά-

1798 3961 1982 4022 ζοντο.
2011 3959 2087 4008 De
2105 3958 2386 4008 Centauris
2404 3969 2699 4019 eorumque
2722 3966 2849 4005 cum

1799 4033 2031 4098 Lapithis
2087 4045 2261 4096 pugna
2321 4033 2417 4082 cir.
2478 4030 2737 4094 imprimis
2791 4043 2844 4079 v.

1799 4105 2141 4168 Stackelberg
2164 4107 2254 4156 der
2268 4104 2618 4168 Apollotompcl
2639 4117 2706 4153 zu
2721 4103 2849 4152 Bas—

1797 4194 1885 4231 sae
1917 4194 1968 4245 p.
2006 4180 2089 4230 66.
2129 4178 2581 4243 (Bellerophontes
2605 4177 2851 4227 Chimae-

1799 4267 1942 4316 ram,
1979 4253 2337 4305 Amazonibus
2371 4253 2521 4303 heroi
2555 4249 2852 4315 opitulanti-
