3234 4975
1198 411 1313 463 Lm.
1353 412 1392 463 1.
1464 415 1522 463 c.
1559 414 1665 465 xn.
2490 412 2569 476 73

756 569 879 632 Aut
919 587 1118 654 super
1160 567 1362 633 Pindo
1406 567 1701 655 gelidove
1747 569 1808 632 in
1858 570 2149 634 Haemo?

758 687 937 754 Unde
980 687 1270 755 vocalem
1312 701 1555 756 temere
1601 691 1928 756 insecutae

1006 809 1269 897 Orphea
1313 810 1547 886 silvae,

754 969 901 1033 Arte
946 978 1232 1034 materna
1278 969 1539 1057 rapidos
1581 980 1939 1037 morantem

759 1087 1118 1155 Fluminum
1161 1089 1381 1178 lapsus
1425 1091 1810 1179 celeresque
1855 1102 2111 1168 ventoS‚
2497 1092 2576 1157 lo

757 1206 1067 1274 Blandum
1115 1221 1180 1276 et
1222 1213 1462 1277 auritas
1506 1211 1744 1278 fidibus
1789 1213 2043 1278 canoris

1009 1332 1265 1398 Ducere
1309 1354 1608 1420 quercus.

760 1487 930 1567 Quid
973 1489 1153 1576 prius
1199 1490 1411 1556 dicam
1455 1491 1657 1557 solitis
1700 1492 1988 1580 parentis

553 1703 600 1753 9.
637 1703 838 1753 rabidos
858 1720 894 1769 y
917 1717 1001 1768 ap.
1030 1705 1240 1756 Kirchn.
1271 1707 1398 1756 Nov.
1427 1707 1665 1767 Quaestt.
1693 1707 1871 1759 Horat.
1898 1722 1952 1773 p.
1979 1709 2061 1759 36.
2088 1736 2141 1745 -
2171 1711 2249 1760 40.
2275 1711 2512 1773 tapsum.

490 1806 544 1814 -
581 1778 845 1841 colerisque
875 1780 972 1829 BT.
994 1780 1141 1830 -43.
1183 1782 1313 1843 Quid
1338 1781 1523 1843 pn'us?
1554 1784 1737 1832 Dicam
1767 1784 1924 1833 solitis
1940 1785 2202 1835 Parentum
2224 1799 2289 1836 ex
2311 1790 2515 1837 Acrone

489 1853 541 1902 F.
567 1878 620 1888 —-
636 1858 904 1915 pao-mcum
919 1854 985 1904 Sc
1004 1856 1057 1904 et
1075 1853 1281 1916 corr.b,
1300 1853 1428 1922 βγκ.
1470 1856 1548 1919 (Ut
1564 1870 1680 1918 nos,
1700 1858 1782 1908 BT
1794 1861 1849 1908 et
1861 1872 1940 1923 pr.
1959 1858 2015 1920 b,
2037 1861 2267 1910 Pottierii
2287 1861 2400 1923 4,3,
2415 1861 2514 1924 44.)

425 2029 511 2077 vix
544 2028 644 2079 sibi
678 2029 976 2080 consciae.»
1034 2029 1269 2095 Apollon.
1296 2031 1462 2082 Rhod.
1540 2032 1785 2084 ficatione
1821 2036 2097 2099 reperitur.
2167 2038 2309 2087 Asin.
2348 2037 2484 2088 Prol.
2521 2038 2578 2090 4:

424 2106 476 2165 4,
529 2105 620 2154 26:
673 2099 867 2191 Αυτάρ
914 2100 1016 2156 τόν
1058 2109 1108 2173 y'
1166 2106 1468 2159 ἐνέπουσιν

423 2173 682 2264 ἀτειρέας
737 2194 936 2251 ουρεσι
1003 2183 1210 2268 πέτρας
1269 2180 1467 2247 θέλξαι

425 2247 681 2304 ἀοιδάων
715 2253 894 2326 ἐνοπῇ
933 2255 1208 2321 ποταμῶν
1251 2273 1312 2309 τε
1344 2253 1469 2344 ῥέε-

426 2329 555 2417 θρα.
603 2329 785 2397 Φηγοὶ
815 2328 863 2379 δ’
898 2324 1163 2402 ἀγριάδες
1196 2361 1226 2372 -
1258 2361 1289 2372 -
1327 2361 1358 2372 -
1397 2328 1469 2395 ἃς

426 2397 463 2454 ὃ
496 2406 547 2471 y'
558 2401 787 2491 ἐπιπρὸ
820 2403 1170 2472 θελγομένας
1192 2403 1469 2480 φόρμιγγι

425 2475 713 2547 κατήγαγε
753 2480 1077 2553 Πιερίηθεν.
1149 2483 1253 2534 Cfr.
1309 2486 1469 2535 etiam

427 2556 676 2606 Simonid.
744 2557 1069 2608 Schneidew.
1124 2558 1237 2609 Del.
1292 2559 1355 2610 fr.
1409 2560 1464 2609 9:

432 2628 547 2681 Τοῦ
579 2631 681 2680 καὶ
722 2624 1039 2702 ἀπειρέσιοι
1071 2630 1333 2683 Πωτῶντ
1377 2626 1472 2722 ὅρ-

427 2704 582 2767 νιθες
616 2699 757 2776 ὑπὲρ
781 2703 1066 2769 κεφαλᾶς,
1102 2702 1216 2758 ἀνὰ
1236 2706 1285 2757 δ’
1312 2704 1474 2769 ἰχθύ-

429 2794 489 2842 ες
526 2776 695 2851 ὀρθοὶ
728 2780 989 2832 Κυανέου
1029 2778 1093 2846 ἐξ
1133 2776 1342 2846 ὕδατος
1374 2775 1473 2833 ἅλ-

431 2852 600 2905 λοντο
631 2852 782 2923 καλᾷ
815 2852 925 2907 σὺν
958 2849 1148 2926 ἀοιδᾷ.
1228 2857 1468 2910 Philostr.

432 2929 760 2994 iun.1magg.
797 2944 849 2995 p.
891 2933 970 2981 40.
1008 2933 1198 2995 Kaysa
1255 2931 1473 3003 Δένδρα

430 2997 776 3068 ἀνασπάσας
806 3004 920 3055 τῶν
954 3000 1136 3077 ριζῶν·
1177 3033 1232 3043 -
1287 3004 1472 3058 πάντα

432 3076 801 3144 ξυμβαλόντα
833 3078 971 3144 τούς
1021 3077 1310 3152 πτόρθους
1345 3075 1472 3132 οἷον

432 3161 629 3227 χειρας
661 3158 787 3226 περὶ
818 3152 921 3207 τὸν
959 3149 1180 3229 Ὀρφέα
1213 3151 1469 3223 ἕστηκεν.

435 3231 539 3281 Cir
578 3233 674 3282 Dio
711 3233 985 3294 Chrysost.
1024 3234 1109 3282 Or.
1148 3234 1228 3283 78.
1265 3246 1319 3297 p.
1356 3232 1471 3284 420.

432 3307 489 3355 R.
516 3307 728 3356 Riemer
761 3308 915 3356 Gotho
935 3308 974 3356 I.
1000 3320 1054 3371 p.
1093 3306 1215 3358 480.
1256 3307 1477 3369 Orpheus

433 3380 690 3443 auscium·
721 3381 855 3430 alten
886 3382 1048 3443 Paete,
1089 3382 1168 3432 die
1201 3381 1353 3432 60·th
1391 3381 1475 3431 be-

434 3467 563 3515 sass,
599 3455 745 3504 scheu
775 3455 877 3505 sich
899 3455 1219 3517 αὸωσηᾶσηά,
1252 3470 1347 3506 vor
1367 3457 1477 3506 clem

436 3528 702 3593 Andranqe
721 3530 850 3579 aller
870 3530 960 3579 der
980 3530 1164 3592 stein„
1198 3531 1354 3581 Holz-
1374 3531 1478 3579 und

436 3603 824 3667 Fleiaehkbmer,
869 3604 949 3653 die
987 3605 1090 3653 sich
1125 3618 1213 3654 mn
1244 3605 1328 3654 itm
1358 3618 1476 3654 ver-

433 3678 686 3728 sammeln.
760 3678 899 3741 (Eius
940 3678 1225 3741 imaginem
1268 3678 1390 3728 vide
1424 3679 1477 3729 in

438 3752 617 3801 Museo
650 3754 969 3816 Gregoriano
1003 3753 1131 3804 Tab.
1169 3754 1270 3804 LX.
1316 3756 1476 3817 atque

437 3825 670 3877 eundem
704 3827 846 3892 apud
878 3829 1077 3880 inferos
1100 3829 1334 3880 Gerhard
1370 3834 1475 3879 ant.

438 3899 611 3949 Bildw.
650 3902 924 3967 Naeui-aa.
963 3904 1019 3953 T.
1056 3903 1161 3966 lv.)

501 3975 679 4024 9—42.
739 3979 894 4027 «Arte
931 3977 1156 4028 canendi
1192 3992 1222 4027 a
1246 3976 1477 4042 Calliope

438 4049 606 4097 matre
640 4049 916 4102 donatus.»
946 4079 999 4088 —
1036 4052 1300 4117 Blandiana]
1338 4054 1478 4102 «tam

439 4119 632 4172 blande
655 4128 955 4186 canentem,
992 4128 1052 4176 ut
1072 4126 1295 4178 duceret
1317 4140 1481 4191 quer-

441 4209 536 4246 cus
569 4200 765 4250 attente
800 4199 1212 4253 auscultantes.»
1232 4202 1358 4251 -V.
1388 4215 1481 4250 au-

442 4271 569 4321 ritus
591 4272 748 4324 etiam
770 4276 914 4339 apud
935 4274 1178 4328 Plautum
1195 4276 1296 4327 bae
1314 4276 1478 4339 signi-

1539 2109 1644 2157 Fac
1673 2111 1780 2158 iam
1800 2114 1880 2170 tu,
1910 2123 2119 2172 praeco,
2145 2124 2340 2161 omnem
2360 2114 2586 2163 atu-itm

1532 2182 1791 2244 populum.
1830 2182 2148 2248 Plerumque
2183 2200 2312 2236 vero
2341 2186 2409 2235 de
2432 2186 2585 2251 lepo-

1539 2256 1689 2306 ribus
1709 2259 1809 2307 cet.
1831 2261 2135 2321 usurpatur.
2157 2287 2210 2295 —-
2224 2261 2450 2325 quercus]
2463 2264 2586 2311 Post

1539 2330 1700 2382 silvas
1720 2333 1855 2382 totas
1878 2333 2142 2396 singulare
2165 2349 2306 2385 nunc
2328 2335 2585 2386 arborum

1542 2419 1711 2468 genus
1761 2410 2049 2469 memorat,
2104 2411 2158 2459 et
2207 2409 2426 2473 quidem
2472 2424 2586 2460 om-

1542 2482 1690 2532 nium
1723 2481 2084 2533 durissimum.
2155 2484 2444 2545 Horatium,
2481 2498 2586 2535 non

1541 2555 1785 2607 librarios
1839 2558 2070 2608 correxit
2124 2557 2186 2609 H.
2255 2557 2583 2624 Peerlkamp,

1543 2632 1722 2682 ducere
1761 2637 1931 2681 comes
1977 2645 2309 2696 proponenS,
2353 2637 2414 2682 ut
2456 2635 2583 2684 Stat.

1542 2705 1708 2756 Theb.
1768 2705 1817 2766 8,
1876 2705 1998 2755 233:
2074 2708 2233 2756 duras
2284 2708 2591 2758 animantem

1540 2780 1819 2842 Amphiona
1849 2784 2034 2828 cautos.
2094 2781 2203 2830 Nec
2224 2793 2354 2830 vero
2377 2782 2445 2830 ita
2469 2794 2589 2831 rara

1543 2856 1678 2904 haec
1713 2854 2025 2917 compositio
2061 2853 2201 2917 apud
2235 2855 2497 2919 antiquos,
2533 2858 2592 2904 ut

1544 2928 1725 2991 generi
1760 2930 2038 2992 praeterea
2084 2926 2432 2991 subiungatur
2464 2942 2591 2993 spe-

1545 3004 1673 3053 cies.
1743 3003 1872 3066 Epp.
1921 3003 1969 3063 4,
2017 3002 2097 3061 ⁴2,
2135 3003 2191 3051 7:
2245 3003 2301 3052 Si
2333 3003 2595 3053 --horbis

1551 3078 1682 3128 Vivis
1712 3081 1760 3126 et
1789 3078 1972 3126 urtica.
2030 3076 2178 3127 ovid.
2215 3078 2339 3129 Met.
2379 3078 2459 3139 46,
2494 3078 2585 3128 26:

1545 3157 1593 3203 οι
1622 3154 1771 3216 fior-33
1799 3152 1937 3201 mille
1968 3152 2191 3201 colorum
2223 3152 2441 3213 liliaque.

1612 3227 1691 3277 43.
1780 3228 1951 3276 «Ante
2003 3240 2191 3277 omnes
2238 3227 2394 3290 igitur
2440 3227 2596 3277 solitis

1545 3301 1799 3360 laudibus,
1842 3303 1901 3350 ut
1940 3301 2000 3351 flt
2042 3302 2094 3352 in
2143 3314 2201 3352 re
2246 3302 2447 3363 divina,
2493 3303 2593 3351 rite

1548 3375 1835 3426 celebrabo
1867 3376 2050 3426 Iovem
2065 3382 2377 3439 parentam,
2412 3378 2472 3426 ut
2493 3376 2588 3425 Od.

1548 3452 1598 3511 2,
1638 3452 1718 3511 49,
1756 3451 1837 3500 24.
1875 3450 2018 3513 Virg.
2046 3452 2138 3501 Ge.
2169 3451 2216 3510 4,
2243 3450 2356 3500 328.
2395 3451 2588 3500 Lucan.

1549 3525 1599 3587 4,
1640 3526 1763 3575 44οε
1799 3537 2197 3588 mamoparens
2224 3524 2416 3574 mundi.
2471 3522 2598 3586 (Fal-

1550 3613 1668 3650 sam
1733 3598 1854 3650 lect.
1906 3604 2179 3661 poerontmn
2233 3596 2591 3663 explicabant:

1552 3675 1684 3735 «Qui
1740 3688 1805 3724 ex
1860 3675 2078 3737 antiquo
2126 3686 2278 3724 more
2333 3672 2595 3722 maiorum

1551 3751 1853 3799 nostrorum
1888 3751 2009 3798 ante
2045 3750 2254 3798 ceteros
2288 3746 2420 3797 deos
2453 3746 2600 3796 invo-

1552 3823 1661 3873 cari
1717 3822 1922 3885 soleta»)
2006 3822 2288 3887 Aliquanto
2342 3820 2461 3886 plus
2516 3823 2601 3870 est

1552 3911 1716 3962 quam
1759 3896 1909 3948 solita
1952 3895 2036 3946 illa
2076 3895 2299 3947 formula
2333 3895 2597 3946 Alcmanis

1553 3974 1635 4022 Fr.
1673 3972 1762 4022 3⁴:
1816 3966 1925 4037 ἐγώ
1961 3967 2008 4020 δ
2043 3965 2322 4038 ἀείσομαι
2362 3970 2428 4021 ἐκ
2459 3965 2598 4032 Διὸς

1551 4041 1899 4118 ἀρχόμενος.
1971 4047 2179 4097 Pindari
2222 4048 2371 4097 Nem.
2414 4047 2465 4105 ὅ,
2500 4045 2594 4095 25:

1555 4122 1770 4185 (Musae)
1822 4116 2145 4192 πρώτιστον
2185 4119 2296 4186 μὲν
2328 4111 2597 4186 ὕμνησαν

1551 4192 1690 4259 Διὸς
1755 4190 2079 4268 ἀρχόμεναι
2147 4191 2367 4262 σεμνὰν
2433 4195 2599 4246 Θέτιν

1551 4270 1751 4338 Πηλέα
1782 4286 1859 4323 τε.
1931 4273 2072 4324 Arati
2115 4273 2225 4323 Cic.
2275 4273 2320 4321 4.
2369 4272 2424 4320 et
2454 4269 2593 4332 virg.
