3234 4975
658 355 783 416 690

1478 355 1730 404 ΗΟΒΑΤΙΙ
1770 355 2024 405 Eronos

1356 1027 2119 1090 cmm

995 1273 1241 1359 Rogare
1291 1270 1481 1357 longo
1529 1252 1817 1357 putidam
1864 1280 1926 1336 te
1972 1268 2234 1337 seculo,

1078 1393 1258 1458 Vires
1304 1388 1461 1477 quid
1507 1400 1775 1456 enervet
1820 1390 2053 1455 meas?

994 1511 1153 1577 Cum
1198 1511 1278 1576 sit
1323 1510 1435 1575 tibi
1482 1509 1645 1576 dens
1690 1522 1827 1576 ater
1873 1522 1937 1577 et
1981 1511 2158 1598 rugis
2204 1522 2387 1575 vetus

1084 1636 1384 1699 Frontem
1427 1641 1729 1700 senectus
1775 1642 2022 1706 exaret,

995 1752 1271 1840 Hietque
1315 1752 1520 1838 turpis
1567 1752 1732 1817 inter
1775 1750 1990 1817 aridas
2035 1763 2216 1819 nates

2791 1754 2830 1815 v:

785 1987 916 2037 vlu.
969 1987 1133 2035 Inscr.
1172 1983 1308 2047 volg.
1362 1984 1420 2032 In
1466 1997 1623 2032 antam
1672 1983 2002 2034 libidinosam.
2062 2011 2117 2021 —
2175 1963 2500 2033 prostitutam
2525 1985 2757 2045 putidam

720 2075 874 2110 anum
922 2064 1140 2111 sectatur
1194 2060 1373 2122 (immo
1407 2058 1698 2122 insectatur)
1732 2059 1859 2107 vitia
1907 2059 2133 2120 corporis
2175 2060 2281 2108 eius
2322 2058 2638 2122 proscribens
2686 2060 2759 2118 B,

719 2149 782 2184 ac
817 2134 1056 2184 similiter
1090 2147 1135 2182 c.
1180 2160 1231 2170 —-
1269 2134 1319 2183 2.
1357 2133 1489 2195 quod
1520 2133 1662 2194 BS,C
1701 2133 1824 2196 (non
1858 2131 1963 2194 bc).
2008 2160 2061 2168 —
2097 2145 2298 2183 enerves
2329 2131 2394 2190 b,
2431 2139 2635 2182 enervat
2671 2134 2726 2182 S.

721 2349 849 2398 vm.
933 2348 1043 2398 Hoc
1100 2358 1317 2410 quoque
1372 2357 1591 2395 carmen
1648 2347 1707 2393 ut

657 2421 823 2487 Epod.
864 2422 943 2472 ⁴2.
982 2422 1034 2470 in
1074 2418 1507 2484 Inscriptionibus
1545 2417 1708 2468 Codi-

656 2510 780 2546 cum
815 2495 1015 2558 aliquot
1063 2496 1115 2545 in
1158 2494 1442 2544 Gratidiam
1485 2506 1709 2557 compo·

656 2572 819 2621 situm
853 2582 974 2620 esse
1011 2568 1234 2627 dicitur,
1285 2580 1480 2631 parum
1522 2568 1706 2631 utique

656 2642 1018 2708 probabiliter.
1089 2644 1146 2691 ln
1197 2644 1387 2692 neutro
1446 2642 1589 2692 enim
1624 2639 1705 2690 ul-

656 2717 764 2768 lam
803 2718 1128 2767 mentionem
1180 2716 1304 2766 facit
1346 2716 1540 2765 artium
1588 2728 1707 2764 ma—

657 2792 923 2854 gicarum,
963 2790 1158 2854 quibus
1195 2787 1279 2839 illa
1313 2791 1487 2853 ipsum
1522 2802 1708 2853 perse-

658 2870 779 2917 cuta
814 2869 930 2918 erat
975 2868 1135 2929 atque
1183 2865 1235 2915 in
1282 2878 1341 2915 se
1389 2865 1702 2915 irritaverat.

657 2942 753 2991 Hic
788 2944 969 2990 autem
1003 2937 1338 2989 Archilochio
1363 2937 1525 2989 modo
1561 2939 1709 2988 inve-

656 3014 799 3063 hitur
842 3015 895 3062 in
939 3011 1220 3063 mulierem
1254 3013 1473 3063 divitem
1508 3025 1573 3061 ac
1606 3025 1705 3062 no-

655 3086 846 3147 bilem,
907 3086 1006 3137 sed
1046 3085 1308 3146 vetulam,
1367 3084 1706 3137 libidinosam

658 3164 743 3220 et,
791 3159 936 3223 quod
968 3160 1121 3223 peius
1155 3161 1294 3219 erat,
1341 3158 1498 3209 simul
1531 3158 1709 3223 philo-

656 3234 900 3298 sopham.
989 3231 1216 3292 Quidam
1273 3233 1440 3282 totam
1494 3231 1705 3282 vetulae

656 3320 944 3374 personam
1017 3306 1198 3356 fictam
1265 3305 1580 3369 opinantur,
1651 3306 1707 3355 id

658 3382 805 3447 quod
852 3381 978 3432 mihi
1022 3382 1075 3430 in
1117 3380 1276 3444 poeta
1318 3380 1510 3430 iuvene
1547 3390 1706 3430 secus

656 3456 882 3506 videtur.
946 3454 1043 3518 <Ad
1093 3468 1143 3504 a.
1181 3468 1235 3504 u.
1272 3468 1319 3504 c.
1369 3452 1483 3504 744.
1544 3453 1709 3504 refert

659 3531 889 3592 Franks,
928 3527 1215 3580 Grotefend
1249 3529 1318 3578 ad
1351 3543 1400 3578 a.
1438 3527 1574 3590 745.)

725 3605 833 3654 4-6.
896 3603 1107 3668 Rogare]
1142 3603 1428 3653 infinitivus
1463 3601 1708 3664 indigna-

655 3679 831 3728 tionis.
914 3678 1021 3727 Cic.
1075 3675 1201 3726 Phil.
1254 3675 1342 3736 44,
1396 3677 1461 3725 δε
1523 3676 1706 3737 Quom-

656 3765 872 3814 quamno
901 3752 1052 3815 finisse
1094 3755 1201 3800 tam
1244 3750 1566 3811 scelerum,
1621 3752 1707 3812 qui

653 3827 743 3876 hoc
763 3825 1008 3891 fingeret?
1039 3825 1156 3874 Ter.
1178 3825 1310 3874 Eun.
1330 3825 1382 3885 2,
1412 3825 1458 3882 4,
1483 3822 1537 3872 3:
1564 3829 1708 3875 salvio

653 3903 744 3950 hoc
764 3901 1106 3950 mandanensi
1133 3899 1221 3949 tibi
1238 3898 1266 3948 ?
1297 3901 1354 3949 P.
1381 3899 1450 3948 alt
1472 3899 1708 3962 Ropitaro
1782 3901 1869 3948 cet

653 3978 756 4024 cet.
796 3977 901 4024 Sat.
922 3976 971 4036 2,
999 3973 1048 4036 4,
1076 3973 1170 4025 83·.
1213 3974 1306 4023 Ten
1329 3972 1518 4036 lapidos
1534 3973 1711 4022 varios

653 4048 896 4099 malonia
945 4050 1126 4098 radere
1175 4045 1397 4110 palma?
1451 4075 1504 4083 —
1558 4047 1708 4110 longo

646 4123 878 4185 putidam
900 4147 929 4157 -
950 4120 1138 4185 mulo]
1207 4119 1453 4171 «effetam
1502 4121 1704 4170 senia.»

649 4196 880 4247 Secutum
922 4195 1066 4245 idem
1109 4195 1333 4245 fortasse
1375 4192 1702 4245 vocabulum

1781 2346 1941 2409 atque
1978 2337 2173 2408 ἡλικία
2191 2381 2206 2406 ,
2243 2345 2397 2396 simili
2420 2347 2831 2410 transpositione

1781 2431 1845 2468 ac
1882 2415 2107 2489 μορφή,
2147 2420 2332 2484 somna.
2392 2419 2638 2470 Similiter
2668 2434 2833 2471 anum

1781 2493 2039 2545 describit
2072 2495 2167 2544 Od.
2194 2495 2252 2555 4,
2281 2495 2368 2554 43,
2405 2496 2436 2545 9
2459 2508 2577 2558 sqq.
2620 2522 2675 2531 —·
2713 2497 2835 2545 dens

1781 2568 1916 2633 ater]
1964 2581 2064 2632 pro
2096 2566 2285 2632 plurali
2330 2567 2515 2631 (dentes
2556 2570 2659 2617 atri
2696 2570 2829 2632 Epp.

1782 2644 1841 2703 4,
1885 2643 1943 2701 8,
1985 2642 2081 2705 7.),
2150 2655 2326 2705 neque
2372 2642 2832 2706 interpretandum

1781 2729 1904 2766 cum
1929 2715 2068 2775 aliis,
2105 2728 2272 2765 unum
2296 2715 2513 2765 dentem
2538 2717 2747 2779 nigrum
2781 2717 2833 2766 ei

1781 2791 2124 2851 remansisse,
2153 2793 2361 2841 ceteros
2387 2804 2506 2841 eam
2532 2791 2827 2854 exspuisse.

1782 2863 2064 2927 Cr.1²:pod
2094 2864 2142 2927 6,
2171 2866 2251 2914 45.
2292 2892 2346 2902 -
2380 2869 2570 2915 votus·
2593 2865 2830 2929 senectia]

1781 2938 1990 2987 Terent.
2020 2938 2150 2987 Eun.
2172 2937 2230 2998 4,
2257 2937 2312 2998 4,
2338 2939 2430 2988 2⁴:
2467 2939 2560 2988 Hic
2582 2944 2830 2999 estvetus,

1776 3011 1953 3071 vietus,
1977 3016 2262 3061 veternosus
2281 3025 2446 3062 senar.
2486 3012 2670 3062 Tibull.
2701 3014 2747 3070 4,
2773 3014 2828 3075 8,

1781 3085 1874 3134 50:
1911 3090 2099 3134 veteres
2120 3099 2367 3145 assues,
2394 3086 2645 3136 flaccidos
2667 3089 2831 3150 atque

1782 3157 2095 3208 imbellicos.
2119 3187 2173 3195 —
2200 3158 2446 3223 omar-021«
2421 3160 2519 3209 «ita
2540 3161 2673 3210 utin
2692 3160 2836 3210 fron-

1780 3235 1833 3282 te
1869 3232 2074 3283 babeas
2106 3232 2265 3283 veluti
2295 3232 2472 3284 sulcos
2508 3246 2780 3296 rugarum.
2802 3253 2830 3278 ι·

1780 3306 1921 3369 Virg.
1959 3308 2091 3356 Aen.
2128 3307 2186 3367 7,
2224 3305 2349 3357 4⁴7:
2385 3307 2600 3370 frontem
2633 3307 2834 3357 obscoe-

1779 3393 1900 3430 nam
1944 3381 2088 3444 rupis
2121 3385 2260 3430 arat.
2297 3381 2391 3430 'De
2427 3380 2757 3445 Cercopibus
2800 3395 2835 3430 a

1780 3454 1904 3504 Iove
1951 3455 2004 3504 in
2047 3455 2229 3505 simias
2270 3456 2484 3505 mutatis
2518 3455 2666 3506 ovid.
2705 3452 2830 3506 Met.

1784 3527 1873 3589 44,
1900 3528 1990 3578 96:
2027 3529 2456 3592 ruyisperaravit
2478 3529 2693 3578 anilibus
2712 3543 2829 3579 ora.

1787 3630 1840 3638 —
1880 3601 2084 3666 crudae]
2123 3615 2292 3666 «quae
2327 3602 2509 3653 cibum
2547 3616 2654 3653 non
2699 3616 2834 3654 con-

1782 3676 1963 3740 coquit
1997 3676 2228 3741 ideoque
2262 3690 2365 3727 nec
2398 3677 2684 3728 continet.»

1846 3750 1991 3800 7-40.
2038 3750 2135 3801 Sed
2178 3751 2373 3815 incitat]
2420 3751 2556 3802 «Sed
2605 3751 2834 3803 fortasse

1780 3824 1996 3888 putabis
2043 3826 2247 3876 incitari
2298 3840 2387 3877 me
2438 3825 2506 3875 ad
2557 3839 2834 3877 amorem»

1875 3937 1885 3948 .
1917 3926 1971 3935 —
2003 3900 2191 3964 pucros]
2218 3900 2514 3965 «pendulae
2539 3900 2595 3950 et
2628 3899 2834 3951 laxae.»

1786 3998 1840 4009 —-
1880 3972 2190 4037 neumatibus]
2237 3987 2375 4037 aqua
2412 3974 2670 4025 intercute
2705 3987 2838 4039 pro-

1781 4048 1904 4110 pter
1937 4048 2176 4097 exactam
2212 4049 2459 4098 aetatem.
2502 4076 2556 4084 -
2585 4048 2835 4109 additioni]

1784 4122 1966 4184 «quasi
2012 4120 2354 4172 additamenti
2400 4120 2518 4171 loco
2563 4122 2839 4185 superim*

1781 4195 2067 4258 positum.»
2138 4194 2300 4245 «Nihil
2347 4196 2528 4245 autem
2573 4197 2684 4245 tam
2735 4195 2840 4244 de—
