3234 4975
1216 420 1331 468 LIB.
1371 420 1407 468 1.
1481 420 1537 468 C.
1578 419 1660 468 VI.

653 574 863 640 Victor
905 573 1175 639 Maeonii
1223 574 1523 640 carminis
1569 573 1748 648 alite,

651 697 859 774 Quam
904 716 1041 761 rem
1083 716 1341 782 cunque
1384 695 1561 761 ferox
1608 693 1879 761 navibus
1923 704 2033 760 aut
2077 696 2265 782 equis

522 951 571 999 ἰ.
610 949 721 999 aliti
754 952 969 1000 auctore
1004 949 1300 999 Passeratio
1336 949 1386 998 F.
1448 973 1501 983 ——
1556 947 1604 997 3.
1645 948 1758 1008 Qua
1792 960 1899 996 rem
1933 961 1963 996 e
2000 946 2166 997 Codd.
2209 949 2264 1010 (7)
2305 949 2490 999 Mureti

458 1023 655 1084 Bentl.;
693 1024 790 1075 sed
825 1023 1058 1074 malebat
1096 1024 1155 1073 Ut
1186 1037 1293 1073 rem
1326 1021 1411 1072 vel
1446 1023 1569 1073 Cum
1607 1035 1729 1071 rem.

392 1240 542 1288 cuius
577 1238 866 1288 Aeneidem
902 1250 1026 1288 cum
1068 1236 1231 1288 Plotio
1264 1238 1437 1288 Tucca

393 1313 697 1362 emendavit
739 1317 793 1362 et
837 1313 1023 1372 edidit,
1082 1327 1143 1362 ea
1201 1313 1315 1374 lege
1366 1312 1435 1361 ab

392 1391 626 1449 Augusto
662 1388 933 1451 imposita,
981 1391 1038 1436 ut
1072 1401 1139 1437 ne
1174 1388 1303 1451 quid
1339 1386 1438 1436 ad-

391 1462 597 1511 derent.
668 1463 902 1512 Mortuus
938 1465 1019 1512 est
1052 1465 1174 1511 ante
1210 1477 1259 1512 a.
1296 1461 1432 1522 744.,

392 1549 500 1600 quo
552 1537 795 1586 Horatius
846 1537 1056 1601 scripsit
1104 1538 1237 1600 Epp.
1285 1539 1334 1598 2,
1385 1538 1431 1586 4.

396 1612 464 1672 (v.
502 1609 637 1673 245.)
690 1611 997 1661 paucissimi
1030 1624 1217 1660 versus
1250 1624 1438 1675 super-

393 1686 516 1734 sunt
549 1699 614 1733 ex
648 1685 906 1746 Thyeste,
954 1698 1091 1748 quae
1128 1686 1263 1735 inter
1296 1686 1436 1749 opti-

390 1772 507 1808 mas
556 1761 857 1809 Latinarum
900 1759 1289 1823 tragoediarum
1336 1761 1436 1809 ha-

390 1832 621 1883 bebatur
657 1833 882 1896 (Quintil.
921 1834 1002 1893 40,
1049 1835 1096 1894 4,
1143 1833 1232 1885 98:
1298 1835 1436 1883 Varii

394 1909 612 1970 mestos
642 1909 837 1958 cuilibet
879 1909 1187 1959 Graecei-mn
1227 1923 1434 1971 compa-

394 1985 506 2032 rari
532 1984 732 2048 potest),
771 1983 1053 2033 duodecim
1090 1999 1154 2034 ex
1196 1985 1432 2034 carmine

390 2057 458 2107 de
481 2062 671 2118 morte,
707 2060 759 2108 in
784 2059 867 2108 his
890 2057 996 2108 duo
1026 2058 1356 2109 acerbissimi
1380 2060 1431 2108 in

386 2132 454 2182 Μ.
490 2133 800 2181 Antonium:
853 2133 1077 2182 Vendidit
1115 2134 1194 2182 hic
1232 2134 1433 2182 Latium

380 2207 580 2269 populis
632 2221 880 2270 agrosque
941 2209 1133 2258 viritim
1193 2209 1395 2270 Eripuit
1410 2221 1429 2267 ‚⁰

383 2281 499 2344 fissit
541 2281 669 2345 leges
696 2283 860 2343 pretio
893 2288 1045 2344 atque
1082 2283 1279 2346 refixit:
1324 2281 1430 2331 duo

386 2368 452 2404 ex
496 2355 819 2418 Panegyrico
864 2357 916 2405 in
951 2358 1239 2408 Caesarem
1274 2357 1431 2407 Octa-

386 2430 619 2490 vianum,
648 2431 694 2480 si
717 2429 851 2481 fides
873 2430 1175 2483 Scholiastis
1204 2430 1273 2481 ad
1295 2433 1426 2496 Epp.

390 2505 433 2563 4,
474 2505 552 2563 46,
589 2506 670 2554 27.
738 2507 960 2556 Intimus
1004 2507 1101 2557 fuit
1142 2509 1196 2557 et
1234 2507 1430 2569 Virgilii

386 2582 439 2628 et
488 2579 685 2629 Horatii
740 2581 960 2631 amicus.
1048 2581 1151 2632 Cfr.
1206 2579 1424 2632 Martial.

447 2728 495 2775 2.
548 2728 811 2777 Maeonius
860 2727 1053 2777 dicitur
1094 2729 1355 2779 Homerus
1396 2742 1425 2778 a

387 2802 655 2862 Maeonia,
714 2804 892 2866 prisco
944 2803 1139 2866 Lydiae
1191 2805 1423 2864 nomine,

386 2877 506 2938 quia
540 2875 781 2939 plerique
827 2890 953 2926 eum
993 2879 1219 2940 Smyrna
1252 2881 1428 2928 ortum

386 2949 667 3013 putabant;
715 2949 838 3000 alibi
884 2952 1046 3001 etiam
1079 2953 1364 3001 Maeonides
1396 2966 1424 3001 a

387 3024 631 3083 Maeone,
678 3026 915 3087 mythico
959 3026 1072 3077 eius
1114 3029 1292 3090 patre,
1336 3027 1426 3090 qui

385 3096 451 3146 ab
486 3098 599 3149 aliis
632 3098 979 3162 Melesigenes
1013 3101 1328 3150 nominatur.
1368 3129 1421 3137 —

386 3172 517 3236 alite]
565 3174 649 3222 Sic
693 3173 861 3224 Codd.
932 3174 1219 3225 verissime
1263 3175 1428 3225 Scali-

386 3259 510 3307 gero
562 3248 787 3310 Castigg.
842 3247 893 3297 in
938 3249 1174 3311 Propert.
1216 3262 1269 3313 p.
1307 3250 1422 3299 207.

388 3320 478 3370 Ed.
517 3324 712 3371 Genev.
754 3323 897 3372 4607.
937 3326 1020 3373 est
1041 3321 1301 3374 ablativus
1335 3323 1428 3373 ab·

385 3394 585 3445 solutus
618 3398 749 3457 sive,
786 3399 845 3447 ut
869 3411 1009 3447 nunc
1031 3399 1328 3448 accuratius
1352 3399 1429 3448 di-

386 3471 525 3529 cunt,
554 3471 918 3520 instrumenti:
959 3473 1126 3522 «Cum
1149 3473 1428 3524 Varius'sit

385 3543 599 3606 insignis
654 3547 810 3607 poe'ta
868 3547 1076 3609 epicus:
1138 3547 1227 3609 qui
1278 3545 1426 3597 locus

385 3614 520 3666 male
534 3617 690 3680 vulgo
700 3619 1075 3681 magistrorum
1085 3624 1388 3684 conceptus,
1400 3639 1424 3665 η

384 3693 552 3754 Atque
569 3692 648 3741 sic
665 3706 885 3757 prorsus
903 3695 1282 3757 interpretandi
1305 3697 1429 3745 sunt

386 3764 466 3814 alii
502 3766 635 3826 duo,
680 3768 733 3816 in
769 3766 964 3831 quibus
999 3768 1221 3819 haerere
1256 3768 1428 3819 solent

386 3841 740 3889 Grammatici.
778 3842 908 3905 Epp.
950 3843 995 3902 4,
1038 3841 1083 3901 4,
1126 3842 1213 3894 94:
1269 3856 1426 3893 cura—

384 3916 463 3961 tus
491 3915 746 3976 inaequali
777 3921 990 3978 tonsore,
1028 3915 1081 3965 id
1116 3920 1220 3968 est:
1261 3931 1425 3968 «cum

386 3987 671 4050 inaequalis
706 3992 851 4041 esset
883 3993 1068 4041 tonsor
1105 4005 1326 4050 meus;n
1372 3995 1426 4042 et

384 4062 514 4125 Epp.
571 4063 615 4120 4,
673 4063 752 4123 49,
809 4065 896 4115 43;
951 4065 1250 4129 Εωὶςιιοᾳυο
1282 4071 1427 4130 togae

384 4136 573 4186 sknulet
606 4142 802 4188 textore
835 4139 1094 4201 Catonem,
1135 4154 1289 4189 «cum
1314 4141 1427 4189 hui-

386 4210 591 4259 usmodi
656 4214 857 4262 textore
929 4216 1164 4263 utatur.»
1256 4216 1424 4263 Nemo

386 4286 562 4332 eontra
596 4284 769 4335 haesit
801 4286 854 4335 in
888 4286 1051 4350 Epod.
1094 4288 1173 4348 46,
1212 4288 1291 4335 66.
1328 4288 1428 4337 Piis

1509 1237 1732 1286 secunda
1769 1240 1884 1285 vate
1921 1249 2003 1285 me
2043 1236 2196 1286 datur
2234 1238 2375 1304 naqa.
2447 1242 2566 1292 Neo

1512 1311 1581 1359 ad
1625 1309 1846 1360 alteram
1890 1307 2293 1373 explicationem
2336 1315 2401 1363 ab
2438 1319 2558 1371 alite

1511 1387 1565 1434 in
1633 1385 1846 1434 Horatio
1916 1385 2232 1436 firmandam
2288 1389 2556 1445 sufficiunt

1512 1457 1754 1522 exempla
1807 1472 1872 1507 ex
1923 1459 2104 1528 Ouidio
2156 1461 2278 1510 Her.
2319 1464 2399 1524 ⁴2,
2439 1468 2549 1518 464.

1511 1534 1633 1584 Met.
1674 1534 1721 1593 4,
1758 1531 1871 1583 747.
1910 1533 1958 1592 7,
1996 1534 2078 1582 50.
2128 1537 2181 1583 et
2213 1537 2460 1590 Iuvenale
2502 1542 2551 1602 4,

1513 1608 1592 1657 43.
1630 1608 1812 1671 petita,
1850 1605 2038 1657 collato
2073 1608 2372 1661 Heinrichio
2408 1614 2462 1664 Τ.
2489 1617 2551 1665 11.

1510 1695 1563 1745 p.
1602 1682 1682 1730 36.
1727 1709 1781 1717 —
1821 1683 2148 1733 Passeratius
2172 1688 2401 1735 correxit
2422 1687 2550 1749 aliti,

1509 1757 1780 1806 usitatiore
1834 1758 2249 1818 constructione,
2305 1762 2363 1809 ut
2409 1763 2549 1827 Virg.

1508 1833 1638 1879 Aen.
1680 1832 1725 1890 4,
1763 1831 1889 1880 326ι
1949 1832 2103 1881 Nulla
2140 1838 2346 1884 tuarum
2379 1839 2557 1888 audita

1506 1906 1629 1953 mihi
1661 1919 1820 1966 neque
1849 1906 1961 1954 visa
1992 1920 2238 1957 sororum.
2309 1912 2549 1975 Propert.

1507 1980 1556 2039 3,
1612 1980 1661 2038 7,
1715 1981 1806 2029 62:
1865 1980 1923 2029 In
1970 1995 2049 2030 me
2089 1984 2317 2034 caeruleo
2355 1987 2555 2049 fuscina

1505 2059 1706 2115 &nupta
1738 2055 1828 2103 deo
1862 2060 1946 2104 est.
2004 2056 2149 2116 Quae
2185 2059 2404 2120 quidem
2431 2075 2555 2112 con-

1507 2130 1708 2178 iectura
1744 2127 1922 2178 multis
1955 2129 2149 2193 placuit
2174 2136 2333 2196 atque
2370 2137 2554 2186 etiam-

1506 2216 1647 2252 nunc
1663 2202 1853 2266 placet.
1892 2204 1995 2253 Sed
2013 2208 2389 2270 praeterquam
2407 2211 2553 2273 quod

1506 2279 1663 2328 nimis
1707 2277 1870 2329 facilis
1914 2281 2029 2340 est,
2080 2281 2220 2331 haud
2268 2285 2396 2335 satis
2438 2288 2552 2336 eius

1506 2353 1739 2404 fautores
1796 2355 2074 2405 attendunt
2128 2357 2197 2406 ad
2253 2357 2307 2408 id
2334 2397 2346 2419 ,
2406 2360 2551 2423 qnod

1507 2428 1668 2477 etiam
1711 2429 1763 2478 in
1807 2426 2027 2478 alteram
2071 2429 2283 2481 ablativi
2318 2434 2551 2499 explica-

1506 2503 1704 2551 tionem
1740 2503 1902 2562 cadit,
1949 2505 2026 2553 sic
2059 2505 2333 2557 Horatium
2373 2522 2550 2572 neque

1506 2578 1677 2625 amice
1713 2590 1813 2626 nec
1848 2576 2052 2627 urbane
2086 2579 2243 2628 Vario
2266 2584 2552 2633 necessita-

1506 2653 1616 2700 tem
1651 2652 1706 2700 et
1738 2652 1889 2714 quasi
1925 2664 2059 2701 onus
2091 2655 2379 2718 Agrippam
2413 2656 2552 2707 cele-

1506 2724 1695 2774 brandi
1730 2725 2102 2788 impositurum
2137 2727 2316 2777 fuisse.
2349 2757 2403 2765 —-
2430 2732 2549 2795 lpse

1504 2803 1687 2849 autem
1709 2799 1897 2849 Varius
1931 2801 2035 2849 ales
2063 2801 2255 2851 dicitur
2275 2816 2318 2852 s.
2347 2818 2551 2867 cygnus

1506 2875 1837 2933 HomericuS‚
1863 2878 2141 2937 praestans
2163 2881 2318 2940 poeta
2345 2881 2546 2942 epicus,

1504 2952 1563 2998 ut
1595 2949 1817 2998 Theocr.
1856 2949 1905 3010 7,
1933 2948 2021 2999 47:
2059 2949 2291 3001 Μοισᾶν
2325 2946 2551 3024 ὅρνιχες

1506 3024 1719 3087 (ironice
1755 3024 1952 3086 tamen)
1989 3026 2078 3073 et
2065 3039 2115 3075 in
2141 3028 2378 3091 inscript.
2406 3029 2546 3094 apud

1504 3097 1797 3147 Fleetwood
1831 3112 1884 3163 p.
1925 3099 2037 3148 496.
2107 3099 2407 3152 Alcibiades
2440 3104 2550 3167 By-

1503 3172 1683 3221 zacius
1720 3164 1876 3242 ὄρνις
1907 3166 2268 3237 ἀοιδότατος.
2332 3174 2428 3226 Alii
2452 3178 2550 3228 mi-

1504 3261 1603 3297 nus
1638 3249 1874 3312 apposite
1898 3250 2016 3298 alite
2038 3249 2389 3313 explicarunt.
2429 3266 2551 3302 «vo-

1503 3321 1637 3381 latu,
1708 3323 1911 3386 impetu
1933 3361 1945 3383 ,
2013 3324 2262 3375 instinctu
2315 3326 2544 3389 poetico,

1504 3398 1717 3446 Homeri
1753 3399 2051 3461 auspiciis.»
2074 3426 2130 3434 —
2167 3401 2418 3450 Ceterum
2441 3413 2547 3450 non

1503 3472 1681 3521 minus
1725 3470 1954 3522 liberalis
1997 3474 2209 3522 Horatio
2243 3474 2547 3538 Propertius

1503 3547 1556 3595 in
1590 3547 1867 3596 Ponticum
1902 3547 1951 3605 4,
1977 3547 2024 3606 7,
2052 3546 2109 3595 3:
2146 3548 2321 3609 Atque,
2357 3548 2432 3596 ita
2454 3549 2550 3598 sim

1501 3620 1644 3683 felic,
1674 3621 1845 3681 primo
1877 3622 2128 3670 contendis
2150 3622 2381 3682 Homer-0,
2419 3624 2474 3672 et
2494 3623 2544 3683 2,

1504 3694 1585 3755 34,
1641 3696 1722 3744 66.
1778 3696 1852 3747 do
1895 3695 2156 3745 Aeneide:
2211 3697 2387 3745 Nescio
2429 3697 2550 3758 quid

1500 3770 1668 3818 nudius
1700 3771 1927 3818 nascitur
1957 3769 2129 3818 Iliade.

1567 3843 1614 3893 3.
1689 3845 1851 3905 Quam
1881 3855 1990 3891 rem
2021 3842 2229 3906 cunque]
2265 3844 2378 3894 Non
2401 3845 2550 3895 inso-

1503 3917 1590 3967 lita
1624 3913 1835 3982 τμήσει
1886 3917 2046 3966 etiam
2097 3917 2149 3965 in
2199 3930 2357 3981 prosa
2409 3922 2542 3969 orat.

1503 3993 1610 4043 Cic.
1664 4005 1762 4055 pro
1813 3993 1947 4041 Sest.
1995 3991 2083 4042 3⁴:
2138 3994 2268 4054 quod
2305 3993 2547 4043 iudicium

1500 4079 1695 4127 cunque
1724 4064 1961 4114 subierat.
2032 4067 2204 4116 Bauer
2245 4066 2313 4116 ad
2353 4067 2546 4117 Sanctii

1502 4141 1626 4189 Min.
1665 4141 1703 4188 l.
1741 4151 1794 4202 p.
1833 4140 1956 4188 222:
2003 4141 2093 4191 Est
2129 4141 2242 4204 (per
2276 4141 2547 4190 attractio-

1504 4212 1672 4275 nem):
1720 4211 2022 4263 «scribetur
2049 4227 2138 4264 res
2165 4214 2355 4273 omnis,
2382 4226 2545 4276 quam

1505 4285 1656 4337 miles
1692 4290 1742 4337 te
1778 4288 1914 4337 duce
1950 4289 2223 4351 gesserit.»
2265 4315 2317 4323 —
2346 4289 2546 4347 Quam-
