3234 4975
1149 394 1266 445 LIB.
1303 396 1387 444 lv.
1469 397 1526 445 C.
1567 395 1653 447 XI.

2475 394 2600 459 599

760 546 978 614 Vincta
1022 546 1322 615 verbenis
1371 558 1518 616 avet
1560 548 1884 616 immolato

931 669 1236 756 Spargier
1279 689 1445 757 agno
1471 694 1484 749 ;

758 844 1001 911 Cuncta
1041 844 1295 912 festinat
1341 865 1601 923 manuS‚
1648 846 1776 914 hue
1819 856 1884 913 et
1927 845 2076 913 illue

762 964 1081 1031 Cursitant
1120 965 1354 1032 mixtae
1400 966 1622 1053 pueris
1673 966 1956 1053 puellae3

2519 967 2600 1033 10

760 1084 1114 1152 Sordidum
1160 1085 1456 1154 flammae
1499 1087 1823 1174 trepidant
1864 1097 2147 1155 rotantes

934 1207 1186 1273 Vertice
1230 1207 1492 1273 fumum.

764 1382 842 1449 Ut
884 1390 1098 1448 tamen
1140 1381 1317 1447 noris
1358 1381 1596 1470 quibus
1641 1382 1982 1450 advoceris

769 1501 1065 1579 Gaudiis,
1112 1501 1266 1568 Idus
1310 1500 1422 1568 tibi
1466 1513 1615 1569 sunt
1660 1503 1981 1590 agendae,

773 1622 898 1702 Qui
944 1621 1087 1689 dies
1129 1643 1422 1692 mensem
1466 1625 1734 1692 Veneris
1776 1625 2064 1692 marinae

552 1859 601 1906 9.
636 1857 873 1919 festinant
903 1858 964 1907 N.
1002 1857 1267 1909 Heinsius.
1315 1884 1365 1896 —
1410 1859 1489 1909 ⁴⁴.

428 2085 533 2142 est,
567 2092 779 2144 mannen
811 2091 878 2129 ea>
910 2091 1031 2129 arce
1061 2091 1178 2128 cum
1207 2091 1304 2128 sua
1335 2083 1478 2129 terra

426 2156 661 2205 evolem.
708 2155 947 2204 Donatus
981 2153 1053 2202 ad
1081 2154 1199 2204 Ter.
1229 2153 1394 2203 Andr.
1421 2152 1471 2213 4,

428 2228 484 2287 3,
512 2228 607 2277 ⁴⁴:
646 2226 1333 2277 Verbenae--redimicula
1362 2231 1479 2276 sunt

428 2313 661 2350 arao-tom.
736 2298 885 2350 Conf.
924 2298 993 2348 ad
1026 2299 1123 2348 Od.
1163 2300 1218 2359 4,
1257 2300 1348 2359 49,
1391 2299 1471 2351 ⁴4.

426 2401 482 2409 —
521 2373 793 2436 Spar-aior]
853 2373 965 2423 Hoc
1003 2385 1112 2422 uno
1149 2371 1269 2422 loco
1302 2374 1357 2423 in
1390 2371 1476 2435 ly-

424 2446 550 2499 ricis
604 2447 770 2497 utitur
818 2446 1058 2499 infinitivi
1107 2445 1278 2498 forma
1338 2447 1475 2498 anti-

426 2524 613 2585 quiore
630 2559 643 2582 ,
712 2535 818 2585 qua
869 2523 1026 2572 nimis
1086 2521 1235 2572 abuti
1301 2521 1477 2573 solent

424 2595 579 2659 lyrici
600 2596 766 2646 Latini
789 2597 1119 2647 recentiores
1135 2634 1148 2655 ,
1174 2597 1334 2646 etiam
1358 2597 1479 2646 Sar-

423 2670 653 2722 bievius.
674 2672 863 2720 -lam
878 2708 890 2730 ,
917 2671 1065 2734 quod
1087 2683 1357 2721 nonnemo
1381 2684 1475 2721 ca·

422 2743 632 2795 villatus
666 2745 751 2795 est
783 2757 850 2795 ex
884 2744 1135 2794 Varronis
1171 2745 1474 2796 testimonio

424 2818 570 2883 apud
605 2818 960 2869 Censorinum
993 2818 1052 2868 C.
1090 2819 1157 2867 2:
1214 2819 1274 2868 Id
1319 2819 1477 2868 moris

421 2893 731 2955 institutique
749 2893 968 2942 maiores
997 2893 1158 2942 nostri
1190 2898 1472 2956 mamm,

419 2973 479 3018 ut
509 2981 625 3018 cum
657 2967 736 3017 die
764 2967 929 3017 natali
956 2980 1139 3017 munus
1167 2967 1354 3018 annale
1373 2967 1474 3018 Ge-

421 3042 507 3092 nio
542 3042 815 3104 solonem,
876 3054 1088 3092 maniam
1133 3054 1169 3091 a
1215 3042 1366 3092 caede
1410 3054 1474 3091 ac

420 3117 666 3180 sanquine
716 3115 1043 3178 abstinerem,
1093 3128 1157 3166 ne
1205 3117 1317 3178 die,
1369 3127 1476 3176 qua

421 3191 518 3252 ipsi
555 3191 717 3242 lucem
765 3192 1098 3254 accepissent,
1152 3190 1269 3240 aliis
1306 3190 1474 3240 denie-

419 3269 566 3315 rent:
618 3278 901 3317 assensum
935 3265 1161 3317 fortasse
1195 3267 1469 3327 moveret,

423 3338 469 3388 si
501 3338 570 3387 de
604 3340 803 3390 Horatii
839 3341 1005 3404 ipsius
1039 3340 1126 3390 die
1160 3338 1320 3391 natali
1352 3340 1406 3389 h.
1432 3338 1468 3389 l.

422 3413 698 3473 ageretur3
774 3412 900 3462 nihil
970 3415 1153 3464 autem
1217 3412 1469 3473 vetabat,

424 3486 709 3548 quominus
760 3486 1080 3538 Maecenatis
1142 3486 1300 3538 natali
1365 3500 1472 3537 una

422 3570 521 3622 pro
555 3559 711 3608 amici
745 3558 914 3610 salute
950 3562 1006 3610 et
1036 3574 1134 3625 pro
1158 3564 1333 3612 semet
1355 3561 1472 3625 ipso

423 3644 542 3682 rem
592 3632 827 3684 divinam
877 3635 1024 3684 domi
1074 3647 1204 3685 suae
1249 3634 1470 3685 faceret.

425 3706 621 3758 Confer
662 3709 823 3759 etiam
858 3708 956 3758 Od.
994 3709 1057 3770 3,
1086 3710 1179 3770 47,
1208 3710 1286 3759 ⁴5.
1312 3746 1325 3769 ,
1378 3708 1472 3759 ubi

424 3784 608 3832 contra
642 3782 788 3833 idem
821 3782 1074 3834 Varronis
1107 3783 1472 3834 testimonium

424 3856 610 3907 Genius
639 3861 856 3907 curatur
880 3870 1040 3919 porco
1073 3857 1307 3908 bimostn.

489 3930 667 3981 9-42.
714 3931 918 3995 manus]
957 3930 1180 3981 “familia
1215 3944 1337 3982 mea
1362 3934 1472 3982 tota

423 4003 703 4068 diligenter
751 4006 1016 4056 ministrat
1073 4006 1378 4057 convivium
1440 4020 1472 4056 a

424 4091 513 4130 me
536 4081 833 4145 paratum.»
871 4081 1164 4140 Quominus
1197 4082 1472 4131 vertamus

424 4166 552 4205 cum
610 4154 831 4206 vossio:
921 4155 1298 4218 Unaesdumt
1358 4154 1475 4205 eilt

414 4229 703 4294 jeqliche
732 4231 941 4291 Hand,·
975 4229 1228 4295 prohibet
1257 4245 1306 4281 v.
1346 4244 1473 4280 cun—

2519 1627 2600 1693 ⁴5

1544 1859 1793 1921 crepitant
1823 1856 2061 1910 malebat
2093 1858 2377 1912 Bentleius.

1546 2084 1647 2130 cta.
1720 2078 1825 2130 Cfr.
1885 2081 2067 2131 luven.
2113 2080 2205 2142 ⁴4,
2247 2081 2342 2131 59:
2401 2082 2601 2146 Hospite

1543 2158 1756 2204 venturo
1774 2154 1983 2205 cessabit
2011 2168 2157 2206 nmo
2189 2161 2419 2217 atomum
2449 2158 2599 2208 Verre

1537 2229 1912 2289 pavimentum
1979 2229 2168 2279 nitidas
2215 2231 2411 2280 ostende
2456 2232 2599 2281 colu-

1544 2313 1692 2350 mnas
1706 2314 1725 2359 ;
1780 2300 1942 2350 Arida
1999 2315 2115 2351 cum
2173 2307 2280 2352 tota
2334 2304 2599 2355 descendat

1546 2386 1744 2423 aranea
1774 2373 1875 2423 tela
1908 2373 2011 2422 cet.
2066 2400 2120 2409 -
2165 2376 2344 2437 pueris
2368 2377 2588 2441 puellae]

1545 2447 1772 2498 ministri
1819 2449 1874 2496 et
1915 2445 2154 2499 ancillae.
2201 2448 2265 2499 V.
2295 2449 2495 2512 puellae
2528 2451 2596 2502 de

1545 2521 1747 2573 ancillis
1780 2522 2150 2582 rarissimum;
2190 2523 2362 2587 cogita
2384 2526 2454 2575 de
2476 2538 2597 2576 ver-

1546 2595 1702 2647 nulis,
1745 2622 1802 2633 —
1838 2596 2133 2660 Sordidum]
2168 2598 2285 2645 den
2321 2598 2599 2663 qualmia

1543 2669 1938 2721 wirbelnden
1961 2670 2181 2720 Rauch.
2219 2671 2373 2722 vose.
2405 2699 2461 2710 —
2498 2677 2598 2724 tre-

1536 2746 1723 2808 pidant
1755 2742 1994 2806 rotantes]
2031 2741 2269 2793 «fumum
2314 2744 2596 2798 celerrime

1545 2819 1861 2882 torquentes
1896 2830 1961 2867 ac
1995 2815 2383 2881 glomerantes,
2432 2820 2505 2869 ita
2536 2824 2599 2872 ut

1548 2893 1666 2943 eius
1688 2891 1946 2941 verticem
1981 2889 2278 2956 (Wirbel)
2312 2891 2595 2945 efficiant.»

1546 2964 1823 3027 «Quodam
1869 2966 2103 3016 tremore
2138 2965 2348 3029 nigrum
2390 2964 2597 3019 fumum

1544 3039 1879 3104 glomeratim
1900 3038 2181 3090 volventes
2204 3040 2258 3089 in
2278 3041 2591 3093 verticem.»

1546 3116 1715 3166 Coun.
1744 3115 1901 3171 Cano.
1971 3113 2122 3164 Hanc
2156 3115 2302 3165 enim
2333 3115 2597 3181 interpre-

1544 3189 1801 3239 tationem
1822 3185 2169 3252 praetulerim
2189 3186 2359 3250 alteri,
2398 3203 2464 3240 ex
2487 3203 2594 3254 qua

1540 3270 1719 3315 vertex
1730 3264 1816 3315 est
1828 3261 2072 3315 «culmen
2080 3262 2349 3314 aedium.»
2367 3265 2480 3315 lam
2497 3267 2597 3316 Lu-

1545 3340 1744 3391 cretius
1762 3339 1811 3399 6,
1825 3338 1940 3389 200.
1962 3339 2032 3388 de
2051 3336 2383 3389 fulminibus:
2403 3345 2598 3389 rotanc-

1545 3429 1641 3479 que
1673 3415 1812 3465 cavis
1840 3416 2103 3478 namnam
2132 3412 2422 3476 romacibus
2442 3414 2594 3464 inm.

1611 3489 1830 3539 43-46.
1890 3487 2069 3548 quibus
2116 3486 2396 3548 advocet-is]
2444 3487 2594 3537 Hane

1545 3562 1774 3612 formam
1843 3559 2099 3610 exhibent
2168 3560 2421 3621 quattuor
2484 3562 2594 3611 mei

1547 3637 1718 3687 Codd.
1737 3673 1749 3697 ‚
1777 3635 1878 3685 etsi
1900 3647 2001 3697 ego
2025 3646 2242 3697 quoque
2264 3633 2596 3697 praeferrem

1545 3711 1787 3760 advocet-e
1819 3711 1874 3759 et
1907 3708 2129 3773 propter
2166 3718 2360 3757 sonum
2390 3708 2446 3757 et
2465 3721 2595 3772 pro-

1543 3786 1666 3848 pter
1689 3781 1980 3834 multorum
2002 3779 2170 3832 Codd.
2197 3782 2590 3844 auctoritatem,

1544 3856 1750 3922 quiod.
1775 3856 1827 3918 4,
1848 3856 1929 3918 ⁴2,
1957 3856 2036 3906 46.
2071 3853 2319 3905 merebere
2340 3854 2596 3908 exhibent

1542 3946 1643 3997 pro
1657 3930 1937 3983 merebor-is.
1952 3954 2006 3966 —
2026 3928 2230 3980 Eadem
2242 3931 2597 3981 constructio-

1546 4020 1614 4057 ne
1641 4004 1851 4067 Quintil.
1880 4007 1934 4055 Η
1958 4044 1970 4066 ,
2000 4005 2056 4065 4,
2082 4002 2173 4054 39:
2226 4016 2440 4066 caat-sae,
2476 4007 2594 4068 qui-

1546 4081 1637 4130 bus
1668 4082 1994 4130 advocamur.
2036 4105 2090 4114 -
2124 4078 2374 4144 maome]
2410 4080 2508 4129 Od.
2539 4080 2590 4141 3,

1544 4156 1609 4207 26
1627 4193 1639 4216 ‚
1666 4155 1716 4204 ὅ.
1747 4147 2160 4219 Ἀναδυομένης
2179 4190 2195 4216 ,
2231 4167 2368 4217 quae
2403 4167 2591 4205 mense

1543 4229 1737 4294 Aprili,
1790 4230 1890 4293 ipsi
1934 4241 2114 4292 sacro,
2170 4243 2202 4280 e
2235 4229 2371 4280 mari
2411 4241 2592 4279 emer-
