3234 4975
1213 398 1331 447 LIB.
1370 397 1408 445 1.
1481 398 1538 446 C.
1578 396 1774 447 xxvn.

2480 395 2590 460 454

857 553 1110 631 Quanta
1155 550 1498 618 laborabas
1543 550 1899 641 Charybdi,

943 675 1148 761 Digne
1193 694 1358 761 puer
1400 670 1668 739 meliore
1713 671 1996 756 flamma!

2520 675 2635 775 ΞΟ..

773 833 956 911 Quae
1002 851 1185 918 saga,
1234 831 1381 918 quis
1427 842 1490 896 te
1536 829 1792 896 solvere
1837 829 2156 895 Thessalis

776 952 1000 1039 Magus
1045 951 1344 1027 veneniS,
1394 951 1542 1037 quis
1585 951 1823 1038 poterit
1866 950 2078 1016 deus?

573 1234 651 1283 49.
724 1231 925 1282 laboras
975 1231 1224 1293 Charybdi
1273 1245 1409 1282 corr.
1462 1232 1517 1282 b.

763 1308 944 1357 Βεκτι..
968 1345 980 1367 ,
1024 1308 1228 1357 laboras
1267 1309 1322 1357 in
1364 1307 1612 1369 Charybdi
1647 1320 1709 1356 ex
1747 1306 2148 1370 interpolatione
2184 1309 2414 1359 Pottierii
2458 1310 2536 1367 44,

1516 1381 1768 1430 laborabis
1810 1380 2119 1441 PaldamuS,
2169 1383 2540 1446 imperfectum

504 1309 705 1358 meis.»

507 1383 594 1441 47,
639 1381 730 1441 23,
778 1381 971 1443 Aldus,
1019 1382 1126 1432 LCt
1166 1386 1219 1431 et
1255 1380 1457 1441 Bentl.,

1579 1233 1782 1283 «Deest
1831 1234 2150 1296 praepositio
2196 1234 2248 1283 in
2293 1233 2541 1285 omnibus

507 1455 650 1505 haud
695 1456 1004 1518 intelligens.
1077 1456 1157 1518 (Ut
1206 1469 1332 1516 nos,
1386 1457 1534 1505 BSTc
1587 1456 1642 1504 et
1689 1469 1770 1519 pr.
1821 1455 1889 1515 b,
1948 1454 2044 1523 γδ,
2104 1470 2201 1520 pro
2255 1471 2367 1506 var.
2419 1457 2537 1508 leot.

505 1548 581 1591 ω,
628 1530 812 1581 Bland.
847 1532 1156 1595 antiquiss,
1195 1531 1425 1581 Pottierii
1471 1529 1673 1591 ceteri.)
1723 1557 1777 1565 -
1828 1531 1907 1579 24.
1945 1531 2167 1581 thessalis
2199 1532 2251 1582 in
2286 1534 2544 1583 termina-

507 1606 646 1656 tione
681 1618 818 1655 corr.
856 1606 913 1654 T.

449 1880 571 1916 πων
620 1862 853 1936 ἑταίραν
909 1858 1177 1931 ἠγάπησε
1233 1879 1488 1925 amnon,

1560 1867 1760 1927 itinere,
1806 1867 2006 1929 puella,
2062 1866 2253 1916 dicitur
2295 1868 2475 1917 tamen
2520 1879 2610 1917 re-

448 1928 528 1990 Οὖ
565 1940 730 2006 γένος
763 1941 847 2001 τις
881 1932 956 1988 ἂν
987 1936 1223 1990 δύναιτο
1246 1953 1494 2009 παρανο-
1564 1941 1800 1991 ctissime
1824 1940 2058 1990 laborare
2079 1954 2276 2003 amore,
2302 1944 2361 1991 ut
2380 1941 2614 1990 laborare

446 2012 708 2101 μώτερον
740 2011 995 2102 medum:
1031 2014 1128 2076 Τίς
1161 2010 1270 2085 γὰρ
1293 2009 1493 2086 ἧδρά-
1563 2014 1831 2064 ambitione
1865 2016 1969 2065 Sat
2011 2016 2058 2077 4,
2096 2014 2143 2074 4,
2169 2016 2251 2065 26.
2279 2014 2428 2065 ovid.
2454 2015 2607 2064 Trist.

445 2082 588 2139 nau?
646 2080 893 2152 ἄμικτος
944 2082 988 2153 ἢ
1033 2087 1300 2177 Χίμαιρα
1348 2102 1491 2159 πυρ-

445 2160 652 2225 πνόος,
676 2157 754 2212 Ἤ
783 2159 1082 2232 Χάρυβδις
1119 2156 1159 2228 ἢ
1191 2165 1492 2235 τρίκρανος

443 2236 700 2299 Σκύλλα,
769 2241 976 2288 ποντία
1030 2234 1214 2301 κύων,
1282 2236 1488 2305 Σφίγξ,

432 2306 623 2383 Ὕδρα,
676 2310 866 2374 λέαιν,
901 2307 1175 2373 Ἔχιδνα,
1229 2310 1415 2378 πτηνὰ
1448 2311 1492 2362 δ

437 2384 711 2458 Ἁρπυιῶν
743 2388 900 2453 γένη,
936 2387 1038 2449 Εἰς
1062 2382 1400 2475 ὑπερβολὴν
1422 2382 1492 2437 ἄ-

444 2468 647 2525 cpe-moa
679 2460 783 2512 τοῦ
819 2459 1222 2514 καταπτύστου
1256 2465 1492 2530 γένους,·

443 2566 474 2577 -
507 2532 636 2587 -Ἡ
681 2535 742 2586 δὲ
793 2534 987 2608 Φρύνη
1037 2534 1144 2603 τὴν
1191 2536 1494 2609 Χάρυβδιν

445 2607 581 2672 οὗχὶ
614 2607 811 2682 πόῤῥω
836 2628 946 2663 που
972 2619 1157 2672 ποιεῖς
1194 2615 1302 2663 Cic.
1330 2614 1471 2663 deM

443 2689 668 2738 Antonio
703 2687 832 2737 Phil.
871 2688 928 2748 2,
967 2688 1013 2750 5.
1054 2689 1141 2737 67:
1191 2690 1330 2750 Quae
1363 2689 1495 2739 Cha-

442 2763 613 2823 rybdis
644 2767 750 2811 tam
779 2762 984 2811 vora-15?
1028 2761 1177 2811 Idem
1213 2762 1281 2812 de
1317 2765 1402 2813 Or.
1442 2763 1490 2822 3,

445 2836 493 2899 5.
534 2837 645 2886 463
684 2837 735 2885 in
759 2835 994 2899 pedestri
1018 2838 1256 2885 oratione
1282 2839 1493 2899 tropum

445 2911 792 2973 mitigandum
816 2912 1025 2960 censet:
1052 2911 1498 2996 Charybdeono-

443 2999 586 3047 rmn,
620 2986 914 3048 vorayinem
926 2984 1096 3047 potius
1117 2986 1350 3034 diret-im.
1385 2986 1497 3038 im-

445 3060 741 3123 perfectum
765 3061 945 3109 autem
979 3058 1247 3108 laborabas
1268 3058 1496 3108 refertur

447 3132 516 3183 ad
550 3133 601 3183 id
638 3136 880 3196 tempus,
919 3146 1025 3195 quo
1059 3130 1267 3196 puellae
1296 3146 1494 3182 nomen

448 3221 514 3257 ex
532 3221 596 3256 eo
615 3208 918 3270 quaesierat
939 3207 1186 3257 Horatius
1205 3209 1259 3256 et
1281 3219 1387 3268 quo
1412 3205 1495 3256 ille

447 3280 774 3344 respondere
810 3283 1088 3331 cunctatus
1118 3283 1260 3341 erat;
1303 3279 1414 3340 vel,
1454 3282 1496 3330 si

448 3357 635 3415 mavis,
660 3355 957 3404 «laborabas
968 3356 1112 3404 omni
1132 3355 1215 3404 illo
1234 3359 1495 3419 tempore,

449 3442 556 3491 quo
592 3442 717 3491 ege,
760 3431 859 3479 etsi
893 3429 1091 3478 amoris
1126 3431 1201 3478 tui
1236 3430 1496 3490 curiosus,

451 3516 577 3552 eum
606 3502 965 3564 ignorabam».
1027 3503 1408 3565 («Laborabas,
1447 3507 1502 3553 et

452 3590 550 3639 ego
574 3576 941 3626 nesciebam.»
985 3579 1136 3626 Bm.
1179 3577 1500 3627 Doederlein

452 3653 512 3700 11.
551 3651 758 3700 Samml.
795 3664 850 3714 p.
888 3653 1003 3701 245.
1044 3650 1271 3715 explicat
1318 3651 1501 3702 «labo-

452 3738 572 3774 rare
597 3727 649 3775 te
675 3725 945 3786 dicebas»,
971 3739 1162 3775 verum
1187 3726 1239 3775 in
1263 3726 1364 3776 hac
1382 3739 1504 3776 sen-

451 3799 611 3848 tentia
635 3802 783 3848 recta
807 3800 941 3848 ratio
965 3800 1201 3862 exigeret
1226 3798 1501 3849 «laborare

453 3874 506 3921 te
558 3871 770 3922 dixisti»
806 3872 891 3922 vel
933 3872 1145 3923 adicis»
1121 3874 1186 3937 n.)
1243 3874 1357 3923 Hoc
1396 3886 1502 3923 non

452 3945 938 3996 animadvertentes
958 3947 1287 4011 scripserunt
1307 3946 1504 3997 librarii

452 4018 658 4068 laboras
679 4020 954 4081 mambae,-
981 4019 1066 4071 alii
1090 4021 1160 4071 ad
1183 4020 1504 4084 explendum

452 4095 687 4144 metrum
734 4093 1076 4145 inseruerunt
1118 4097 1189 4145 in.
1245 4098 1355 4145 lam
1407 4095 1504 4145 etsi

454 4181 648 4218 verum
692 4170 799 4229 est,
855 4169 1000 4232 quod
1042 4169 1314 4220 contendit
1344 4170 1507 4219 Bent-

1566 2090 1613 2149 4,
1656 2089 1735 2149 44,
1773 2089 1864 2138 27:
1903 2091 2038 2138 Nam
2068 2090 2218 2139 simul
2248 2090 2442 2139 insidiis
2461 2089 2616 2138 horni-

1562 2176 1687 2211 num
1726 2163 1996 2226 pelagique
2044 2163 2253 2223 laboro;
2313 2162 2429 2226 (cfr.
2484 2165 2612 2212 item

1563 2236 1730 2300 Epod.
1760 2238 1840 2297 44,
1879 2240 1934 2288 6:
1971 2238 2143 2300 liurere
2175 2237 2408 2302 aliqum)
2444 2240 2499 2287 et
2526 2237 2612 2286 hic

1563 2311 1838 2372 Charybdis
1869 2315 1951 2362 est
1994 2324 2145 2361 amor
2176 2310 2385 2375 puellae
2419 2312 2615 2374 impro-

1564 2384 1686 2444 bae,
1720 2399 1826 2435 non
1845 2385 2019 2449 puella
2039 2387 2168 2448 ipsa.
2207 2388 2378 2449 Atque
2398 2386 2613 2435 omnino

1562 2459 1766 2509 laboras
1797 2460 1850 2508 in
1887 2459 2046 2523 (quod
2074 2473 2174 2524 per
2196 2472 2254 2510 se
2277 2462 2487 2510 rectum
2511 2461 2608 2521 est,

1564 2533 1660 2584 Od.
1703 2535 1761 2594 4,
1813 2534 1904 2593 47,
1952 2535 2038 2583 ⁴9:
2094 2535 2378 2583 laborantes
2419 2535 2473 2582 in
2512 2547 2614 2582 uno

1561 2608 1831 2668 Penelopen
1845 2610 2155 2669 vitreamque
2174 2609 2349 2657 Circen
2360 2607 2399 2670 :)
2416 2605 2612 2656 librarii

1565 2685 1617 2733 in
1660 2681 1928 2730 laborabas
1977 2694 2250 2743 nunquam
2295 2684 2609 2733 mutassent.

1569 2784 1624 2793 ·—
1660 2756 1885 2819 flamma]
1922 2756 1985 2804 H.
2023 2769 2073 2804 ν.
2112 2767 2219 2803 uno
2253 2753 2493 2804 hocloco
2515 2768 2615 2818 per

1566 2831 1791 2893 figuram
1836 2830 1999 2878 utitur
2039 2828 2307 2888 Horatius,
2352 2841 2612 2892 persaepe

1566 2907 1751 2955 contra
1795 2900 2052 2965 Virgilius.
2099 2904 2245 2964 (Aen.
2290 2904 2347 2964 2,
2395 2903 2509 2951 587.
2555 2901 2611 2964 4,

1564 2980 1629 3029 23
1654 2981 1709 3028 et
1730 2978 1819 3027 66:
1854 2978 1943 3027 Est
1967 2977 2129 3026 mollis
2147 2979 2357 3041 flamma
2376 2977 2617 3026 medullas

1566 3054 1691 3117 cet.)

1631 3129 1713 3178 2⁴.
1735 3128 1817 3177 22.
1850 3125 2317 3190 Thessalis-venenis]
2346 3125 2617 3175 «medica-

1567 3204 1791 3263 mentis,
1829 3202 2286 3251 incantamentis.»
2322 3203 2400 3251 De
2435 3214 2615 3249 κατα-

1567 3276 1803 3342 δέσμοις
1852 3279 2071 3339 propter
2115 3289 2230 3338 seq.
2278 3289 2330 3325 v.
2367 3276 2618 3339 illiyatwm

1567 3366 1673 3402 non
1710 3348 2067 3413 cogitandum.
2121 3348 2389 3398 Thessalia
2435 3353 2614 3398 autem

1568 3428 1790 3491 propter
1830 3436 2014 3486 magas
2050 3424 2104 3473 et
2148 3425 2618 3494 φαρμακευτρίας

1570 3500 1779 3551 infamis
1827 3500 1958 3547 erat.
1998 3496 2102 3546 Cl'r.
2153 3495 2325 3547 Schol.
2375 3497 2444 3546 ad
2490 3499 2613 3547 Eur.

1569 3574 1680 3625 Alc.
1721 3573 1883 3623 ⁴⁴28:
1926 3571 2275 3637 Ψυχαγωγοί
2305 3583 2454 3632 τινες
2474 3566 2618 3637 γόη-

1568 3663 1663 3711 τες
1696 3647 1758 3699 ἐν
1793 3643 2073 3713 Θετταλίᾳ
2106 3643 2225 3694 κτλ.
2263 3643 2390 3695 Plin.
2427 3646 2518 3706 30,
2556 3645 2613 3695 2:

1569 3723 1846 3775 Menander
1886 3723 2172 3772 litterarum
2213 3719 2474 3768 subtilitati
2517 3720 2622 3770 sine

1572 3798 1770 3848 amulo
1814 3799 2009 3859 genitus
2045 3794 2322 3844 Thessalam
2363 3795 2621 3857 commmi-

1571 3874 1716 3922 navit
1761 3871 1988 3934 rabidam
2031 3869 2344 3929 completam
2388 3868 2623 3932 ambages

1571 3946 1879 4010 seminar-mn
1901 3942 2264 3992 detrahentium
2285 3942 2495 3992 Lunam.
2524 3944 2623 3992 Co-

1576 4023 1772 4071 mioam
1827 4031 1947 4069 esse
1999 4017 2362 4080 gradationem
2410 4030 2619 4080 sagmen,

1573 4106 1814 4158 mamam,
1886 4092 2063 4151 deant,
2133 4092 2407 4140 neminem
2474 4090 2618 4152 fugit.

1579 4168 1828 4219 Chariton
1853 4166 1911 4226 4,
1950 4164 2007 4216 4:
2045 4166 2131 4227 τις
2164 4179 2232 4215 σε
2264 4161 2417 4215 θεῶν
2448 4160 2623 4228 δυνή-

453 4241 608 4302 leius,
636 4243 817 4293 Latine
842 4257 945 4293 non
972 4243 1074 4293 dici
1098 4244 1331 4295 laborare
1350 4245 1504 4305 mari,
1578 4258 1741 4294 σεται
1775 4237 1992 4298 σῶσαις
2028 4243 2081 4291 in
2115 4254 2175 4290 re
2212 4240 2537 4304 desperata·
