3234 4975
663 395 786 461 974

1439 397 1695 447 HORA'm
1726 397 2063 449 mamm«

1375 858 2099 921 cmm

994 1048 1171 1114 Nolis
1213 1046 1402 1133 longa
1445 1045 1622 1112 ferae
1664 1045 1835 1111 bella
1876 1047 2255 1112 Numantiae

990 1171 1125 1234 Nec
1169 1167 1381 1233 dirum
1427 1164 1848 1233 Hannibalem
1894 1187 2015 1232 nec
2059 1166 2345 1234 Siculum
2391 1188 2569 1234 mare

783 1348 890 1398 ΧΠ.
942 1349 1106 1397 Inscr.
1142 1344 1279 1409 volg.
1332 1345 1408 1394 Ad
1443 1347 1817 1406 Maecenatem,
1870 1347 1926 1396 et
1970 1345 2049 1395 sic
2090 1345 2257 1395 BbSc.
2299 1373 2353 1382 -
2390 1347 2467 1396 Aa
2502 1349 2761 1398 Meconem

710 1422 1084 1483 prosphonetico
1131 1419 1395 1468 tetracolos
1437 1419 1494 1468 T.
1547 1447 1603 1455 —
1654 1420 1702 1468 2.
1739 1420 1925 1468 durum
1967 1418 2196 1470 BbSTcd
2216 1458 2228 1480 ,
2279 1417 2393 1487 βγκ
2445 1435 2600 1471 «cum
2645 1420 2758 1471 aliis

715 1497 976 1546 inferioris
1009 1497 1226 1555 notae»,
1264 1497 1421 1552 item,
1457 1496 1518 1543 ιιι
1548 1493 1786 1553 videtur,
1823 1494 2058 1544 Pottierii
2090 1507 2305 1555 omnes,
2341 1494 2628 1546 Bentleius.
2667 1496 2762 1559 (at-

713 1585 831 1621 rum
862 1568 1128 1635 praebent
1160 1568 1376 1632 Cruquii
1421 1569 1571 1618 Mart.
1609 1571 1667 1616 et
1698 1565 1916 1616 Aldinae
1939 1604 1951 1628 ‚
2002 1568 2173 1617 dirum
2201 1582 2254 1618 v.
2292 1566 2326 1616 l.
2372 1568 2558 1617 durum
2599 1584 2636 1634 y
2668 1580 2753 1632 ap.

711 1645 926 1696 Kirchn.
964 1657 1016 1709 p.
1054 1644 1157 1705 36.)

711 1804 820 1855 XII.
879 1804 1018 1862 Fuit,
1055 1802 1147 1865 qui
1188 1801 1561 1863 argumentum
1595 1798 1701 1849 boc

647 1890 771 1929 esse
805 1878 1148 1941 opinaretur:
1187 1874 1425 1924 «Laudes
1457 1873 1696 1935 Augusti,

647 1950 716 2001 ad
751 1964 886 2015 quas
934 1949 1103 2012 lyrico
1155 1949 1392 1998 carmine
1428 1946 1698 1997 canendas

647 2037 680 2074 a
703 2026 1009 2074 Maecenate
1034 2023 1206 2072 suerat
1229 2022 1504 2080 excitatus,
1531 2020 1699 2070 urba-

645 2097 864 2147 nissima
904 2097 1255 2146 conversione
1281 2096 1380 2159 ipsi
1404 2095 1697 2144 Maecenati

644 2184 808 2235 prosa
848 2172 1088 2221 oratione
1141 2168 1490 2219 celebrandas
1547 2167 1699 2218 dele-

645 2246 784 2308 gat.»
853 2245 1054 2294 Verum
1088 2245 1165 2293 sic
1198 2245 1385 2306 exigua
1409 2255 1538 2292 saue
1561 2244 1697 2291 ratio

646 2318 879 2370 habetur
932 2318 1169 2377 exordii;
1239 2331 1364 2367 nam
1414 2319 1696 2367 Maecenas

647 2406 922 2457 nunquam
939 2394 1178 2457 profecto
1196 2394 1348 2457 petiit
1368 2391 1435 2441 ab
1455 2391 1693 2450 Horatio,

644 2470 705 2519 ut
752 2467 955 2519 bellum
1004 2467 1383 2518 Numantinum
1435 2467 1491 2516 et
1554 2477 1695 2530 quae

646 2546 930 2608 praeterea
954 2544 1340 2605 significantur,
1368 2542 1604 2599 caneret,
1632 2553 1696 2589 ac

648 2617 792 2668 nulla
832 2630 1056 2682 prorsus
1098 2616 1332 2666 habetur
1364 2617 1499 2665 ratio
1535 2616 1696 2665 totius

645 2693 714 2744 de
738 2693 1011 2754 Licymnia
1032 2690 1153 2741 loci.
1189 2693 1373 2754 Itaque
1397 2690 1696 2752 argumenti

647 2769 905 2833 expositio
928 2768 1102 2831 aptior
1126 2767 1261 2816 haec
1280 2765 1522 2815 videtur:
1564 2764 1699 2812 «No-

645 2841 709 2892 lis
746 2841 816 2902 (id
851 2844 949 2901 est,
988 2853 1149 2891 nemo
1183 2839 1323 2900 velit)
1360 2851 1391 2887 a
1416 2853 1503 2888 me
1527 2836 1693 2900 lyrice

647 2914 909 2966 celebrari
951 2928 1041 2965 res
1082 2917 1260 2977 gestas
1295 2914 1561 2963 maiorum
1595 2923 1697 2961 no-

647 2992 884 3039 strorum
922 3001 1099 3052 neque
1140 2989 1385 3050 antiquas
1434 2985 1550 3036 illas
1602 2986 1699 3036 he-

647 3076 803 3113 roum
836 3074 1078 3127 pugnas;
1114 3061 1425 3125 pariterque
1461 3062 1516 3110 et
1549 3061 1606 3108 tu
1643 3061 1698 3109 et

617 3151 620 3154 ’
648 3139 821 3202 quivis
871 3135 1005 3186 alius
1038 3136 1269 3198 scriptor
1301 3133 1492 3184 melius
1525 3132 1699 3197 pede-

646 3213 743 3262 stri
787 3211 1026 3259 oratione
1063 3207 1335 3258 enarrabit
1373 3208 1524 3257 fortia
1560 3209 1698 3258 Cae—

647 3286 783 3336 saris
817 3283 987 3342 sacta;
1023 3294 1242 3340 verum,
1282 3294 1407 3331 cum
1440 3294 1530 3332 res
1562 3282 1696 3331 istae

647 3358 872 3410 bellicae
913 3369 1037 3406 meo
1077 3355 1295 3418 quidem
1339 3355 1550 3417 ingenio
1591 3357 1697 3405 mi-

649 3446 751 3485 nus
795 3433 949 3496 aptae
992 3430 1121 3490 sint,
1175 3428 1497 3493 praedicabo
1539 3431 1699 3494 Licy..

649 3508 852 3559 mniam
885 3509 1084 3554 tuam.»
1154 3504 1293 3554 Dum
1337 3508 1518 3555 autem
1558 3506 1698 3556 Cae-

650 3583 786 3634 saris
853 3579 1039 3629 laudes
1104 3579 1415 3642 praedicare
1482 3578 1694 3641 abnuit,

650 3656 871 3708 easdem
916 3653 1272 3704 urbanissimo
1307 3654 1543 3718 quodam
1576 3668 1699 3705 mo-

652 3732 722 3781 do
777 3742 909 3780 usus
965 3730 1177 3792 egregie
1235 3729 1459 3789 extollit,
1517 3732 1588 3780 ita
1641 3731 1699 3778 ut

651 3817 830 3868 neque
861 3805 1059 3855 Caesar
1107 3804 1223 3867 ipse
1273 3802 1343 3855 illi
1393 3817 1699 3869 repugnan-

651 3881 757 3930 tiae
804 3880 1128 3929 stomachari
1177 3881 1377 3942 posset.
1459 3880 1698 3942 Compo-

653 3956 816 4006 situm
848 3953 1061 4003 videtur
1093 3967 1313 4005 carmen
1346 3967 1394 4002 a.
1420 3966 1474 4002 u.
1503 3966 1550 4002 c.
1579 3953 1693 4001 725.

650 4027 738 4079 vel
772 4027 888 4078 726.

719 4105 766 4153 4.
804 4101 1180 4166 longa-bella]
1231 4101 1300 4151 ab
1335 4114 1382 4149 a.
1408 4113 1463 4150 ιι.
1490 4113 1538 4150 c.
1581 4100 1695 4150 643.

651 4190 826 4241 usque
849 4177 919 4227 ad
942 4190 991 4228 a.
1018 4177 1132 4228 62⁴.
1163 4202 1220 4213 —
1254 4176 1396 4239 ferae
1415 4200 1444 4211 -
1464 4176 1698 4225 Numan-

1770 1799 1826 1848 in
1856 1799 2089 1849 ultimam
2118 1798 2313 1848 rabiem
2343 1799 2667 1862 furoremque
2699 1813 2823 1850 cou-

1769 1874 1903 1921 νοτες·
1928 1878 2182 1934 postremo
2222 1874 2354 1922 mori
2402 1875 2493 1923 hoc
2524 1888 2704 1938 amere
2735 1876 2824 1924 de-

1769 1948 2024 1997 stinarunt
2041 1962 2058 1996 .·
2096 1949 2242 1997 duces
2272 1961 2387 1997 suos
2408 1963 2552 2011 seque
2568 1950 2826 2011 patriam·

1772 2035 1868 2084 que
1901 2022 2039 2085 ferro
2061 2027 2107 2071 et
2134 2037 2321 2072 veneno
2341 2023 2649 2084 subiectaque
2669 2025 2822 2073 und&-

1771 2110 1866 2159 que
1897 2097 2013 2161 iane
2038 2103 2372 2159 peremerunt.

1835 2200 1885 2248 2.
1939 2198 2133 2263 dirum]
2171 2200 2231 2248 ιιι
2253 2198 2349 2249 Od.
2377 2199 2425 2259 3,
2453 2199 2503 2259 6,
2531 2198 2613 2249 36.
2642 2201 2696 2249 et
2716 2199 2814 2250 Od.

1771 2270 1828 2333 4,
1856 2270 1918 2333 4,
1945 2270 2027 2322 42.
2067 2275 2329 2337 perpetuo
2363 2271 2606 2338 ἐπιθέτῳ
2648 2274 2824 2323 nomi-

1771 2348 1927 2395 natur
1961 2345 2254 2405 Hannibal,
2293 2348 2416 2410 quia
2454 2349 2671 2397 Romani
2707 2349 2821 2397 eius

1770 2420 2085 2469 memoriam
2100 2423 2321 2484 propter
2339 2422 2616 2472 saevitiam
2629 2434 2691 2471 ac
2701 2435 2825 2486 per-

1770 2494 1951 2545 fidiam
1981 2495 2415 2545 exsecrabantur.
2480 2495 2656 2547 Altera
2701 2498 2824 2560 qui-

1770 2569 1896 2618 dem
1921 2567 2077 2620 lectio
2109 2572 2295 2620 durum
2331 2571 2669 2621 invenustam
2704 2570 2823 2620 effi-

1768 2647 1920 2692 ceret
1989 2645 2384 2707 oppositionem
2440 2657 2492 2693 v.
2552 2644 2812 2704 mollibus,

1770 2730 2099 2782 quamquam
2133 2731 2199 2768 eo
2235 2719 2354 2782 ipso
2387 2720 2601 2769 nomine
2624 2719 2824 2783 placuit

1771 2796 1827 2842 et
1873 2791 2112 2843 Bentleio
2162 2795 2218 2843 et
2272 2793 2570 2843 Sanadon0.
2640 2796 2819 2855 Longe

1770 2866 1870 2917 alia
1902 2880 1991 2917 res
2024 2869 2108 2917 est
2128 2904 2141 2927 ‚
2194 2867 2286 2916 ubi
2319 2868 2461 2930 Virg.
2498 2871 2589 2918 Ge.
2618 2870 2674 2926 2,
2704 2868 2816 2917 470.

1768 2942 2034 3003 Scipiadas
2065 2943 2218 2991 duros
2248 2941 2370 2991 bello
2405 2946 2459 2992 et
2511 2945 2641 2993 Aen.
2685 2943 2741 3002 2,
2767 2942 2815 2991 7.

1769 3017 1954 3065 durum
1996 3011 2201 3065 'Uli-vem
2248 3018 2422 3066 vocat.
2511 3017 2586 3066 Tu
2637 3015 2822 3066 confer

1771 3089 1982 3149 Quintil.
2026 3090 2086 3151 8,
2129 3091 2189 3150 2,
2231 3090 2296 3139 9:
2347 3092 2582 3153 «proprie
2613 3092 2816 3150 dictmn,

1768 3165 1823 3214 td
1843 3170 1939 3225 est,
1977 3179 2076 3226 quo
2108 3164 2233 3214 nihil
2253 3166 2467 3214 inveniri
2483 3165 2639 3225 possit
2660 3165 2821 3228 siqni-

1767 3240 2025 3302 ficantius,
2082 3244 2140 3288 ut
2174 3266 2205 3276 -
2241 3266 2272 3276 -
2309 3239 2577 3299 Horatius,
2635 3250 2820 3287 acrem

1770 3312 1956 3362 tibiam
1989 3311 2447 3376 Hannibalemque
2482 3311 2711 3362 dirum.»

1837 3412 1884 3462 3.
1931 3415 2093 3463 Poeno
2122 3413 2390 3477 saumana]
2425 3415 2661 3477 primum
2694 3426 2818 3463 cum

1773 3489 1831 3539 C.
1886 3486 2088 3538 Duilius
2138 3501 2186 3537 a.
2239 3500 2293 3536 ιι.
2332 3499 2380 3536 c.
2419 3486 2533 3537 494.
2587 3486 2819 3537 classem

1772 3560 2077 3614 Hannibalis
2110 3563 2328 3612 maioris
2362 3561 2430 3610 ad
2453 3560 2620 3623 Mylas
2653 3574 2819 3624 supe-

1770 3638 1923 3687 ravit.
1993 3637 2194 3686 Rursus
2235 3637 2292 3685 L.
2331 3636 2568 3685 Lutatius
2602 3633 2818 3686 Catulus

1773 3724 1883 3761 cos,
1912 3723 1961 3759 a.
1989 3723 2043 3759 u.
2070 3723 2117 3759 c.
2145 3710 2259 3759 5⁴2.
2296 3708 2365 3758 ad
2404 3711 2630 3770 Aegates
2669 3710 2819 3759 insu-

1771 3785 1850 3835 las
1900 3787 2108 3834 Poenos
2158 3782 2362 3847 proelio
2398 3781 2569 3832 navali
2622 3782 2819 3832 devicit

1773 3862 1875 3910 cet.
1917 3886 1973 3896 —
2008 3857 2252 3921 monibus]
2288 3858 2366 3907 De
2401 3869 2460 3908 se
2496 3859 2702 3907 tantum
2736 3855 2819 3906 lo-

1772 3935 1977 3998 quitur,
2014 3946 2123 3983 non
2157 3932 2225 3981 de
2250 3932 2395 3981 omni
2417 3932 2567 3994 poesi
2593 3928 2813 3988 melica;

1773 4010 1958 4071 sicque
1999 4006 2095 4057 Od.
2141 4006 2201 4066 4,
2244 4005 2300 4066 6,
2344 4006 2439 4054 4οε
2514 4005 2821 4066 Imbellisque

1769 4084 1928 4145 lyrae.

1838 4174 1886 4225 4.
1933 4174 2187 4236 Aptantw
2228 4173 2463 4223 citharae
2508 4173 2668 4222 modis
2699 4165 2822 4236 (ῥυ-

651 4251 768 4315 tiae]
789 4251 973 4303 Florus
990 4252 1040 4310 2,
1063 4250 1246 4308 48,45;
1269 4248 1543 4309 Deplorato
1560 4249 1702 4298 exitu
1772 4247 1949 4312 θμοῖς
1983 4247 2083 4297 καὶ
2112 4244 2335 4312 μέλεσι)
2368 4245 2538 4296 verba
2571 4258 2637 4296 ex
2660 4246 2819 4297 metri
