<?xml version="1.0" encoding="UTF-8"?>
<!DOCTYPE html PUBLIC "-//W3C//DTD XHTML 1.0 Transitional//EN"
    "http://www.w3.org/TR/xhtml1/DTD/xhtml1-transitional.dtd">
<html xmlns="http://www.w3.org/1999/xhtml" xml:lang="en" lang="en">
 <head>
  <title>
</title>
<meta http-equiv="Content-Type" content="text/html;charset=utf-8" />
  <meta name='ocr-system' content='tesseract 3.04.00' />
  <meta name='ocr-capabilities' content='ocr_page ocr_carea ocr_par ocr_line ocrx_word'/>
</head>
<body>
  <div class='ocr_page' id='page_1' title='image "./qhoratiusflaccu05baitgoog_0394.png"; bbox 0 0 3234 4975; ppageno 0'>
   <div class='ocr_carea' id='block_1_1' title="bbox 633 412 758 475">
    <p class='ocr_par' dir='ltr' id='par_1_1' title="bbox 633 412 758 475">
     <span class='ocr_line' id='line_1_1' title="bbox 633 412 758 475; baseline 0.008 -1"><span class='ocrx_word' id='word_1_1' title='bbox 633 412 758 475; x_wconf 83' lang='lat'>:366</span> 
     </span>
    </p>
   </div>
   <div class='ocr_carea' id='block_1_2' title="bbox 1055 566 1877 633">
    <p class='ocr_par' dir='ltr' id='par_1_2' title="bbox 1055 566 1877 633">
     <span class='ocr_line' id='line_1_2' title="bbox 1055 566 1877 633; baseline -0.004 -1"><span class='ocrx_word' id='word_1_2' title='bbox 1055 566 1268 632; x_wconf 88' lang='lat' dir='ltr'><strong>Pierio</strong></span> <span class='ocrx_word' id='word_1_3' title='bbox 1314 566 1629 633; x_wconf 88' lang='lat' dir='ltr'><strong>recreatis</strong></span> <span class='ocrx_word' id='word_1_4' title='bbox 1675 577 1877 632; x_wconf 81' lang='lat' dir='ltr'><strong>antro.</strong></span> 
     </span>
    </p>
   </div>
   <div class='ocr_carea' id='block_1_3' title="bbox 1410 410 2038 464">
    <p class='ocr_par' dir='ltr' id='par_1_3' title="bbox 1410 410 2038 464">
     <span class='ocr_line' id='line_1_3' title="bbox 1410 410 2038 464; baseline 0.002 -3"><span class='ocrx_word' id='word_1_5' title='bbox 1410 410 1668 463; x_wconf 77' lang='lat' dir='ltr'>HORATII</span> <span class='ocrx_word' id='word_1_6' title='bbox 1703 412 2038 464; x_wconf 77' lang='lat' dir='ltr'><strong>CARMlNUM</strong></span> 
     </span>
    </p>
   </div>
   <div class='ocr_carea' id='block_1_4' title="bbox 2727 567 2809 629">
    <p class='ocr_par' dir='ltr' id='par_1_4' title="bbox 2727 567 2809 629">
     <span class='ocr_line' id='line_1_4' title="bbox 2727 567 2809 629; baseline 0 0"><span class='ocrx_word' id='word_1_7' title='bbox 2727 567 2809 629; x_wconf 84' lang='grc'><strong>40</strong></span> 
     </span>
    </p>
   </div>
   <div class='ocr_carea' id='block_1_5' title="bbox 887 722 2214 791">
    <p class='ocr_par' dir='ltr' id='par_1_5' title="bbox 887 722 2214 791">
     <span class='ocr_line' id='line_1_5' title="bbox 887 722 2214 791; baseline -0.001 -2"><span class='ocrx_word' id='word_1_8' title='bbox 887 726 1014 790; x_wconf 91' lang='lat' dir='ltr'><strong>Vos</strong></span> <span class='ocrx_word' id='word_1_9' title='bbox 1058 725 1204 791; x_wconf 91' lang='lat' dir='ltr'><strong>lene</strong></span> <span class='ocrx_word' id='word_1_10' title='bbox 1250 723 1592 791; x_wconf 89' lang='lat' dir='ltr'><strong>consilium</strong></span> <span class='ocrx_word' id='word_1_11' title='bbox 1638 735 1704 791; x_wconf 92' lang='lat' dir='ltr'><strong>et</strong></span> <span class='ocrx_word' id='word_1_12' title='bbox 1745 722 1911 789; x_wconf 89' lang='lat' dir='ltr'><strong>datis</strong></span> <span class='ocrx_word' id='word_1_13' title='bbox 1957 733 2021 789; x_wconf 90' lang='lat' dir='ltr'><strong>et</strong></span> <span class='ocrx_word' id='word_1_14' title='bbox 2065 723 2214 788; x_wconf 89' lang='lat' dir='ltr'><strong>dato</strong></span> 
     </span>
    </p>
   </div>
   <div class='ocr_carea' id='block_1_6' title="bbox 888 845 1499 923">
    <p class='ocr_par' dir='ltr' id='par_1_6' title="bbox 888 845 1499 923">
     <span class='ocr_line' id='line_1_6' title="bbox 888 845 1499 923; baseline -0.002 -12"><span class='ocrx_word' id='word_1_15' title='bbox 888 845 1225 923; x_wconf 85' lang='lat' dir='ltr'><strong>Gaudetis,</strong></span> <span class='ocrx_word' id='word_1_16' title='bbox 1273 845 1499 911; x_wconf 89' lang='lat' dir='ltr'><strong>almae.</strong></span> 
     </span>
    </p>
   </div>
   <div class='ocr_carea' id='block_1_7' title="bbox 1590 844 2263 930">
    <p class='ocr_par' dir='ltr' id='par_1_7' title="bbox 1590 844 2263 930">
     <span class='ocr_line' id='line_1_7' title="bbox 1590 844 2263 930; baseline -0.006 -18"><span class='ocrx_word' id='word_1_17' title='bbox 1590 846 1842 912; x_wconf 82' lang='lat' dir='ltr'><strong>Scimus</strong></span> <span class='ocrx_word' id='word_1_18' title='bbox 1856 895 1870 921; x_wconf 92' lang='lat'><strong>,</strong></span> <span class='ocrx_word' id='word_1_19' title='bbox 1919 854 1989 909; x_wconf 95' lang='lat' dir='ltr'><strong>ut</strong></span> <span class='ocrx_word' id='word_1_20' title='bbox 2033 844 2263 930; x_wconf 87' lang='lat' dir='ltr'><strong>impios</strong></span> 
     </span>
    </p>
   </div>
   <div class='ocr_carea' id='block_1_8' title="bbox 975 968 2073 1163">
    <p class='ocr_par' dir='ltr' id='par_1_8' title="bbox 975 968 2073 1163">
     <span class='ocr_line' id='line_1_8' title="bbox 975 968 2073 1053; baseline -0.003 -20"><span class='ocrx_word' id='word_1_21' title='bbox 975 968 1228 1033; x_wconf 87' lang='lat' dir='ltr'><strong>Titanas</strong></span> <span class='ocrx_word' id='word_1_22' title='bbox 1273 968 1753 1053; x_wconf 80' lang='lat' dir='ltr'><strong>immanemque</strong></span> <span class='ocrx_word' id='word_1_23' title='bbox 1798 975 2073 1031; x_wconf 87' lang='lat' dir='ltr'><strong>turmam</strong></span> 
     </span>
     <span class='ocr_line' id='line_1_9' title="bbox 1057 1084 2065 1163; baseline -0.001 -9"><span class='ocrx_word' id='word_1_24' title='bbox 1057 1086 1352 1154; x_wconf 87' lang='lat' dir='ltr'><strong>Fulmine</strong></span> <span class='ocrx_word' id='word_1_25' title='bbox 1398 1084 1730 1153; x_wconf 78' lang='lat' dir='ltr'><strong>sustulerit</strong></span> <span class='ocrx_word' id='word_1_26' title='bbox 1774 1085 2025 1153; x_wconf 87' lang='lat' dir='ltr'><strong>caduco</strong></span> <span class='ocrx_word' id='word_1_27' title='bbox 2051 1138 2065 1163; x_wconf 89' lang='lat'>‚</span> 
     </span>
    </p>
   </div>
   <div class='ocr_carea' id='block_1_9' title="bbox 886 1244 2393 1332">
    <p class='ocr_par' dir='ltr' id='par_1_9' title="bbox 886 1244 2393 1332">
     <span class='ocr_line' id='line_1_10' title="bbox 886 1244 2393 1332; baseline -0.001 -21"><span class='ocrx_word' id='word_1_28' title='bbox 886 1245 1011 1326; x_wconf 87' lang='lat' dir='ltr'><strong>Qui</strong></span> <span class='ocrx_word' id='word_1_29' title='bbox 1054 1256 1292 1311; x_wconf 90' lang='lat' dir='ltr'><strong>terram</strong></span> <span class='ocrx_word' id='word_1_30' title='bbox 1336 1244 1642 1320; x_wconf 89' lang='lat' dir='ltr'><strong>inertem,</strong></span> <span class='ocrx_word' id='word_1_31' title='bbox 1690 1244 1801 1332; x_wconf 88' lang='lat' dir='ltr'><strong>qui</strong></span> <span class='ocrx_word' id='word_1_32' title='bbox 1848 1265 2028 1312; x_wconf 88' lang='lat' dir='ltr'><strong>mare</strong></span> <span class='ocrx_word' id='word_1_33' title='bbox 2073 1254 2393 1332; x_wconf 80' lang='lat' dir='ltr'><strong>temperat</strong></span> 
     </span>
    </p>
   </div>
   <div class='ocr_carea' id='block_1_10' title="bbox 2727 1245 2810 1308">
    <p class='ocr_par' dir='ltr' id='par_1_10' title="bbox 2727 1245 2810 1308">
     <span class='ocr_line' id='line_1_11' title="bbox 2727 1245 2810 1308; baseline 0 0"><span class='ocrx_word' id='word_1_34' title='bbox 2727 1245 2810 1308; x_wconf 72' lang='lat'><strong>45</strong></span> 
     </span>
    </p>
   </div>
   <div class='ocr_carea' id='block_1_11' title="bbox 766 1496 2294 1561">
    <p class='ocr_par' dir='ltr' id='par_1_11' title="bbox 766 1496 2294 1561">
     <span class='ocr_line' id='line_1_12' title="bbox 766 1496 2294 1561; baseline -0.003 -10"><span class='ocrx_word' id='word_1_35' title='bbox 766 1499 846 1552; x_wconf 77' lang='grc'>43.</span> <span class='ocrx_word' id='word_1_36' title='bbox 884 1498 1084 1549; x_wconf 80' lang='lat' dir='ltr'><strong>turbam</strong></span> <span class='ocrx_word' id='word_1_37' title='bbox 1117 1497 1211 1549; x_wconf 89' lang='lat' dir='ltr'><strong>bT.</strong></span> <span class='ocrx_word' id='word_1_38' title='bbox 1254 1524 1309 1535; x_wconf 88' lang='lat'><strong>--</strong></span> <span class='ocrx_word' id='word_1_39' title='bbox 1347 1496 1428 1550; x_wconf 77' lang='grc'>44.</span> <span class='ocrx_word' id='word_1_40' title='bbox 1467 1496 1676 1561; x_wconf 73' lang='lat' dir='ltr'><strong>caduco]</strong></span> <span class='ocrx_word' id='word_1_41' title='bbox 1712 1509 1918 1547; x_wconf 74' lang='lat' dir='ltr'><strong>corusco</strong></span> <span class='ocrx_word' id='word_1_42' title='bbox 1951 1497 2120 1548; x_wconf 87' lang='lat' dir='ltr'><strong>Bentl.</strong></span> <span class='ocrx_word' id='word_1_43' title='bbox 2158 1498 2294 1547; x_wconf 87' lang='lat' dir='ltr'><strong>coni.</strong></span> 
     </span>
    </p>
   </div>
   <div class='ocr_carea' id='block_1_12' title="bbox 634 1728 1697 4238">
    <p class='ocr_par' dir='ltr' id='par_1_12' title="bbox 634 1728 1695 3650">
     <span class='ocr_line' id='line_1_13' title="bbox 634 1728 1688 1793; baseline -0.004 -10"><span class='ocrx_word' id='word_1_44' title='bbox 634 1732 788 1793; x_wconf 84' lang='lat' dir='ltr'><strong>bant,</strong></span> <span class='ocrx_word' id='word_1_45' title='bbox 832 1731 1226 1782; x_wconf 80' lang='lat' dir='ltr'><strong>substituerunt</strong></span> <span class='ocrx_word' id='word_1_46' title='bbox 1257 1728 1386 1780; x_wconf 77' lang='lat' dir='ltr'><strong>salsa</strong></span> <span class='ocrx_word' id='word_1_47' title='bbox 1420 1728 1505 1779; x_wconf 86' lang='lat' dir='ltr'><strong>vel</strong></span> <span class='ocrx_word' id='word_1_48' title='bbox 1539 1729 1688 1779; x_wconf 80' lang='lat' dir='ltr'><strong>abdi-</strong></span> 
     </span>
     <span class='ocr_line' id='line_1_14' title="bbox 634 1803 1689 1867; baseline -0.003 -11"><span class='ocrx_word' id='word_1_49' title='bbox 634 1807 731 1867; x_wconf 78' lang='lat' dir='ltr'><strong>dit,</strong></span> <span class='ocrx_word' id='word_1_50' title='bbox 780 1805 866 1855; x_wconf 87' lang='lat' dir='ltr'><strong>vel</strong></span> <span class='ocrx_word' id='word_1_51' title='bbox 908 1805 1145 1864; x_wconf 77' lang='lat' dir='ltr'><strong>reddidit,</strong></span> <span class='ocrx_word' id='word_1_52' title='bbox 1183 1803 1252 1853; x_wconf 86' lang='lat' dir='ltr'><strong>ad</strong></span> <span class='ocrx_word' id='word_1_53' title='bbox 1291 1803 1434 1866; x_wconf 87' lang='lat' dir='ltr'><strong>quod</strong></span> <span class='ocrx_word' id='word_1_54' title='bbox 1475 1806 1689 1867; x_wconf 83' lang='lat' dir='ltr'><strong>postre-</strong></span> 
     </span>
     <span class='ocr_line' id='line_1_15' title="bbox 637 1876 1682 1940; baseline -0.005 -9"><span class='ocrx_word' id='word_1_55' title='bbox 637 1893 786 1931; x_wconf 86' lang='lat' dir='ltr'><strong>mum</strong></span> <span class='ocrx_word' id='word_1_56' title='bbox 820 1878 1050 1928; x_wconf 81' lang='lat' dir='ltr'><strong>verbum</strong></span> <span class='ocrx_word' id='word_1_57' title='bbox 1086 1876 1317 1927; x_wconf 85' lang='lat' dir='ltr'><strong>conferri</strong></span> <span class='ocrx_word' id='word_1_58' title='bbox 1350 1879 1530 1940; x_wconf 88' lang='lat' dir='ltr'><strong>potest</strong></span> <span class='ocrx_word' id='word_1_59' title='bbox 1557 1879 1682 1927; x_wconf 90' lang='lat' dir='ltr'><strong>Tac.</strong></span> 
     </span>
     <span class='ocr_line' id='line_1_16' title="bbox 635 1951 1688 2013; baseline -0.005 -9"><span class='ocrx_word' id='word_1_60' title='bbox 635 1959 768 2004; x_wconf 81' lang='lat' dir='ltr'><strong>Anu.</strong></span> <span class='ocrx_word' id='word_1_61' title='bbox 800 1954 855 2012; x_wconf 76' lang='lat'><strong>⁴,</strong></span> <span class='ocrx_word' id='word_1_62' title='bbox 896 1953 986 2001; x_wconf 74' lang='lat'><strong>⁴7:</strong></span> <span class='ocrx_word' id='word_1_63' title='bbox 1016 1952 1306 2013; x_wconf 76' lang='lat' dir='ltr'><strong>praetorias</strong></span> <span class='ocrx_word' id='word_1_64' title='bbox 1327 1951 1574 2012; x_wconf 70' lang='lat' dir='ltr'><strong>cohortos,</strong></span> <span class='ocrx_word' id='word_1_65' title='bbox 1606 1977 1637 1987; x_wconf 96' lang='lat'><em>-</em></span> <span class='ocrx_word' id='word_1_66' title='bbox 1658 1976 1688 1987; x_wconf 96' lang='lat'><em>-</em></span> 
     </span>
     <span class='ocr_line' id='line_1_17' title="bbox 636 2023 1691 2089; baseline -0.003 -12"><span class='ocrx_word' id='word_1_67' title='bbox 636 2040 769 2089; x_wconf 77' lang='lat' dir='ltr'><strong>quae</strong></span> <span class='ocrx_word' id='word_1_68' title='bbox 781 2031 895 2088; x_wconf 76' lang='lat' dir='ltr'><strong>post</strong></span> <span class='ocrx_word' id='word_1_69' title='bbox 909 2026 1117 2075; x_wconf 76' lang='lat' dir='ltr'><strong>sedecim</strong></span> <span class='ocrx_word' id='word_1_70' title='bbox 1134 2038 1295 2074; x_wconf 74' lang='lat' dir='ltr'><strong>annos</strong></span> <span class='ocrx_word' id='word_1_71' title='bbox 1309 2023 1572 2086; x_wconf 69' lang='lat' dir='ltr'><strong>penatibus</strong></span> <span class='ocrx_word' id='word_1_72' title='bbox 1585 2025 1691 2074; x_wconf 69' lang='lat' dir='ltr'><strong>mis</strong></span> 
     </span>
     <span class='ocr_line' id='line_1_18' title="bbox 636 2098 1683 2162; baseline -0.003 -12"><span class='ocrx_word' id='word_1_73' title='bbox 636 2101 938 2155; x_wconf 74' lang='lat' dir='ltr'><strong>reddantur,</strong></span> <span class='ocrx_word' id='word_1_74' title='bbox 966 2101 1069 2148; x_wconf 88' lang='lat' dir='ltr'><strong>cet.</strong></span> <span class='ocrx_word' id='word_1_75' title='bbox 1107 2098 1213 2148; x_wconf 87' lang='lat' dir='ltr'><strong>Sed</strong></span> <span class='ocrx_word' id='word_1_76' title='bbox 1235 2100 1503 2160; x_wconf 82' lang='lat' dir='ltr'><strong>Augustus</strong></span> <span class='ocrx_word' id='word_1_77' title='bbox 1521 2099 1683 2162; x_wconf 89' lang='lat' dir='ltr'><strong>(Suet.</strong></span> 
     </span>
     <span class='ocr_line' id='line_1_19' title="bbox 639 2172 1690 2236; baseline -0.003 -12"><span class='ocrx_word' id='word_1_78' title='bbox 639 2176 750 2224; x_wconf 85' lang='lat' dir='ltr'><strong>Oct.</strong></span> <span class='ocrx_word' id='word_1_79' title='bbox 771 2176 790 2224; x_wconf 78' lang='grc'>4</span> <span class='ocrx_word' id='word_1_80' title='bbox 802 2174 868 2236; x_wconf 89' lang='grc'><strong>3.)</strong></span> <span class='ocrx_word' id='word_1_81' title='bbox 880 2177 1142 2222; x_wconf 75' lang='lat' dir='ltr'><strong>veteranos</strong></span> <span class='ocrx_word' id='word_1_82' title='bbox 1155 2172 1537 2233; x_wconf 67' lang='lat' dir='ltr'><strong>municipalibus</strong></span> <span class='ocrx_word' id='word_1_83' title='bbox 1547 2172 1690 2235; x_wconf 65' lang='lat' dir='ltr'><strong>agris</strong></span> 
     </span>
     <span class='ocr_line' id='line_1_20' title="bbox 638 2246 1687 2305; baseline -0.002 -7"><span class='ocrx_word' id='word_1_84' title='bbox 638 2246 944 2305; x_wconf 83' lang='lat' dir='ltr'><strong>collocavit,</strong></span> <span class='ocrx_word' id='word_1_85' title='bbox 999 2250 1054 2297; x_wconf 86' lang='lat' dir='ltr'><strong>et</strong></span> <span class='ocrx_word' id='word_1_86' title='bbox 1103 2250 1240 2297; x_wconf 83' lang='lat' dir='ltr'><strong>teste</strong></span> <span class='ocrx_word' id='word_1_87' title='bbox 1290 2247 1459 2297; x_wconf 88' lang='lat' dir='ltr'><strong>Dione</strong></span> <span class='ocrx_word' id='word_1_88' title='bbox 1503 2248 1687 2297; x_wconf 89' lang='lat' dir='ltr'><strong>Cassio</strong></span> 
     </span>
     <span class='ocr_line' id='line_1_21' title="bbox 638 2321 1690 2384; baseline -0.001 -12"><span class='ocrx_word' id='word_1_89' title='bbox 638 2323 718 2383; x_wconf 79' lang='lat'><strong>53,</strong></span> <span class='ocrx_word' id='word_1_90' title='bbox 758 2323 839 2372; x_wconf 71' lang='lat'><strong>25.</strong></span> <span class='ocrx_word' id='word_1_91' title='bbox 867 2334 1007 2371; x_wconf 90' lang='lat' dir='ltr'><strong>anno</strong></span> <span class='ocrx_word' id='word_1_92' title='bbox 1031 2321 1145 2371; x_wconf 68' lang='lat'><strong>729.</strong></span> <span class='ocrx_word' id='word_1_93' title='bbox 1173 2321 1428 2384; x_wconf 81' lang='lat' dir='ltr'><strong>optimam</strong></span> <span class='ocrx_word' id='word_1_94' title='bbox 1453 2322 1566 2383; x_wconf 80' lang='lat' dir='ltr'><strong>agri</strong></span> <span class='ocrx_word' id='word_1_95' title='bbox 1590 2321 1690 2371; x_wconf 90' lang='lat' dir='ltr'><strong>Sa-</strong></span> 
     </span>
     <span class='ocr_line' id='line_1_22' title="bbox 638 2394 1689 2460; baseline -0.002 -13"><span class='ocrx_word' id='word_1_96' title='bbox 638 2395 902 2447; x_wconf 86' lang='lat' dir='ltr'><strong>lassorum</strong></span> <span class='ocrx_word' id='word_1_97' title='bbox 937 2398 1145 2460; x_wconf 85' lang='lat' dir='ltr'><strong>partem</strong></span> <span class='ocrx_word' id='word_1_98' title='bbox 1180 2394 1505 2458; x_wconf 88' lang='lat' dir='ltr'><strong>quibusdam</strong></span> <span class='ocrx_word' id='word_1_99' title='bbox 1527 2408 1689 2459; x_wconf 88' lang='lat' dir='ltr'><strong>prae-</strong></span> 
     </span>
     <span class='ocr_line' id='line_1_23' title="bbox 639 2468 1691 2533; baseline -0.002 -11"><span class='ocrx_word' id='word_1_100' title='bbox 639 2471 968 2522; x_wconf 86' lang='lat' dir='ltr'><strong>torianorum</strong></span> <span class='ocrx_word' id='word_1_101' title='bbox 987 2469 1150 2530; x_wconf 84' lang='lat' dir='ltr'><strong>dedit,</strong></span> <span class='ocrx_word' id='word_1_102' title='bbox 1172 2469 1265 2520; x_wconf 87' lang='lat' dir='ltr'><strong>ubi</strong></span> <span class='ocrx_word' id='word_1_103' title='bbox 1283 2468 1495 2520; x_wconf 86' lang='lat' dir='ltr'><strong>condita</strong></span> <span class='ocrx_word' id='word_1_104' title='bbox 1514 2472 1691 2533; x_wconf 74' lang='lat' dir='ltr'><strong>Augu-</strong></span> 
     </span>
     <span class='ocr_line' id='line_1_24' title="bbox 639 2544 1683 2608; baseline -0.001 -13"><span class='ocrx_word' id='word_1_105' title='bbox 639 2549 721 2596; x_wconf 90' lang='lat' dir='ltr'><strong>sta</strong></span> <span class='ocrx_word' id='word_1_106' title='bbox 759 2545 1024 2595; x_wconf 81' lang='lat' dir='ltr'><strong>Praetoria</strong></span> <span class='ocrx_word' id='word_1_107' title='bbox 1052 2545 1120 2608; x_wconf 82' lang='lat' dir='ltr'><strong>(h.</strong></span> <span class='ocrx_word' id='word_1_108' title='bbox 1144 2544 1335 2607; x_wconf 78' lang='lat' dir='ltr'><strong>Aosta),</strong></span> <span class='ocrx_word' id='word_1_109' title='bbox 1371 2545 1502 2594; x_wconf 87' lang='lat' dir='ltr'><strong>item</strong></span> <span class='ocrx_word' id='word_1_110' title='bbox 1539 2544 1683 2608; x_wconf 85' lang='lat' dir='ltr'><strong>(ibid.</strong></span> 
     </span>
     <span class='ocr_line' id='line_1_25' title="bbox 640 2617 1688 2682; baseline -0.002 -13"><span class='ocrx_word' id='word_1_111' title='bbox 640 2620 699 2670; x_wconf 92' lang='lat' dir='ltr'><strong>C.</strong></span> <span class='ocrx_word' id='word_1_112' title='bbox 726 2619 827 2682; x_wconf 76' lang='grc'>26.)</span> <span class='ocrx_word' id='word_1_113' title='bbox 864 2617 1116 2668; x_wconf 82' lang='lat' dir='ltr'><strong>militibus</strong></span> <span class='ocrx_word' id='word_1_114' title='bbox 1156 2618 1390 2669; x_wconf 84' lang='lat' dir='ltr'><strong>dimissis</strong></span> <span class='ocrx_word' id='word_1_115' title='bbox 1427 2618 1688 2682; x_wconf 87' lang='lat' dir='ltr'><strong>oppidum</strong></span> 
     </span>
     <span class='ocr_line' id='line_1_26' title="bbox 639 2693 1688 2755; baseline -0.001 -11"><span class='ocrx_word' id='word_1_116' title='bbox 639 2695 692 2744; x_wconf 90' lang='lat' dir='ltr'><strong>in</strong></span> <span class='ocrx_word' id='word_1_117' title='bbox 725 2694 1018 2754; x_wconf 80' lang='lat' dir='ltr'><strong>Lusitania,</strong></span> <span class='ocrx_word' id='word_1_118' title='bbox 1054 2695 1347 2755; x_wconf 77' lang='lat' dir='ltr'><strong>Augustam</strong></span> <span class='ocrx_word' id='word_1_119' title='bbox 1382 2693 1688 2743; x_wconf 72' lang='lat' dir='ltr'><strong>Emer-itiam</strong></span> 
     </span>
     <span class='ocr_line' id='line_1_27' title="bbox 642 2766 1688 2831; baseline 0.001 -14"><span class='ocrx_word' id='word_1_120' title='bbox 642 2769 710 2831; x_wconf 83' lang='lat' dir='ltr'><strong>(h.</strong></span> <span class='ocrx_word' id='word_1_121' title='bbox 729 2768 970 2831; x_wconf 65' lang='lat' dir='ltr'><strong>Met-ida),</strong></span> <span class='ocrx_word' id='word_1_122' title='bbox 1002 2767 1346 2817; x_wconf 88' lang='lat' dir='ltr'><strong>condendum</strong></span> <span class='ocrx_word' id='word_1_123' title='bbox 1372 2766 1542 2826; x_wconf 90' lang='lat' dir='ltr'><strong>dedit;</strong></span> <span class='ocrx_word' id='word_1_124' title='bbox 1582 2781 1688 2818; x_wconf 89' lang='lat' dir='ltr'><strong>non</strong></span> 
     </span>
     <span class='ocr_line' id='line_1_28' title="bbox 639 2841 1690 2905; baseline -0.001 -13"><span class='ocrx_word' id='word_1_125' title='bbox 639 2844 796 2905; x_wconf 79' lang='lat' dir='ltr'><strong>igitur</strong></span> <span class='ocrx_word' id='word_1_126' title='bbox 840 2855 938 2892; x_wconf 92' lang='lat' dir='ltr'><strong>suo</strong></span> <span class='ocrx_word' id='word_1_127' title='bbox 984 2842 1210 2905; x_wconf 89' lang='lat' dir='ltr'><strong>quisque</strong></span> <span class='ocrx_word' id='word_1_128' title='bbox 1257 2841 1455 2905; x_wconf 90' lang='lat' dir='ltr'><strong>oppido</strong></span> <span class='ocrx_word' id='word_1_129' title='bbox 1490 2841 1690 2891; x_wconf 88' lang='lat' dir='ltr'><strong>redde-</strong></span> 
     </span>
     <span class='ocr_line' id='line_1_29' title="bbox 644 2914 1693 2979; baseline -0.002 -13"><span class='ocrx_word' id='word_1_130' title='bbox 644 2917 826 2974; x_wconf 65' lang='lat' dir='ltr'><strong>batum</strong></span> <span class='ocrx_word' id='word_1_131' title='bbox 854 2914 951 2965; x_wconf 89' lang='lat' dir='ltr'><strong>alia</strong></span> <span class='ocrx_word' id='word_1_132' title='bbox 971 2915 1215 2965; x_wconf 90' lang='lat' dir='ltr'><strong>condicio</strong></span> <span class='ocrx_word' id='word_1_133' title='bbox 1233 2918 1380 2965; x_wconf 88' lang='lat' dir='ltr'><strong>certe</strong></span> <span class='ocrx_word' id='word_1_134' title='bbox 1400 2918 1516 2965; x_wconf 89' lang='lat' dir='ltr'><strong>erat</strong></span> <span class='ocrx_word' id='word_1_135' title='bbox 1537 2929 1693 2979; x_wconf 89' lang='lat' dir='ltr'><strong>prae-</strong></span> 
     </span>
     <span class='ocr_line' id='line_1_30' title="bbox 644 2988 1691 3040; baseline -0.002 0"><span class='ocrx_word' id='word_1_136' title='bbox 644 2991 989 3040; x_wconf 87' lang='lat' dir='ltr'><strong>torianorum.</strong></span> <span class='ocrx_word' id='word_1_137' title='bbox 1041 2990 1117 3038; x_wconf 89' lang='lat' dir='ltr'><strong>De</strong></span> <span class='ocrx_word' id='word_1_138' title='bbox 1152 2988 1513 3040; x_wconf 78' lang='lat' dir='ltr'><strong>hibernaculis</strong></span> <span class='ocrx_word' id='word_1_139' title='bbox 1537 2988 1691 3039; x_wconf 89' lang='lat' dir='ltr'><strong>deni-</strong></span> 
     </span>
     <span class='ocr_line' id='line_1_31' title="bbox 642 3061 1687 3128; baseline -0.002 -15"><span class='ocrx_word' id='word_1_140' title='bbox 642 3076 748 3128; x_wconf 84' lang='lat' dir='ltr'><strong>que</strong></span> <span class='ocrx_word' id='word_1_141' title='bbox 767 3061 906 3113; x_wconf 90' lang='lat' dir='ltr'><strong>male</strong></span> <span class='ocrx_word' id='word_1_142' title='bbox 931 3061 1165 3112; x_wconf 84' lang='lat' dir='ltr'><strong>nonnulli</strong></span> <span class='ocrx_word' id='word_1_143' title='bbox 1188 3065 1315 3112; x_wconf 89' lang='lat' dir='ltr'><strong>sunt</strong></span> <span class='ocrx_word' id='word_1_144' title='bbox 1338 3064 1687 3127; x_wconf 82' lang='lat' dir='ltr'><strong>interpretati,</strong></span> 
     </span>
     <span class='ocr_line' id='line_1_32' title="bbox 642 3135 1695 3202; baseline -0.002 -14"><span class='ocrx_word' id='word_1_145' title='bbox 642 3151 781 3202; x_wconf 85' lang='lat' dir='ltr'><strong>quae</strong></span> <span class='ocrx_word' id='word_1_146' title='bbox 815 3135 1172 3186; x_wconf 84' lang='lat' dir='ltr'><strong>desideratam</strong></span> <span class='ocrx_word' id='word_1_147' title='bbox 1208 3140 1330 3201; x_wconf 89' lang='lat' dir='ltr'><strong>post</strong></span> <span class='ocrx_word' id='word_1_148' title='bbox 1358 3136 1571 3199; x_wconf 81' lang='lat' dir='ltr'><strong>longam</strong></span> <span class='ocrx_word' id='word_1_149' title='bbox 1596 3139 1695 3188; x_wconf 88' lang='lat' dir='ltr'><strong>mi—</strong></span> 
     </span>
     <span class='ocr_line' id='line_1_33' title="bbox 642 3212 1691 3274; baseline -0.002 -10"><span class='ocrx_word' id='word_1_150' title='bbox 642 3214 806 3264; x_wconf 86' lang='lat' dir='ltr'><strong>litiam</strong></span> <span class='ocrx_word' id='word_1_151' title='bbox 848 3224 913 3261; x_wconf 87' lang='lat' dir='ltr'><strong>ac</strong></span> <span class='ocrx_word' id='word_1_152' title='bbox 954 3214 1273 3274; x_wconf 89' lang='lat' dir='ltr'><strong>perpetuam</strong></span> <span class='ocrx_word' id='word_1_153' title='bbox 1315 3212 1552 3274; x_wconf 86' lang='lat' dir='ltr'><strong>quietem</strong></span> <span class='ocrx_word' id='word_1_154' title='bbox 1586 3213 1691 3262; x_wconf 90' lang='lat' dir='ltr'><strong>mi-</strong></span> 
     </span>
     <span class='ocr_line' id='line_1_34' title="bbox 645 3283 1694 3349; baseline -0.002 -11"><span class='ocrx_word' id='word_1_155' title='bbox 645 3288 787 3339; x_wconf 90' lang='lat' dir='ltr'><strong>nime</strong></span> <span class='ocrx_word' id='word_1_156' title='bbox 822 3283 1215 3349; x_wconf 79' lang='lat' dir='ltr'><strong>praebuissent.</strong></span> <span class='ocrx_word' id='word_1_157' title='bbox 1255 3284 1315 3334; x_wconf 89' lang='lat' dir='ltr'><strong>ld</strong></span> <span class='ocrx_word' id='word_1_158' title='bbox 1337 3297 1553 3349; x_wconf 87' lang='lat' dir='ltr'><strong>quoque</strong></span> <span class='ocrx_word' id='word_1_159' title='bbox 1578 3299 1694 3336; x_wconf 90' lang='lat' dir='ltr'><strong>mo-</strong></span> 
     </span>
     <span class='ocr_line' id='line_1_35' title="bbox 645 3357 1693 3419; baseline 0 -7"><span class='ocrx_word' id='word_1_160' title='bbox 645 3361 909 3419; x_wconf 89' lang='lat' dir='ltr'><strong>nendum,</strong></span> <span class='ocrx_word' id='word_1_161' title='bbox 962 3357 1083 3409; x_wconf 88' lang='lat' dir='ltr'><strong>lect.</strong></span> <span class='ocrx_word' id='word_1_162' title='bbox 1121 3359 1312 3409; x_wconf 77' lang='lat' dir='ltr'><strong>abdidit</strong></span> <span class='ocrx_word' id='word_1_163' title='bbox 1351 3359 1419 3409; x_wconf 92' lang='lat' dir='ltr'><strong>de</strong></span> <span class='ocrx_word' id='word_1_164' title='bbox 1467 3361 1693 3412; x_wconf 81' lang='lat' dir='ltr'><strong>fortissi-</strong></span> 
     </span>
     <span class='ocr_line' id='line_1_36' title="bbox 644 3432 1691 3499; baseline -0.001 -12"><span class='ocrx_word' id='word_1_165' title='bbox 644 3437 794 3488; x_wconf 88' lang='lat' dir='ltr'><strong>simis</strong></span> <span class='ocrx_word' id='word_1_166' title='bbox 828 3432 1083 3485; x_wconf 84' lang='lat' dir='ltr'><strong>militibus</strong></span> <span class='ocrx_word' id='word_1_167' title='bbox 1108 3446 1407 3497; x_wconf 87' lang='lat' dir='ltr'><strong>eorumque</strong></span> <span class='ocrx_word' id='word_1_168' title='bbox 1437 3437 1691 3499; x_wconf 89' lang='lat' dir='ltr'><strong>praemiis</strong></span> 
     </span>
     <span class='ocr_line' id='line_1_37' title="bbox 642 3508 1691 3574; baseline -0.001 -12"><span class='ocrx_word' id='word_1_169' title='bbox 642 3511 963 3574; x_wconf 87' lang='lat' dir='ltr'><strong>usurpatum</strong></span> <span class='ocrx_word' id='word_1_170' title='bbox 998 3509 1179 3557; x_wconf 85' lang='lat' dir='ltr'><strong>nescio</strong></span> <span class='ocrx_word' id='word_1_171' title='bbox 1214 3508 1343 3571; x_wconf 87' lang='lat' dir='ltr'><strong>quid</strong></span> <span class='ocrx_word' id='word_1_172' title='bbox 1391 3509 1593 3572; x_wconf 81' lang='lat' dir='ltr'><strong>inglorii</strong></span> <span class='ocrx_word' id='word_1_173' title='bbox 1627 3524 1691 3561; x_wconf 87' lang='lat' dir='ltr'><strong>ac</strong></span> 
     </span>
     <span class='ocr_line' id='line_1_38' title="bbox 643 3582 1431 3650; baseline -0.004 -15"><span class='ocrx_word' id='word_1_174' title='bbox 643 3598 810 3650; x_wconf 85' lang='lat' dir='ltr'><strong>prope</strong></span> <span class='ocrx_word' id='word_1_175' title='bbox 845 3582 1175 3646; x_wconf 80' lang='lat' dir='ltr'><strong>ignominiosi</strong></span> <span class='ocrx_word' id='word_1_176' title='bbox 1211 3582 1431 3633; x_wconf 86' lang='lat' dir='ltr'><strong>habere.</strong></span> 
     </span>
    </p>

    <p class='ocr_par' dir='ltr' id='par_1_13' title="bbox 643 3656 1697 4238">
     <span class='ocr_line' id='line_1_39' title="bbox 708 3656 1693 3720; baseline -0.005 -9"><span class='ocrx_word' id='word_1_177' title='bbox 708 3659 790 3711; x_wconf 96' lang='grc'>40.</span> <span class='ocrx_word' id='word_1_178' title='bbox 843 3656 1237 3720; x_wconf 69' lang='lat' dir='ltr'><strong>Pierio-antro]</strong></span> <span class='ocrx_word' id='word_1_179' title='bbox 1292 3656 1383 3707; x_wconf 91' lang='lat' dir='ltr'><strong>ubi</strong></span> <span class='ocrx_word' id='word_1_180' title='bbox 1420 3658 1693 3709; x_wconf 75' lang='lat' dir='ltr'><strong>Musarum</strong></span> 
     </span>
     <span class='ocr_line' id='line_1_40' title="bbox 646 3731 1692 3794; baseline -0.004 -9"><span class='ocrx_word' id='word_1_181' title='bbox 646 3745 910 3785; x_wconf 86' lang='lat' dir='ltr'><strong>recessus.</strong></span> <span class='ocrx_word' id='word_1_182' title='bbox 966 3731 1115 3781; x_wconf 89' lang='lat' dir='ltr'><strong>Pind.</strong></span> <span class='ocrx_word' id='word_1_183' title='bbox 1169 3732 1321 3794; x_wconf 76' lang='lat' dir='ltr'><strong>Pyth.</strong></span> <span class='ocrx_word' id='word_1_184' title='bbox 1376 3733 1431 3790; x_wconf 82' lang='lat'><strong>6.</strong></span> <span class='ocrx_word' id='word_1_185' title='bbox 1486 3731 1565 3783; x_wconf 84' lang='grc'>48.</span> <span class='ocrx_word' id='word_1_186' title='bbox 1622 3731 1692 3782; x_wconf 89' lang='lat' dir='ltr'><strong>de</strong></span> 
     </span>
     <span class='ocr_line' id='line_1_41' title="bbox 645 3802 1695 3876; baseline -0.006 -16"><span class='ocrx_word' id='word_1_187' title='bbox 645 3805 1010 3870; x_wconf 82' lang='lat' dir='ltr'><strong>Thrasybulo:</strong></span> <span class='ocrx_word' id='word_1_188' title='bbox 1046 3802 1268 3876; x_wconf 70' lang='grc' dir='ltr'><strong><em>δρέπων</em></strong></span> <span class='ocrx_word' id='word_1_189' title='bbox 1290 3805 1518 3866; x_wconf 75' lang='grc' dir='ltr'><strong><em>Σοφίαν</em></strong></span> <span class='ocrx_word' id='word_1_190' title='bbox 1549 3802 1597 3854; x_wconf 84' lang='grc' dir='ltr'><strong>δ’</strong></span> <span class='ocrx_word' id='word_1_191' title='bbox 1632 3804 1695 3856; x_wconf 74' lang='grc' dir='ltr'><strong>ἐν</strong></span> 
     </span>
     <span class='ocr_line' id='line_1_42' title="bbox 643 3877 1693 3950; baseline -0.003 -17"><span class='ocrx_word' id='word_1_192' title='bbox 643 3886 890 3948; x_wconf 82' lang='grc' dir='ltr'>μυχοῖσι</span> <span class='ocrx_word' id='word_1_193' title='bbox 944 3877 1238 3950; x_wconf 73' lang='grc' dir='ltr'>Πιερίδων.</span> <span class='ocrx_word' id='word_1_194' title='bbox 1327 3878 1693 3943; x_wconf 83' lang='lat' dir='ltr'><strong>Eloquentiam</strong></span> 
     </span>
     <span class='ocr_line' id='line_1_43' title="bbox 646 3952 1696 4016; baseline -0.004 -10"><span class='ocrx_word' id='word_1_195' title='bbox 646 3958 829 4006; x_wconf 86' lang='lat' dir='ltr'><strong>autem</strong></span> <span class='ocrx_word' id='word_1_196' title='bbox 884 3953 1167 4016; x_wconf 84' lang='lat' dir='ltr'><strong>studiaque</strong></span> <span class='ocrx_word' id='word_1_197' title='bbox 1222 3952 1456 4003; x_wconf 86' lang='lat' dir='ltr'><strong>liberalia</strong></span> <span class='ocrx_word' id='word_1_198' title='bbox 1513 3955 1696 4016; x_wconf 83' lang='lat' dir='ltr'><strong>Augu-</strong></span> 
     </span>
     <span class='ocr_line' id='line_1_44' title="bbox 647 4027 1697 4091; baseline -0.003 -11"><span class='ocrx_word' id='word_1_199' title='bbox 647 4034 790 4080; x_wconf 85' lang='lat' dir='ltr'><strong>stum</strong></span> <span class='ocrx_word' id='word_1_200' title='bbox 832 4028 1026 4091; x_wconf 90' lang='lat' dir='ltr'><strong>cupide</strong></span> <span class='ocrx_word' id='word_1_201' title='bbox 1060 4040 1125 4078; x_wconf 89' lang='lat' dir='ltr'><strong>ac</strong></span> <span class='ocrx_word' id='word_1_202' title='bbox 1158 4027 1572 4079; x_wconf 84' lang='lat' dir='ltr'><strong>laboriosissime</strong></span> <span class='ocrx_word' id='word_1_203' title='bbox 1607 4041 1697 4077; x_wconf 86' lang='lat' dir='ltr'><strong>ex-</strong></span> 
     </span>
     <span class='ocr_line' id='line_1_45' title="bbox 648 4102 1697 4166; baseline 0 -13"><span class='ocrx_word' id='word_1_204' title='bbox 648 4102 912 4162; x_wconf 87' lang='lat' dir='ltr'><strong>ercuisse,</strong></span> <span class='ocrx_word' id='word_1_205' title='bbox 966 4102 1229 4165; x_wconf 72' lang='lat' dir='ltr'><strong>poeticam</strong></span> <span class='ocrx_word' id='word_1_206' title='bbox 1279 4115 1494 4166; x_wconf 88' lang='lat' dir='ltr'><strong>quoque</strong></span> <span class='ocrx_word' id='word_1_207' title='bbox 1544 4115 1697 4153; x_wconf 89' lang='lat' dir='ltr'><strong>sum-</strong></span> 
     </span>
     <span class='ocr_line' id='line_1_46' title="bbox 652 4175 1695 4238; baseline -0.001 -10"><span class='ocrx_word' id='word_1_208' title='bbox 652 4177 838 4228; x_wconf 90' lang='lat' dir='ltr'><strong>matim</strong></span> <span class='ocrx_word' id='word_1_209' title='bbox 894 4175 1123 4238; x_wconf 81' lang='lat' dir='ltr'><strong>attigisse</strong></span> <span class='ocrx_word' id='word_1_210' title='bbox 1194 4175 1351 4226; x_wconf 86' lang='lat' dir='ltr'><strong>tradit</strong></span> <span class='ocrx_word' id='word_1_211' title='bbox 1412 4178 1695 4227; x_wconf 89' lang='lat' dir='ltr'><strong>Suetonius</strong></span> 
     </span>
    </p>
   </div>
   <div class='ocr_carea' id='block_1_13' title="bbox 1759 1726 2814 2533">
    <p class='ocr_par' dir='ltr' id='par_1_14' title="bbox 1759 1726 2814 2533">
     <span class='ocr_line' id='line_1_47' title="bbox 1826 1726 2811 1791; baseline 0.001 -13"><span class='ocrx_word' id='word_1_212' title='bbox 1826 1727 1907 1778; x_wconf 79' lang='grc'>44.</span> <span class='ocrx_word' id='word_1_213' title='bbox 1960 1727 2066 1777; x_wconf 76' lang='lat' dir='ltr'><strong>leno</strong></span> <span class='ocrx_word' id='word_1_214' title='bbox 2112 1726 2398 1791; x_wconf 72' lang='lat' dir='ltr'><strong>consilium]</strong></span> <span class='ocrx_word' id='word_1_215' title='bbox 2452 1728 2811 1779; x_wconf 73' lang='lat' dir='ltr'><strong>«moderatio-</strong></span> 
     </span>
     <span class='ocr_line' id='line_1_48' title="bbox 1762 1799 2810 1865; baseline 0.002 -14"><span class='ocrx_word' id='word_1_216' title='bbox 1762 1814 1888 1852; x_wconf 90' lang='lat' dir='ltr'><strong>nem</strong></span> <span class='ocrx_word' id='word_1_217' title='bbox 1943 1804 1999 1852; x_wconf 91' lang='lat' dir='ltr'><strong>et</strong></span> <span class='ocrx_word' id='word_1_218' title='bbox 2054 1799 2458 1863; x_wconf 76' lang='lat' dir='ltr'><strong>clementiam»,</strong></span> <span class='ocrx_word' id='word_1_219' title='bbox 2517 1814 2625 1865; x_wconf 84' lang='lat' dir='ltr'><strong>qua</strong></span> <span class='ocrx_word' id='word_1_220' title='bbox 2680 1816 2810 1853; x_wconf 87' lang='lat' dir='ltr'><strong>sane</strong></span> 
     </span>
     <span class='ocr_line' id='line_1_49' title="bbox 1761 1877 2812 1938; baseline 0.001 -12"><span class='ocrx_word' id='word_1_221' title='bbox 1761 1877 2079 1926; x_wconf 84' lang='lat' dir='ltr'><strong>Octavianus</strong></span> <span class='ocrx_word' id='word_1_222' title='bbox 2115 1888 2245 1926; x_wconf 88' lang='lat' dir='ltr'><strong>usus</strong></span> <span class='ocrx_word' id='word_1_223' title='bbox 2269 1877 2352 1925; x_wconf 89' lang='lat' dir='ltr'><strong>est</strong></span> <span class='ocrx_word' id='word_1_224' title='bbox 2381 1878 2505 1938; x_wconf 88' lang='lat' dir='ltr'><strong>post</strong></span> <span class='ocrx_word' id='word_1_225' title='bbox 2525 1878 2812 1927; x_wconf 78' lang='lat' dir='ltr'><strong>Antonium</strong></span> 
     </span>
     <span class='ocr_line' id='line_1_50' title="bbox 1761 1948 2807 2013; baseline -0.001 -13"><span class='ocrx_word' id='word_1_226' title='bbox 1761 1962 2098 2013; x_wconf 87' lang='lat' dir='ltr'><strong>oppressum.</strong></span> <span class='ocrx_word' id='word_1_227' title='bbox 2127 1948 2249 2013; x_wconf 77' lang='lat' dir='ltr'><strong>(Cir.</strong></span> <span class='ocrx_word' id='word_1_228' title='bbox 2279 1949 2428 2000; x_wconf 86' lang='lat' dir='ltr'><strong>Pind.</strong></span> <span class='ocrx_word' id='word_1_229' title='bbox 2456 1950 2615 2013; x_wconf 82' lang='lat' dir='ltr'><strong>Pyth.</strong></span> <span class='ocrx_word' id='word_1_230' title='bbox 2641 1953 2691 2013; x_wconf 79' lang='lat'><strong>5,</strong></span> <span class='ocrx_word' id='word_1_231' title='bbox 2717 1952 2771 2001; x_wconf 78' lang='grc'><strong>64</strong></span> <span class='ocrx_word' id='word_1_232' title='bbox 2797 1965 2807 1999; x_wconf 89' lang='lat'>:</span> 
     </span>
     <span class='ocr_line' id='line_1_51' title="bbox 1764 2017 2812 2086; baseline 0.001 -14"><span class='ocrx_word' id='word_1_233' title='bbox 1764 2021 1978 2086; x_wconf 78' lang='lat' dir='ltr'><strong>(Apollo)</strong></span> <span class='ocrx_word' id='word_1_234' title='bbox 2022 2020 2224 2074; x_wconf 75' lang='grc' dir='ltr'><em>δίδωσι</em></span> <span class='ocrx_word' id='word_1_235' title='bbox 2254 2037 2317 2073; x_wconf 75' lang='grc' dir='ltr'><strong>τε</strong></span> <span class='ocrx_word' id='word_1_236' title='bbox 2349 2022 2580 2073; x_wconf 78' lang='grc' dir='ltr'><strong><em>Μοῖσαν</em></strong></span> <span class='ocrx_word' id='word_1_237' title='bbox 2613 2018 2702 2086; x_wconf 72' lang='grc' dir='ltr'><strong>οἷς</strong></span> <span class='ocrx_word' id='word_1_238' title='bbox 2734 2017 2812 2073; x_wconf 77' lang='grc' dir='ltr'><strong>ἄν</strong></span> 
     </span>
     <span class='ocr_line' id='line_1_52' title="bbox 1760 2092 2814 2169; baseline 0.001 -22"><span class='ocrx_word' id='word_1_239' title='bbox 1760 2095 1931 2168; x_wconf 76' lang='grc' dir='ltr'><strong><em>ἐθέλῃ</em></strong></span> <span class='ocrx_word' id='word_1_240' title='bbox 1959 2092 2271 2162; x_wconf 63' lang='lat' dir='ltr'><strong>&#39;Audis-,nov</strong></span> <span class='ocrx_word' id='word_1_241' title='bbox 2305 2092 2538 2165; x_wconf 75' lang='grc' dir='ltr'><em>ἀγαγών</em></span> <span class='ocrx_word' id='word_1_242' title='bbox 2555 2092 2650 2160; x_wconf 80' lang='grc' dir='ltr'><strong>Ἐς</strong></span> <span class='ocrx_word' id='word_1_243' title='bbox 2673 2111 2814 2169; x_wconf 74' lang='grc' dir='ltr'><strong>πρα-</strong></span> 
     </span>
     <span class='ocr_line' id='line_1_53' title="bbox 1761 2166 2814 2237; baseline 0.001 -17"><span class='ocrx_word' id='word_1_244' title='bbox 1761 2168 1929 2233; x_wconf 73' lang='grc' dir='ltr'><strong><em>πίδας</em></strong></span> <span class='ocrx_word' id='word_1_245' title='bbox 1961 2166 2277 2237; x_wconf 68' lang='grc' dir='ltr'>εὐνομίαν.)</span> <span class='ocrx_word' id='word_1_246' title='bbox 2318 2199 2372 2208; x_wconf 91' lang='grc'><strong>-</strong></span> <span class='ocrx_word' id='word_1_247' title='bbox 2412 2174 2682 2224; x_wconf 75' lang='lat' dir='ltr'><strong>Consilium</strong></span> <span class='ocrx_word' id='word_1_248' title='bbox 2713 2186 2814 2221; x_wconf 89' lang='lat' dir='ltr'><strong>au-</strong></span> 
     </span>
     <span class='ocr_line' id='line_1_54' title="bbox 1762 2245 2812 2311; baseline 0.003 -17"><span class='ocrx_word' id='word_1_249' title='bbox 1762 2247 1872 2295; x_wconf 87' lang='lat' dir='ltr'><strong>tem</strong></span> <span class='ocrx_word' id='word_1_250' title='bbox 1915 2245 1969 2295; x_wconf 88' lang='lat' dir='ltr'><strong>h.</strong></span> <span class='ocrx_word' id='word_1_251' title='bbox 2017 2245 2051 2295; x_wconf 90' lang='lat' dir='ltr'><strong>l.</strong></span> <span class='ocrx_word' id='word_1_252' title='bbox 2100 2246 2434 2309; x_wconf 78' lang='lat' dir='ltr'><strong>trisyllabum</strong></span> <span class='ocrx_word' id='word_1_253' title='bbox 2469 2260 2568 2311; x_wconf 87' lang='lat' dir='ltr'><strong>per</strong></span> <span class='ocrx_word' id='word_1_254' title='bbox 2610 2260 2812 2297; x_wconf 73' lang='grc' dir='ltr'><strong><em>συνεκ-</em></strong></span> 
     </span>
     <span class='ocr_line' id='line_1_55' title="bbox 1760 2316 2809 2385; baseline 0.002 -17"><span class='ocrx_word' id='word_1_255' title='bbox 1760 2316 2061 2385; x_wconf 78' lang='grc' dir='ltr'><strong>φώνησιν,</strong></span> <span class='ocrx_word' id='word_1_256' title='bbox 2115 2325 2172 2372; x_wconf 88' lang='lat' dir='ltr'><strong>ut</strong></span> <span class='ocrx_word' id='word_1_257' title='bbox 2220 2321 2317 2372; x_wconf 89' lang='lat' dir='ltr'><strong>Od.</strong></span> <span class='ocrx_word' id='word_1_258' title='bbox 2350 2322 2406 2383; x_wconf 82' lang='lat'><strong>3,</strong></span> <span class='ocrx_word' id='word_1_259' title='bbox 2452 2322 2510 2382; x_wconf 84' lang='lat'><strong>6,</strong></span> <span class='ocrx_word' id='word_1_260' title='bbox 2555 2322 2603 2371; x_wconf 88' lang='grc'>6.</span> <span class='ocrx_word' id='word_1_261' title='bbox 2655 2322 2809 2383; x_wconf 74' lang='lat' dir='ltr'><strong>prin—</strong></span> 
     </span>
     <span class='ocr_line' id='line_1_56' title="bbox 1759 2394 2810 2457; baseline 0.002 -15"><span class='ocrx_word' id='word_1_262' title='bbox 1759 2395 1960 2457; x_wconf 81' lang='lat' dir='ltr'><strong>cipium.</strong></span> <span class='ocrx_word' id='word_1_263' title='bbox 2024 2395 2175 2445; x_wconf 78' lang='lat' dir='ltr'><strong>Cous.</strong></span> <span class='ocrx_word' id='word_1_264' title='bbox 2203 2397 2307 2444; x_wconf 87' lang='lat' dir='ltr'><strong>Sat.</strong></span> <span class='ocrx_word' id='word_1_265' title='bbox 2345 2397 2402 2456; x_wconf 79' lang='grc'><strong>4,</strong></span> <span class='ocrx_word' id='word_1_266' title='bbox 2440 2396 2494 2455; x_wconf 89' lang='grc'><strong>8,</strong></span> <span class='ocrx_word' id='word_1_267' title='bbox 2533 2394 2613 2446; x_wconf 87' lang='grc'>43.</span> <span class='ocrx_word' id='word_1_268' title='bbox 2651 2397 2707 2455; x_wconf 74' lang='lat'><strong>2,</strong></span> <span class='ocrx_word' id='word_1_269' title='bbox 2749 2396 2810 2451; x_wconf 75' lang='lat'><strong>2,</strong></span> 
     </span>
     <span class='ocr_line' id='line_1_57' title="bbox 1761 2469 2716 2533; baseline -0.001 -13"><span class='ocrx_word' id='word_1_270' title='bbox 1761 2471 1843 2521; x_wconf 73' lang='lat'><strong>2⁴.</strong></span> <span class='ocrx_word' id='word_1_271' title='bbox 1881 2470 1939 2531; x_wconf 76' lang='lat'><strong>2,</strong></span> <span class='ocrx_word' id='word_1_272' title='bbox 1976 2471 2032 2532; x_wconf 87' lang='lat'><strong>8,</strong></span> <span class='ocrx_word' id='word_1_273' title='bbox 2072 2472 2120 2520; x_wconf 76' lang='lat' dir='ltr'><strong>t.</strong></span> <span class='ocrx_word' id='word_1_274' title='bbox 2157 2470 2297 2533; x_wconf 77' lang='lat' dir='ltr'><strong>Virg.</strong></span> <span class='ocrx_word' id='word_1_275' title='bbox 2335 2472 2467 2521; x_wconf 83' lang='lat' dir='ltr'><strong>Aen.</strong></span> <span class='ocrx_word' id='word_1_276' title='bbox 2506 2471 2564 2530; x_wconf 74' lang='lat'><strong>2,</strong></span> <span class='ocrx_word' id='word_1_277' title='bbox 2601 2469 2716 2522; x_wconf 72' lang='lat'><strong>442.</strong></span> 
     </span>
    </p>
   </div>
   <div class='ocr_carea' id='block_1_14' title="bbox 1761 2580 2818 3756">
    <p class='ocr_par' dir='ltr' id='par_1_15' title="bbox 1761 2580 2818 3756">
     <span class='ocr_line' id='line_1_58' title="bbox 1826 2580 2809 2645; baseline 0 -13"><span class='ocrx_word' id='word_1_278' title='bbox 1826 2580 1907 2633; x_wconf 71' lang='lat'><strong>42.</strong></span> <span class='ocrx_word' id='word_1_279' title='bbox 1947 2581 2200 2645; x_wconf 72' lang='lat' dir='ltr'><strong>Gaudetis]</strong></span> <span class='ocrx_word' id='word_1_280' title='bbox 2240 2582 2395 2644; x_wconf 82' lang='lat' dir='ltr'><strong>«quia</strong></span> <span class='ocrx_word' id='word_1_281' title='bbox 2431 2581 2708 2632; x_wconf 87' lang='lat' dir='ltr'><strong>consilium</strong></span> <span class='ocrx_word' id='word_1_282' title='bbox 2739 2582 2809 2633; x_wconf 91' lang='lat' dir='ltr'><strong>ab</strong></span> 
     </span>
     <span class='ocr_line' id='line_1_59' title="bbox 1762 2655 2813 2719; baseline 0.002 -14"><span class='ocrx_word' id='word_1_283' title='bbox 1762 2658 1996 2717; x_wconf 76' lang='lat' dir='ltr'><strong>Augusto</strong></span> <span class='ocrx_word' id='word_1_284' title='bbox 2031 2655 2300 2719; x_wconf 87' lang='lat' dir='ltr'><strong>sapienter</strong></span> <span class='ocrx_word' id='word_1_285' title='bbox 2322 2657 2607 2719; x_wconf 87' lang='lat' dir='ltr'><strong>acceptum</strong></span> <span class='ocrx_word' id='word_1_286' title='bbox 2640 2655 2813 2707; x_wconf 89' lang='lat' dir='ltr'><strong>bonos</strong></span> 
     </span>
     <span class='ocr_line' id='line_1_60' title="bbox 1763 2728 2811 2793; baseline 0.003 -16"><span class='ocrx_word' id='word_1_287' title='bbox 1763 2729 1868 2778; x_wconf 88' lang='lat' dir='ltr'><strong>iam</strong></span> <span class='ocrx_word' id='word_1_288' title='bbox 1901 2728 2067 2778; x_wconf 84' lang='lat' dir='ltr'><strong>habet</strong></span> <span class='ocrx_word' id='word_1_289' title='bbox 2100 2732 2375 2779; x_wconf 65' lang='lat' dir='ltr'><strong>eventus·</strong></span> <span class='ocrx_word' id='word_1_290' title='bbox 2416 2757 2472 2765; x_wconf 92' lang='lat'>-</span> <span class='ocrx_word' id='word_1_291' title='bbox 2499 2730 2609 2780; x_wconf 88' lang='lat' dir='ltr'><strong>Iam</strong></span> <span class='ocrx_word' id='word_1_292' title='bbox 2643 2728 2811 2793; x_wconf 75' lang='lat' dir='ltr'><strong>lyrica</strong></span> 
     </span>
     <span class='ocr_line' id='line_1_61' title="bbox 1761 2803 2811 2866; baseline 0.001 -13"><span class='ocrx_word' id='word_1_293' title='bbox 1761 2803 1973 2854; x_wconf 85' lang='lat' dir='ltr'><strong>licentia</strong></span> <span class='ocrx_word' id='word_1_294' title='bbox 2013 2803 2160 2852; x_wconf 80' lang='lat' dir='ltr'><strong>varia</strong></span> <span class='ocrx_word' id='word_1_295' title='bbox 2207 2806 2570 2854; x_wconf 86' lang='lat' dir='ltr'><strong>monstrorum</strong></span> <span class='ocrx_word' id='word_1_296' title='bbox 2614 2818 2811 2866; x_wconf 79' lang='lat' dir='ltr'><strong>genera</strong></span> 
     </span>
     <span class='ocr_line' id='line_1_62' title="bbox 1763 2876 2812 2942; baseline 0.002 -16"><span class='ocrx_word' id='word_1_297' title='bbox 1763 2878 1849 2927; x_wconf 87' lang='lat' dir='ltr'><strong>hic</strong></span> <span class='ocrx_word' id='word_1_298' title='bbox 1872 2876 2290 2936; x_wconf 82' lang='lat' dir='ltr'><strong>confunduntur,</strong></span> <span class='ocrx_word' id='word_1_299' title='bbox 2329 2891 2392 2926; x_wconf 89' lang='lat' dir='ltr'><strong>ac</strong></span> <span class='ocrx_word' id='word_1_300' title='bbox 2416 2877 2460 2927; x_wconf 88' lang='lat' dir='ltr'><strong>si</strong></span> <span class='ocrx_word' id='word_1_301' title='bbox 2489 2878 2596 2927; x_wconf 86' lang='lat' dir='ltr'><strong>Iovi</strong></span> <span class='ocrx_word' id='word_1_302' title='bbox 2621 2877 2812 2942; x_wconf 89' lang='lat' dir='ltr'><strong>disque</strong></span> 
     </span>
     <span class='ocr_line' id='line_1_63' title="bbox 1764 2949 2815 3001; baseline 0 0"><span class='ocrx_word' id='word_1_303' title='bbox 1764 2951 1957 3001; x_wconf 90' lang='lat' dir='ltr'><strong>ceteris</strong></span> <span class='ocrx_word' id='word_1_304' title='bbox 1990 2949 2193 3000; x_wconf 90' lang='lat' dir='ltr'><strong>bellum</strong></span> <span class='ocrx_word' id='word_1_305' title='bbox 2215 2963 2321 2999; x_wconf 88' lang='lat' dir='ltr'><strong>una</strong></span> <span class='ocrx_word' id='word_1_306' title='bbox 2346 2949 2647 3001; x_wconf 87' lang='lat' dir='ltr'><strong>intulissent</strong></span> <span class='ocrx_word' id='word_1_307' title='bbox 2671 2952 2815 3001; x_wconf 87' lang='lat' dir='ltr'><strong>Cen-</strong></span> 
     </span>
     <span class='ocr_line' id='line_1_64' title="bbox 1765 3025 2816 3089; baseline 0.001 -15"><span class='ocrx_word' id='word_1_308' title='bbox 1765 3026 1970 3085; x_wconf 88' lang='lat' dir='ltr'><strong>timani,</strong></span> <span class='ocrx_word' id='word_1_309' title='bbox 2007 3026 2247 3085; x_wconf 86' lang='lat' dir='ltr'><strong>Titanes,</strong></span> <span class='ocrx_word' id='word_1_310' title='bbox 2285 3025 2532 3087; x_wconf 85' lang='lat' dir='ltr'><strong>Gigantes</strong></span> <span class='ocrx_word' id='word_1_311' title='bbox 2555 3026 2816 3089; x_wconf 84' lang='lat' dir='ltr'><strong>anguipe-</strong></span> 
     </span>
     <span class='ocr_line' id='line_1_65' title="bbox 1765 3096 2813 3163; baseline 0 -14"><span class='ocrx_word' id='word_1_312' title='bbox 1765 3099 1888 3159; x_wconf 87' lang='lat' dir='ltr'><strong>des,</strong></span> <span class='ocrx_word' id='word_1_313' title='bbox 1926 3100 2212 3163; x_wconf 80' lang='lat' dir='ltr'><strong>Typhoeus</strong></span> <span class='ocrx_word' id='word_1_314' title='bbox 2245 3098 2328 3148; x_wconf 88' lang='lat' dir='ltr'><strong>his</strong></span> <span class='ocrx_word' id='word_1_315' title='bbox 2353 3100 2643 3163; x_wconf 86' lang='lat' dir='ltr'><strong>posterior,</strong></span> <span class='ocrx_word' id='word_1_316' title='bbox 2679 3096 2813 3150; x_wconf 80' lang='lat' dir='ltr'><strong>Aloi-</strong></span> 
     </span>
     <span class='ocr_line' id='line_1_66' title="bbox 1766 3173 2810 3236; baseline -0.001 -12"><span class='ocrx_word' id='word_1_317' title='bbox 1766 3174 1891 3233; x_wconf 89' lang='lat' dir='ltr'><strong>dae,</strong></span> <span class='ocrx_word' id='word_1_318' title='bbox 1931 3174 2198 3223; x_wconf 86' lang='lat' dir='ltr'><strong>Centauri.</strong></span> <span class='ocrx_word' id='word_1_319' title='bbox 2238 3173 2344 3224; x_wconf 81' lang='lat' dir='ltr'><strong>Cfr.</strong></span> <span class='ocrx_word' id='word_1_320' title='bbox 2372 3173 2586 3224; x_wconf 84' lang='lat' dir='ltr'><strong>Hesiod.</strong></span> <span class='ocrx_word' id='word_1_321' title='bbox 2613 3173 2810 3236; x_wconf 83' lang='lat' dir='ltr'><strong>Theog.</strong></span> 
     </span>
     <span class='ocr_line' id='line_1_67' title="bbox 1766 3246 2814 3312; baseline -0.002 -14"><span class='ocrx_word' id='word_1_322' title='bbox 1766 3249 1878 3299; x_wconf 88' lang='grc'>680.</span> <span class='ocrx_word' id='word_1_323' title='bbox 1932 3246 2174 3312; x_wconf 80' lang='lat' dir='ltr'><strong>Apollod.</strong></span> <span class='ocrx_word' id='word_1_324' title='bbox 2215 3248 2269 3308; x_wconf 79' lang='grc'><strong>4,</strong></span> <span class='ocrx_word' id='word_1_325' title='bbox 2309 3248 2363 3307; x_wconf 77' lang='lat' dir='ltr'><strong>l,</strong></span> <span class='ocrx_word' id='word_1_326' title='bbox 2413 3248 2461 3296; x_wconf 90' lang='grc'>6.</span> <span class='ocrx_word' id='word_1_327' title='bbox 2515 3248 2814 3298; x_wconf 80' lang='lat' dir='ltr'><strong>Antimachi</strong></span> 
     </span>
     <span class='ocr_line' id='line_1_68' title="bbox 1767 3318 2816 3387; baseline 0.001 -15"><span class='ocrx_word' id='word_1_328' title='bbox 1767 3324 1846 3372; x_wconf 85' lang='lat' dir='ltr'><strong>Fr.</strong></span> <span class='ocrx_word' id='word_1_329' title='bbox 1869 3321 1949 3372; x_wconf 86' lang='grc'>43.</span> <span class='ocrx_word' id='word_1_330' title='bbox 1973 3320 2213 3371; x_wconf 85' lang='lat' dir='ltr'><strong>Diibner:</strong></span> <span class='ocrx_word' id='word_1_331' title='bbox 2245 3322 2523 3387; x_wconf 74' lang='grc' dir='ltr'><strong>Γηγενέας</strong></span> <span class='ocrx_word' id='word_1_332' title='bbox 2554 3336 2616 3371; x_wconf 81' lang='grc' dir='ltr'><strong>τε</strong></span> <span class='ocrx_word' id='word_1_333' title='bbox 2637 3318 2816 3385; x_wconf 74' lang='grc' dir='ltr'><em>θεοὺς</em></span> 
     </span>
     <span class='ocr_line' id='line_1_69' title="bbox 1767 3390 2811 3466; baseline -0.001 -20"><span class='ocrx_word' id='word_1_334' title='bbox 1767 3397 2309 3466; x_wconf 79' lang='grc' dir='ltr'><strong><em>προτερηγενέας</em></strong></span> <span class='ocrx_word' id='word_1_335' title='bbox 2351 3410 2410 3445; x_wconf 79' lang='grc' dir='ltr'><strong>τε</strong></span> <span class='ocrx_word' id='word_1_336' title='bbox 2453 3390 2714 3461; x_wconf 77' lang='grc' dir='ltr'>Τιτῆνας.</span> <span class='ocrx_word' id='word_1_337' title='bbox 2756 3424 2811 3433; x_wconf 93' lang='grc'><strong>-</strong></span> 
     </span>
     <span class='ocr_line' id='line_1_70' title="bbox 1767 3470 2816 3522; baseline 0.001 -3"><span class='ocrx_word' id='word_1_338' title='bbox 1767 3472 2021 3520; x_wconf 86' lang='lat' dir='ltr'><strong>Ceterum</strong></span> <span class='ocrx_word' id='word_1_339' title='bbox 2073 3471 2141 3520; x_wconf 90' lang='lat' dir='ltr'><strong>de</strong></span> <span class='ocrx_word' id='word_1_340' title='bbox 2186 3470 2492 3521; x_wconf 85' lang='lat' dir='ltr'><strong>discrimine</strong></span> <span class='ocrx_word' id='word_1_341' title='bbox 2539 3473 2679 3522; x_wconf 85' lang='lat' dir='ltr'><strong>inter</strong></span> <span class='ocrx_word' id='word_1_342' title='bbox 2725 3472 2816 3521; x_wconf 90' lang='lat' dir='ltr'><strong>Gi-</strong></span> 
     </span>
     <span class='ocr_line' id='line_1_71' title="bbox 1766 3544 2813 3609; baseline 0.003 -17"><span class='ocrx_word' id='word_1_343' title='bbox 1766 3544 2162 3608; x_wconf 85' lang='lat' dir='ltr'><strong>gantomachias</strong></span> <span class='ocrx_word' id='word_1_344' title='bbox 2177 3548 2230 3594; x_wconf 91' lang='lat' dir='ltr'><strong>et</strong></span> <span class='ocrx_word' id='word_1_345' title='bbox 2239 3546 2419 3594; x_wconf 82' lang='lat' dir='ltr'><strong>Titano</strong></span> <span class='ocrx_word' id='word_1_346' title='bbox 2426 3546 2662 3595; x_wconf 89' lang='lat' dir='ltr'><strong>machias</strong></span> <span class='ocrx_word' id='word_1_347' title='bbox 2672 3545 2813 3609; x_wconf 85' lang='lat' dir='ltr'><strong>apud</strong></span> 
     </span>
     <span class='ocr_line' id='line_1_72' title="bbox 1766 3617 2818 3683; baseline 0.002 -17"><span class='ocrx_word' id='word_1_348' title='bbox 1766 3619 1952 3683; x_wconf 71' lang='lat' dir='ltr'><strong>poetas</strong></span> <span class='ocrx_word' id='word_1_349' title='bbox 1987 3618 2042 3666; x_wconf 88' lang='lat' dir='ltr'><strong>et</strong></span> <span class='ocrx_word' id='word_1_350' title='bbox 2073 3617 2305 3668; x_wconf 85' lang='lat' dir='ltr'><strong>artifices</strong></span> <span class='ocrx_word' id='word_1_351' title='bbox 2329 3618 2426 3668; x_wconf 76' lang='lat' dir='ltr'><strong>cfr.</strong></span> <span class='ocrx_word' id='word_1_352' title='bbox 2456 3619 2694 3669; x_wconf 85' lang='lat' dir='ltr'><strong>Gerhard</strong></span> <span class='ocrx_word' id='word_1_353' title='bbox 2724 3620 2818 3670; x_wconf 80' lang='lat' dir='ltr'><strong>Va·</strong></span> 
     </span>
     <span class='ocr_line' id='line_1_73' title="bbox 1765 3692 2483 3756; baseline 0.003 -15"><span class='ocrx_word' id='word_1_354' title='bbox 1765 3704 1976 3756; x_wconf 67' lang='lat' dir='ltr'><strong>senam.</strong></span> <span class='ocrx_word' id='word_1_355' title='bbox 2014 3692 2163 3742; x_wconf 91' lang='lat' dir='ltr'><strong>Tom.</strong></span> <span class='ocrx_word' id='word_1_356' title='bbox 2200 3693 2239 3742; x_wconf 89' lang='lat'><strong>1.</strong></span> <span class='ocrx_word' id='word_1_357' title='bbox 2277 3705 2330 3756; x_wconf 91' lang='lat' dir='ltr'><strong>p.</strong></span> <span class='ocrx_word' id='word_1_358' title='bbox 2367 3692 2483 3743; x_wconf 75' lang='grc'>204.</span> 
     </span>
    </p>
   </div>
   <div class='ocr_carea' id='block_1_15' title="bbox 1769 3800 2817 3945">
    <p class='ocr_par' dir='ltr' id='par_1_16' title="bbox 1769 3800 2817 3945">
     <span class='ocr_line' id='line_1_74' title="bbox 1832 3800 2815 3869; baseline 0.004 -17"><span class='ocrx_word' id='word_1_359' title='bbox 1832 3801 1915 3853; x_wconf 92' lang='grc'>43.</span> <span class='ocrx_word' id='word_1_360' title='bbox 1941 3800 2024 3853; x_wconf 92' lang='grc'>44.</span> <span class='ocrx_word' id='word_1_361' title='bbox 2061 3803 2427 3864; x_wconf 62' lang='lat' dir='ltr'><strong>‘inmanemque</strong></span> <span class='ocrx_word' id='word_1_362' title='bbox 2459 3805 2697 3869; x_wconf 73' lang='lat' dir='ltr'><strong>turmam]</strong></span> <span class='ocrx_word' id='word_1_363' title='bbox 2727 3806 2815 3855; x_wconf 91' lang='lat' dir='ltr'><strong>Ti-</strong></span> 
     </span>
     <span class='ocr_line' id='line_1_75' title="bbox 1769 3874 2817 3945; baseline 0.003 -17"><span class='ocrx_word' id='word_1_364' title='bbox 1769 3880 1952 3928; x_wconf 81' lang='lat' dir='ltr'><strong>tanum</strong></span> <span class='ocrx_word' id='word_1_365' title='bbox 1985 3874 2436 3944; x_wconf 74' lang='grc' dir='ltr'><strong>ἑπεξηγητικῶς,</strong></span> <span class='ocrx_word' id='word_1_366' title='bbox 2472 3881 2533 3928; x_wconf 85' lang='lat' dir='ltr'><strong>ut</strong></span> <span class='ocrx_word' id='word_1_367' title='bbox 2553 3893 2604 3929; x_wconf 84' lang='lat' dir='ltr'><strong>v.</strong></span> <span class='ocrx_word' id='word_1_368' title='bbox 2634 3878 2682 3931; x_wconf 90' lang='grc'>4.</span> <span class='ocrx_word' id='word_1_369' title='bbox 2704 3881 2817 3945; x_wconf 73' lang='lat' dir='ltr'><strong>fidi-</strong></span> 
     </span>
    </p>
   </div>
   <div class='ocr_carea' id='block_1_16' title="bbox 1768 3952 2818 4312">
    <p class='ocr_par' dir='ltr' id='par_1_17' title="bbox 1768 3952 2818 4312">
     <span class='ocr_line' id='line_1_76' title="bbox 1768 3952 2814 4017; baseline 0.003 -16"><span class='ocrx_word' id='word_1_370' title='bbox 1768 3952 1858 4002; x_wconf 75' lang='lat' dir='ltr'><strong>bus</strong></span> <span class='ocrx_word' id='word_1_371' title='bbox 1906 3952 2202 4013; x_wconf 70' lang='lat' dir='ltr'><strong>citharaque</strong></span> <span class='ocrx_word' id='word_1_372' title='bbox 2249 3953 2441 4002; x_wconf 76' lang='lat' dir='ltr'><strong>Phoebi.</strong></span> <span class='ocrx_word' id='word_1_373' title='bbox 2500 3978 2554 3989; x_wconf 93' lang='lat'>—</span> <span class='ocrx_word' id='word_1_374' title='bbox 2607 3954 2814 4017; x_wconf 80' lang='lat' dir='ltr'><strong>caduco]</strong></span> 
     </span>
     <span class='ocr_line' id='line_1_77' title="bbox 1773 4025 2815 4091; baseline 0.004 -17"><span class='ocrx_word' id='word_1_375' title='bbox 1773 4025 2081 4077; x_wconf 71' lang='lat' dir='ltr'><strong>«celerrime</strong></span> <span class='ocrx_word' id='word_1_376' title='bbox 2117 4026 2352 4091; x_wconf 87' lang='lat' dir='ltr'><strong>desuper</strong></span> <span class='ocrx_word' id='word_1_377' title='bbox 2383 4028 2668 4078; x_wconf 81' lang='lat' dir='ltr'><strong>irruente.»</strong></span> <span class='ocrx_word' id='word_1_378' title='bbox 2714 4029 2815 4078; x_wconf 84' lang='lat' dir='ltr'><strong>Ca—</strong></span> 
     </span>
     <span class='ocr_line' id='line_1_78' title="bbox 1769 4101 2818 4152; baseline 0 0"><span class='ocrx_word' id='word_1_379' title='bbox 1769 4104 1887 4152; x_wconf 76' lang='lat' dir='ltr'><strong>dere</strong></span> <span class='ocrx_word' id='word_1_380' title='bbox 1918 4101 2063 4152; x_wconf 85' lang='lat' dir='ltr'><strong>haud</strong></span> <span class='ocrx_word' id='word_1_381' title='bbox 2097 4114 2219 4151; x_wconf 86' lang='lat' dir='ltr'><strong>raro</strong></span> <span class='ocrx_word' id='word_1_382' title='bbox 2254 4102 2414 4151; x_wconf 85' lang='lat' dir='ltr'><strong>etiam</strong></span> <span class='ocrx_word' id='word_1_383' title='bbox 2447 4102 2515 4151; x_wconf 89' lang='lat' dir='ltr'><strong>de</strong></span> <span class='ocrx_word' id='word_1_384' title='bbox 2550 4103 2614 4151; x_wconf 84' lang='lat' dir='ltr'><strong>iis</strong></span> <span class='ocrx_word' id='word_1_385' title='bbox 2646 4101 2818 4152; x_wconf 80' lang='lat' dir='ltr'><strong>fulmi-</strong></span> 
     </span>
     <span class='ocr_line' id='line_1_79' title="bbox 1771 4174 2817 4238; baseline -0.001 -13"><span class='ocrx_word' id='word_1_386' title='bbox 1771 4174 1947 4236; x_wconf 84' lang='lat' dir='ltr'><strong>nibus,</strong></span> <span class='ocrx_word' id='word_1_387' title='bbox 1969 4188 2108 4238; x_wconf 85' lang='lat' dir='ltr'><strong>quae</strong></span> <span class='ocrx_word' id='word_1_388' title='bbox 2127 4175 2321 4226; x_wconf 79' lang='lat' dir='ltr'><strong>feriunt</strong></span> <span class='ocrx_word' id='word_1_389' title='bbox 2338 4191 2350 4235; x_wconf 79' lang='lat'>3</span> <span class='ocrx_word' id='word_1_390' title='bbox 2376 4175 2596 4227; x_wconf 86' lang='lat' dir='ltr'><strong>Bentleii</strong></span> <span class='ocrx_word' id='word_1_391' title='bbox 2611 4189 2817 4225; x_wconf 71' lang='lat' dir='ltr'><strong>conexo</strong></span> 
     </span>
     <span class='ocr_line' id='line_1_80' title="bbox 1771 4248 2815 4312; baseline 0.001 -14"><span class='ocrx_word' id='word_1_392' title='bbox 1771 4250 1916 4300; x_wconf 87' lang='lat' dir='ltr'><strong>esset</strong></span> <span class='ocrx_word' id='word_1_393' title='bbox 1935 4248 2201 4301; x_wconf 73' lang='grc' dir='ltr'><strong>ἐπίθετον</strong></span> <span class='ocrx_word' id='word_1_394' title='bbox 2222 4263 2372 4301; x_wconf 86' lang='lat' dir='ltr'><strong>mere</strong></span> <span class='ocrx_word' id='word_1_395' title='bbox 2397 4262 2618 4312; x_wconf 90' lang='lat' dir='ltr'><strong>ornans,</strong></span> <span class='ocrx_word' id='word_1_396' title='bbox 2651 4251 2815 4299; x_wconf 88' lang='lat' dir='ltr'><strong>immo</strong></span> 
     </span>
    </p>
   </div>
  </div>
 </body>
</html>
