3234 4975
641 356 764 421 584
1410 358 1667 409 nonam
1702 359 2038 412 emmaum

641 518 937 567 castrorum
994 513 1335 567 Hasdrubalis
1381 517 1437 566 et
1491 516 1749 580 Syphacis
1810 516 1935 579 (Liv.
1990 516 2080 575 30,
2124 518 2156 565 ὅ
2207 518 2262 565 et
2310 517 2370 576 ὃς
2420 515 2551 566 Flor.
2604 518 2663 577 2,
2709 517 2798 579 6.),

639 598 881 650 incendia
917 599 1131 648 navium
1155 598 1666 661 Carthaginiensium
1689 600 1814 662 (Liv.
1840 598 1905 649 30
1921 638 1933 660 ,
1968 598 2076 663 43):
2114 600 2417 664 Scipionem
2438 600 2636 650 domita
2657 600 2802 664 apud

639 683 857 732 Zamam
890 681 1062 732 Africa
1093 683 1146 732 in
1185 680 1388 731 ltaliam
1420 682 1755 732 redeuntem.
1797 709 1853 719 —
1889 681 1997 733 Tali
2029 696 2159 733 vero
2207 683 2411 734 honore
2446 686 2567 747 quis
2599 684 2806 746 dignior

636 766 918 829 Scipione?
952 777 1116 828 quem
1148 766 1346 816 Ennius
1381 766 1457 817 sic
1492 766 1710 816 affatur:
1749 768 2003 829 Quantam
2031 772 2256 817 stowam
2283 768 2438 831 faciet
2457 768 2676 830 populus
2702 768 2806 817 Ro-

636 862 842 910 manus,
879 854 1125 909 quantam
1153 849 1470 910 eclewinum,
1502 862 1633 910 quae
1662 863 1745 900 res
1776 855 1893 899 tuas
1920 855 2086 913 aestas
2114 849 2391 911 loquatur?
2422 852 2622 902 Horatii
2650 851 2806 914 igitur

638 930 891 995 aequales
919 933 1011 997 qui
1043 930 1129 982 illa
1162 934 1462 982 castrorum
1493 934 1818 996 naviumque
1852 934 2097 984 incendia
2131 947 2400 985 marmore
2434 948 2690 999 expressa
2721 936 2804 984 vi-

637 1015 866 1076 dissent,
917 1014 1158 1079 prosecto
1206 1027 1329 1065 cum
1374 1016 1474 1066 hos
1506 1028 1697 1066 versus
1730 1014 1981 1079 legebant
2010 1031 2119 1067 non
2146 1019 2422 1082 poterant,
2476 1020 2536 1068 ut
2568 1016 2804 1069 nonnulli

636 1100 958 1162 interpretes
1009 1099 1199 1160 nostri,
1274 1098 1341 1149 de
1391 1100 1609 1149 incensa
1659 1114 1690 1150 a
1740 1100 1983 1163 Scipione
2034 1102 2240 1152 minore
2293 1102 2609 1166 Carthagine
2659 1102 2807 1164 cogi-

636 1184 802 1232 tare.»
870 1183 1113 1245 Denique
1148 1182 1622 1233 commemoranda
1656 1185 1740 1233 est
1780 1184 1941 1232 etiam
1973 1184 2195 1248 lahnii*)
2231 1186 2474 1248 speciosa
2508 1184 2803 1248 explicatio,

636 1279 740 1330 qua
776 1266 1067 1329 genitivum
1098 1267 1204 1316 eius
1234 1279 1342 1316 non
1375 1266 1444 1316 ab
1483 1265 1694 1317 obiecto
1737 1266 1910 1317 laudes
1942 1267 2041 1316 sed
2074 1281 2104 1317 a
2138 1267 2381 1319 subiecto
2414 1270 2645 1318 incendia
2670 1281 2809 1332 pen-

636 1349 766 1400 dere
800 1348 936 1410 volt,
984 1353 1044 1399 ut
1077 1350 1337 1400 sententia
1371 1350 1461 1400 sit:
1517 1363 1663 1400 «non
1695 1350 1812 1413 ipsa
1847 1350 2108 1412 Karthago
2149 1350 2394 1400 incendio
2428 1348 2602 1399 deleta
2636 1348 2705 1398 ab
2740 1362 2808 1398 eo

636 1434 727 1497 qui
763 1446 960 1484 nomen
995 1434 1203 1497 accepit
1234 1446 1267 1482 a
1300 1432 1499 1484 domita
1522 1433 1749 1483 Africa.»
1793 1434 1965 1492 Quam
1986 1433 2479 1497 interpretationem
2500 1445 2608 1495 quo
2631 1433 2810 1483 minus

636 1517 928 1582 probemus
950 1556 962 1579 ,
1016 1518 1141 1568 facit
1174 1518 1229 1567 et
1272 1517 1596 1568 constructio
1631 1517 1914 1567 durissima
1965 1517 2020 1566 et
2051 1515 2196 1578 quod
2228 1516 2401 1567 laudes
2432 1517 2689 1580 genitivo,
2739 1514 2809 1565 ad

641 1614 804 1664 quem
838 1602 1163 1663 referantur,
1201 1614 1385 1650 carere
1421 1601 1510 1650 vix
1544 1600 1806 1664 possunt.)

770 1686 884 1734 Iam
916 1697 1047 1734 vero
1081 1685 1319 1735 Meineke
1354 1682 1555 1746 legem,
1593 1695 1755 1746 quam
1792 1683 2036 1734 Horatius
2073 1679 2128 1733 in
2160 1682 2243 1733 his
2274 1681 2599 1733 carminibus
2633 1680 2813 1732 Ascle-

641 1769 846 1833 piadeis
882 1770 1188 1819 constanter
1218 1768 1436 1817 secutus
1471 1768 1581 1827 est,
1619 1765 1789 1830 probe
1827 1767 2226 1828 animadvertit,
2263 1767 2440 1817 omnia
2475 1767 2530 1816 in
2563 1766 2812 1829 strophas

639 1853 1023 1916 quaternorum
1056 1863 1311 1901 versuum
1345 1849 1632 1900 dividenda
1657 1863 1778 1900 esse
1797 1887 1810 1911 ,
1850 1852 1905 1899 et
1943 1863 2082 1913 quae
2119 1850 2386 1901 vocabant
2421 1846 2811 1920 μονόστροφα

639 1935 750 1997 (Od.
792 1936 847 1997 4,
892 1935 939 1984 4.
976 1933 1089 1984 Lib.
1127 1933 1187 1995 3,
1232 1933 1333 1996 30.)
1371 1936 1424 1983 et
1473 1947 1610 1996 quae
1657 1931 1946 2004 δίοτροφα
2006 1933 2116 1997 (Οᾶ.
2156 1936 2212 1995 4,
2259 1935 2306 1984 3.
2345 1934 2428 1984 43.
2465 1935 2546 1984 49.
2600 1932 2712 1983 Lib.
2749 1932 2809 1993 3,

638 2019 687 2068 9.
735 2019 814 2068 45.
855 2018 935 2067 49.
973 2016 1055 2067 24.
1094 2018 1175 2067 25.
1213 2018 1295 2067 28.
1333 2016 1447 2067 Lib.
1485 2016 1542 2077 4,
1581 2019 1629 2067 4.
1667 2016 1736 2079 3.)
1792 2019 1846 2067 et
1888 2018 2130 2082 systema
2164 2017 2572 2082 Asclepiadeum
2605 2018 2808 2076 maius,

639 2099 766 2152 olim
797 2096 1211 2171 μονόστροφον
1250 2100 1361 2163 (Οά.
1401 2102 1458 2160 4,
1496 2102 1576 2150 ll.
1616 2102 1697 2151 48.
1752 2101 1865 2152 Lib.
1902 2100 1963 2162 4,
2008 2100 2131 2165 40.).
2199 2101 2626 2164 Haudquaquam
2660 2100 2816 2162 igitur

639 2183 896 2237 credibile
932 2186 1015 2234 est
1046 2182 1214 2234 semel
1257 2183 1627 2237 tantummodo
1663 2184 1732 2235 ab
1767 2198 1832 2235 eo
1865 2185 2007 2235 hanc
2040 2183 2216 2248 legem
2249 2186 2529 2247 migratam
2565 2196 2716 2245 esse,
2759 2184 2816 2232 et

639 2267 860 2331 quidem
894 2268 946 2317 in
982 2268 1217 2319 carmine
1249 2269 1538 2318 maturiore
1574 2270 1682 2318 iam
1714 2271 1888 2320 aetate
1924 2269 2240 2333 composite.
2313 2268 2647 2330 Quapropter
2683 2278 2815 2330 pro-

637 2351 815 2403 babile
851 2352 911 2401 fit
943 2355 1036 2402 aut
1057 2390 1069 2413 ,
1123 2351 1267 2414 quod
1308 2350 1392 2402 ille
1438 2353 1705 2404 asteriscis
1744 2353 2083 2417 significavit,
2137 2351 2338 2415 aliquot
2379 2348 2672 2401 versiculos
2707 2350 2812 2399 iam

643 2436 930 2500 antiquitus
966 2435 1258 2497 excidisse,
1298 2438 1389 2486 aut
1422 2434 1622 2500 aliquot
1656 2449 1875 2497 eorum,
1916 2450 2051 2500 quos
2096 2434 2217 2486 libri
2251 2432 2526 2496 exhibent,
2577 2432 2816 2497 interpo-

641 2519 796 2571 latori
845 2519 1050 2570 deberi.
1142 2521 1327 2583 ltaque
1378 2521 1429 2568 in
1464 2519 1733 2582 prioribus
1787 2519 2105 2570 editionibus
2154 2520 2278 2582 post
2331 2532 2384 2568 v.
2440 2519 2520 2568 47.
2568 2515 2816 2568 lacunam

641 2604 872 2656 duorum
937 2616 1194 2653 versuum
1259 2605 1646 2665 statueramuS,
1717 2602 1911 2667 quibus
1960 2604 2118 2667 poeta
2174 2602 2370 2666 partim
2419 2600 2664 2652 incendia
2730 2598 2816 2650 illa

640 2689 713 2738 ita
763 2686 1056 2748 definierit,
1125 2689 1185 2737 ut
1242 2699 1374 2736 vero
1424 2699 1607 2736 rerum
1658 2687 1830 2736 ordini
1887 2687 2105 2736 minime
2164 2685 2553 2749 repugnarent,
2620 2685 2817 2749 partim

643 2771 867 2821 modum
915 2771 1187 2832 indicarit,
1257 2784 1365 2834 quo
1417 2770 1675 2833 Scipionis
1733 2783 1822 2821 res
1872 2772 2054 2833 gestae
2105 2767 2259 2819 aliter
2316 2780 2481 2832 quam
2529 2767 2597 2818 ab
2649 2768 2816 2818 Ennio

642 2855 938 2917 posteritati
997 2853 1222 2904 traditae
1283 2854 1460 2903 minus
1504 2852 1680 2903 clarae
1722 2853 1930 2903 fuerint.
2002 2855 2151 2903 Nunc
2200 2866 2360 2914 vero,
2418 2852 2601 2916 utpote
2653 2852 2706 2900 in
2754 2864 2816 2901 re

644 2937 801 2988 nimis
848 2938 1076 2998 incerta,
1138 2936 1207 2987 ab
1258 2937 1404 2987 omni
1443 2935 1528 2986 vel
1580 2935 1802 2987 lacunae
1849 2935 1934 2987 vel
1985 2934 2402 3001 interpolationis
2436 2934 2816 2999 significatione

647 3021 700 3070 in
732 3021 837 3070 hoc
869 3021 1106 3069 carmine
1145 3018 1524 3080 abstinuimus,
1574 3022 1636 3069 ut
1683 3018 1868 3070 lectori
1914 3018 2146 3070 liberum
2180 3018 2457 3069 arbitrium
2492 3020 2583 3080 sit,
2636 3021 2818 3068 utrum

646 3103 949 3154 remedium
983 3102 1241 3154 adhibere
1275 3101 1425 3166 velit,
1474 3106 1534 3153 ut
1567 3105 1822 3168 strophae
1857 3106 2242 3166 quaternorum
2273 3116 2534 3154 versuum
2568 3101 2815 3152 evadant.

646 3187 902 3237 Ceterum
938 3199 1044 3236 non
1077 3185 1282 3236 silentio
1316 3187 1403 3237 hic
1434 3188 1892 3251 praetereundum
1925 3189 2035 3249 est,
2084 3185 2225 3238 illam
2258 3184 2434 3250 legem
2480 3184 2819 3248 quantumvis

645 3269 802 3320 nobis
854 3269 1179 3319 arridentem
1228 3283 1259 3319 a
1299 3269 1477 3322 multis
1525 3271 1652 3321 viris
1704 3270 1872 3321 doctis
1922 3271 2117 3320 acriter
2165 3271 2531 3334 impugnatam
2583 3280 2733 3329 esse,
2787 3279 2817 3316 a

648 3351 792 3404 nullo
827 3353 1006 3404 acrius
1040 3366 1202 3420 quam
1237 3368 1267 3404 a
1301 3355 1542 3405 Deodato
1576 3353 1900 3416 Frohlichio,
1955 3355 2047 3418 qui
2083 3354 2167 3404 his
2200 3352 2383 3404 verbis
2425 3354 2479 3402 in
2514 3366 2636 3403 eam
2669 3352 2821 3401 inve-

648 3439 766 3489 ctus
801 3439 910 3488 est:
967 3457 993 3483 ιι
1010 3440 1095 3489 Da
1126 3439 1181 3487 in
1219 3439 1381 3489 diesen
1407 3439 1861 3501 Asklepiadeischen
1893 3438 2157 3489 Gedichten
2189 3437 2441 3487 dure-haus
2469 3449 2574 3486 nur
2604 3436 2685 3485 ein
2715 3435 2823 3483 tmd

648 3520 850 3571 dissolbe
887 3523 1092 3573 Versart
1120 3523 1469 3585 wiederkehrt,
1507 3523 1638 3573 auch
1669 3523 1748 3573 die
1780 3521 2046 3573 Godanken
2075 3520 2371 3583 heinesweas
2395 3519 2526 3569 auch
2556 3532 2659 3568 nur
2677 3518 2820 3567 ihren

647 3605 1017 3668 Hauptpartien
1063 3607 1193 3657 nach
1242 3608 1345 3657 sich
1393 3607 1493 3670 aus
1519 3609 1578 3668 je
1615 3606 1724 3656 viar
1752 3607 1859 3655 und
1903 3606 2012 3654 vieo·
2056 3606 2198 3656 Verso
2237 3602 2462 3653 vermeilt
2494 3600 2815 3662 entwickoln,

647 3690 861 3739 scudem
907 3690 1141 3741 vielmohr
1188 3690 1299 3740 dem
1344 3694 1554 3740 (tussam
1607 3690 1849 3754 Umfanye
1888 3690 2020 3739 nach
2058 3687 2415 3752 manniqraltiq
2449 3685 2688 3736 wechseln
2717 3684 2824 3734 und

651 3774 754 3822 sich
787 3773 858 3836 on
898 3774 970 3822 im
1011 3773 1215 3837 Ausona
1246 3774 1365 3824 oder
1397 3775 1540 3826 Mitte
1570 3775 1703 3824 eines
1737 3775 1904 3824 Verses
1935 3773 2276 3834 absolutio-ssent,
2328 3773 2397 3824 da
2427 3770 2628 3834 folqlich
2655 3769 2824 3819 weden-

652 3858 754 3907 Ohr
784 3857 909 3907 noch
947 3858 1186 3908 Verstand
1226 3858 1310 3908 des
1340 3858 1525 3908 Har-ers
1565 3858 1753 3908 solcher
1786 3857 2013 3908 Godichte
2046 3859 2153 3908 eine
2183 3857 2368 3906 andere
2399 3855 2678 3917 scheiduny
2719 3851 2825 3901 tmd

774 4230 807 4282 ¹³)
840 4226 995 4272 lahrb.
1030 4229 1059 4272 s.
1094 4226 1266 4272 Pnnoi.
1300 4240 1346 4272 u.
1382 4228 1651 4283 Paedagog.
1686 4228 1790 4273 Vol.
1825 4230 1892 4274 42.
1927 4241 1972 4284 p.
2006 4229 2101 4272 286.
