3234 4975
1246 376 1363 425 un.
1404 376 1462 424 ll.
1537 378 1593 423 (ἶ.
1637 376 1740 425 vu.

2498 377 2622 441 247

882 529 1045 607 Quis
1092 540 1153 595 te
1199 529 1531 596 redonavit
1572 531 1888 609 Quiritem
1953 549 1981 573 ·

964 650 1077 715 Dis
1122 650 1345 737 patriis
1391 650 1681 739 Italoque
1725 650 1938 727 caelo,

796 808 1062 895 Pompei
1108 829 1402 874 meorum
1444 809 1651 896 prime
1698 809 2071 876 sodalium?

2583 816 2622 877 vt

795 929 954 993 Cum
1000 950 1131 1016 quo
1177 940 1530 997 morantem
1576 951 1778 1018 saepe
1825 931 1996 998 diem
2042 953 2221 998 mero

882 1050 1065 1138 Fregi
1110 1060 1455 1117 coronatus
1499 1052 1774 1117 nitentes

968 1170 1364 1237 Malobathro
1410 1172 1602 1260 Syrio
1647 1172 1932 1259 capillos

797 1332 1032 1395 Tecum
1078 1328 1406 1416 Philippos
1452 1341 1517 1395 et
1557 1330 1839 1396 celerem
1887 1332 2098 1419 fugam

587 1533 633 1580 3.
675 1532 926 1594 Quiritum
960 1531 1220 1581 Heinsius.
1252 1558 1306 1566 -
1333 1532 1380 1580 5.
1406 1530 1617 1593 Pompili
1649 1529 1706 1591 b,
1742 1531 1914 1593 Pompi
1949 1531 2082 1581 BTd.
2116 1559 2166 1567 —
2197 1533 2243 1581 7.
2273 1536 2470 1585 nitentis
2502 1537 2557 1587 T.

458 1701 673 1761 antiqua
706 1696 930 1748 formula
962 1699 1244 1762 praeconis
1277 1699 1330 1747 in
1357 1696 1507 1748 fune-

458 1771 606 1822 ribus
650 1771 911 1822 indictivis
954 1772 1097 1835 apud
1131 1773 1346 1822 Festum
1379 1784 1499 1836 pag.

458 1848 574 1896 247.
614 1847 791 1896 Lind.:
832 1847 968 1896 Oltus
1003 1847 1173 1908 Quiris
1205 1847 1301 1896 lato
1334 1847 1498 1895 datus.

460 1923 678 1984 Propter
698 1922 869 1985 ipsam
892 1919 1196 1971 facilitatem
1216 1920 1503 1970 reiicienda

460 2000 542 2046 est
576 1997 769 2046 Heinsii
803 1997 963 2046 coni.:
998 1997 1251 2058 Quiritum
1281 1997 1391 2045 Dis.

524 2070 573 2120 4.
630 2071 724 2119 Dis
766 2071 964 2134 patriis]
1022 2070 1230 2134 imperii
1284 2070 1506 2120 Romani

461 2143 762 2203 Penatibus,
800 2145 890 2207 qui
927 2146 1106 2194 tamen
1140 2141 1298 2194 simul
1331 2144 1507 2206 singu-

457 2217 538 2268 los
588 2219 733 2268 cives
780 2221 1015 2268 tuentur.
1107 2218 1247 2280 virg.
1301 2220 1393 2268 Ge.
1453 2219 1500 2278 4,

457 2292 585 2344 498ε
628 2295 697 2342 Di
724 2294 914 2355 patrii,
951 2294 1192 2356 Indique-³
1223 2298 1271 2342 ot
1302 2293 1508 2343 Romule

466 2369 701 2427 Vestaque
748 2373 926 2417 mator.
987 2392 1039 2404 —
1083 2367 1323 2430 Italoque]
1370 2367 1501 2416 Nota

458 2440 684 2492 litteram
736 2442 753 2490 i
804 2441 858 2491 h.
911 2439 944 2491 1.
993 2440 1236 2502 brevem,
1273 2440 1399 2492 alibi
1434 2442 1500 2505 (2,

460 2517 553 2576 43,
599 2516 678 2565 48.
730 2517 791 2575 3,
840 2517 933 2577 30,
984 2517 1064 2566 43.
1102 2515 1161 2575 t,
1210 2516 1271 2578 4,
1321 2515 1402 2567 42.
1440 2516 1501 2577 t,

460 2592 551 2650 45,
589 2590 687 2651 43.)
724 2589 952 2652 longam.

523 2666 571 2714 ὅ.
620 2665 799 2728 prum]
852 2665 1063 2714 Poetica
1108 2665 1242 2714 ratio
1292 2664 1501 2724 suadet,

458 2743 517 2788 ut
552 2740 775 2800 primum
816 2739 1230 2802 interpretemur
1271 2739 1505 2803 «prima-

458 2815 622 2872 rium,
681 2813 1101 2876 praecipuum»;
1160 2826 1295 2862 non:
1357 2825 1505 2876 «quo

458 2887 751 2938 diutissime
798 2900 930 2937 usus
975 2898 1095 2937 sum
1142 2886 1267 2936 inde
1304 2900 1335 2936 a
1368 2900 1505 2951 pue-

460 2962 630 3011 titia.»

523 3036 634 3086 6-8.
670 3035 967 3098 mentun]
1007 3034 1210 3095 «diem,
1264 3036 1357 3099 qui
1407 3036 1505 3086 nisi

457 3124 564 3160 una
623 3110 778 3173 genio
844 3108 1283 3168 indulsissemus‚
1350 3110 1506 3161 nimis

456 3183 645 3247 longus
699 3182 854 3233 nobis
909 3185 1057 3235 visus
1114 3186 1285 3243 esset,
1343 3184 1504 3247 fraqi,

456 3258 759 3309 breviorem
792 3257 1029 3317 reddidi,
1067 3270 1265 3308 corona
1294 3256 1509 3308 redimi-

458 3335 544 3383 tus
595 3332 802 3382 circum
849 3331 1068 3396 capillos
1111 3334 1300 3382 unctos
1343 3332 1508 3381 mdo-

457 3408 660 3466 ὸαυινο,
730 3404 849 3457 oleo
918 3419 1173 3471 expresso
1240 3419 1307 3455 ex
1373 3404 1508 3455 toliis

457 3483 661 3531 Laurus
694 3482 919 3531 cassiae.
991 3480 1229 3530 Verbum
1264 3482 1509 3531 Latinum

457 3556 769 3619 corruptum
819 3556 901 3605 est
962 3568 1028 3604 ex
1084 3553 1265 3603 Indico
1321 3555 1509 3604 Tama-

457 3631 739 3692 lapatroem,
790 3631 823 3679 i.
862 3643 913 3679 e.
961 3626 1357 3679 Tamantonum.
1428 3629 1505 3680 Cf.

458 3706 655 3755 Lassen
690 3704 804 3755 lud.
841 3702 941 3754 Alt.
969 3705 1007 3752 1.
1041 3716 1094 3766 p.
1120 3702 1233 3752 283.
1272 3705 1512 3766 Unguen-

459 3784 573 3827 tum
623 3778 725 3828 hoc
777 3779 939 3829 etiam
989 3778 1222 3840 foliatum
1275 3777 1511 3827 vocaba-

458 3855 561 3901 tur.
598 3851 814 3902 Martial.
844 3854 924 3913 44,
963 3853 1045 3911 27,
1084 3853 1132 3902 9.
1186 3852 1381 3908 Confer
1415 3851 1511 3902 Pli-

459 3926 605 3974 nium
626 3926 706 3983 42,
731 3927 815 3976 26.
841 3953 895 3961 -
922 3927 1131 3987 Syrium
1152 3925 1254 3975 dici
1278 3925 1506 3988 videtur,

458 3999 607 4063 quod
663 4000 881 4050 omnino
938 4001 1116 4051 indiae
1175 4003 1231 4050 et
1282 4000 1509 4051 Arabiae

459 4087 673 4124 merces
726 4087 760 4132 a
817 4076 1206 4127 mercatoribus
1262 4076 1509 4127 Romanis

459 4160 523 4197 ex
546 4149 823 4199 Antiochia
837 4187 849 4209 ‚
887 4151 1047 4201 totius
1070 4150 1297 4200 Orientis
1320 4162 1510 4214 empo-

458 4222 562 4282 rio,
604 4225 827 4274 Romam
862 4223 1285 4275 advehebantur.
1332 4223 1428 4273 Od.
1459 4225 1505 4283 4,

1578 1698 1661 1758 34,
1702 1698 1781 1747 42.
1818 1711 1967 1748 mom:
1999 1700 2151 1760 syra.
2191 1699 2284 1750 Od.
2317 1702 2376 1761 2,
2416 1703 2503 1762 44,
2544 1704 2624 1752 46.

1576 1773 1771 1821 nardus
1818 1773 2041 1834 Assyria.
2129 1776 2284 1839 Prop.
2341 1777 2396 1835 4,
2451 1779 2511 1836 2,
2566 1778 2624 1827 3;

1580 1847 2112 1909 Oronwa--mfflv-ha.
2153 1848 2445 1900 Philodem.
2471 1851 2625 1900 Anth.

1580 1920 1686 1971 Pal.
1703 1923 1764 1971 11.
1785 1922 1908 1971 329:
1934 1920 2197 1992 σμύρναν
2221 1916 2373 1982 ἔχειν
2395 1924 2625 1995 Συρίην.

1580 1994 1748 2045 Aliam
1782 1997 1940 2046 huius
1974 1998 2201 2048 nominis
2232 1998 2525 2062 explicandi
2550 2013 2634 2049 ra-

1579 2070 1779 2119 tionem
1804 2071 1916 2120 iniit
1938 2070 2316 2131 Schroeterus,
2342 2074 2492 2124 cuius
2510 2086 2632 2124 sen·

1579 2144 1800 2194 tentiam
1823 2143 2195 2196 exhibebimus
2223 2146 2276 2195 in
2299 2147 2537 2197 Excursu
2561 2147 2630 2197 ad

1579 2218 1676 2268 Od.
1702 2219 1763 2277 2,
1804 2220 1895 2277 44,
1936 2220 1998 2267 46
2027 2232 2110 2282 sq.
2153 2246 2207 2256 —
2244 2220 2327 2270 Ad
2348 2235 2398 2269 v.
2425 2222 2631 2271 amos

1580 2292 1675 2342 cfr.
1705 2293 1880 2355 Eurip.
1911 2292 2058 2355 Cycl.
2086 2296 2208 2343 50⁴:
2238 2289 2628 2365 μυρόχριστος

1578 2361 1821 2436 λιπαρὸν
1870 2362 2220 2436 βόστρυχον.
2264 2394 2320 2405 -
2375 2371 2628 2419 Ceterum

1579 2455 1703 2494 cum
1723 2441 2034 2505 metaphora
2070 2441 2153 2492 illa
2174 2443 2304 2506 freyn·
2326 2444 2457 2493 diem
2478 2456 2629 2494 com-

1577 2529 1769 2581 parare
1823 2516 1967 2565 iuvat
2010 2517 2244 2568 comicas
2293 2516 2408 2570 illas
2464 2517 2628 2567 Plauti

1577 2592 1722 2643 Asin.
1743 2591 1793 2650 2,
1823 2590 1871 2648 2,
1905 2592 1994 2639 25;
2032 2592 2179 2652 hauc,
2204 2617 2258 2627 —
2277 2605 2408 2652 quae
2428 2595 2631 2655 loquens

1577 2668 1772 2716 lacemt
1802 2666 1950 2723 ἀίοντι,
1978 2668 2030 2715 et
2055 2667 2191 2715 Men.
2216 2667 2263 2726 4,
2290 2668 2339 2725 2,
2366 2666 2457 2719 43:
2496 2668 2626 2716 hunc

1577 2739 1930 2789 comburamus
1962 2739 2109 2799 dian,
2147 2738 2395 2802 potando.

1646 2813 1694 2862 9.
1729 2812 1993 2875 Philippos]
2029 2813 2183 2862 Redit
2216 2813 2285 2863 ad
2307 2815 2628 2864 sententiam

1578 2901 1632 2937 v.
1671 2890 1747 2946 4.,
1798 2899 1973 2949 neque
2008 2900 2138 2935 vero
2181 2887 2345 2948 haec,
2395 2889 2455 2937 ut
2493 2901 2629 2938 non-

1579 2960 1707 3013 nulli
1743 2961 1840 3010 rati
1874 2963 2025 3021 sunt,
2072 2965 2416 3025 opponuntur
2447 2965 2627 3025 gratae

1579 3033 1948 3086 consuetudini
1974 3034 2026 3084 in
2049 3034 2338 3098 praecedd.
2366 3050 2452 3086 vv.
2473 3037 2630 3099 signi-

1580 3111 1786 3160 ficatae.
1843 3110 1979 3159 Cum
2013 3108 2115 3159 sub
2151 3108 2317 3159 finem
2351 3112 2474 3160 anni
2509 3112 2624 3160 742.

1579 3183 1906 3236 debellatum
1942 3187 2088 3234 esset
2107 3183 2178 3233 ad
2199 3183 2482 3249 Philippos,
2519 3186 2630 3235 ine—

1580 3262 1708 3309 unte
1742 3272 1791 3308 a.
1839 3258 1952 3307 743.
2002 3259 2246 3309 Horatius
2297 3259 2351 3308 in
2399 3259 2628 3322 patriam

1580 3333 1753 3383 rediit.
1791 3331 2112 3382 Pei-ridicula
2135 3335 2219 3383 est
2239 3334 2439 3392 autem,
2465 3345 2630 3394 quam

1581 3420 1754 3470 nuper
1809 3405 2027 3470 quidam
2083 3419 2182 3470 pro
2236 3418 2368 3454 vera
2420 3404 2625 3465 babuit,

1583 3481 1816 3531 narratio
1835 3481 1888 3530 in
1906 3480 2103 3530 Horatii
2120 3481 2223 3528 vita
2244 3480 2457 3541 antiqua
2476 3478 2630 3527 scho-

1580 3554 1794 3605 lastica:
1843 3556 2081 3618 «captus
2127 3556 2210 3604 est
2242 3567 2274 3602 a
2309 3554 2540 3602 Caesare
2577 3554 2631 3602 et

1582 3630 1938 3694 proscriptus,
1988 3629 2149 3678 etiam
2195 3626 2445 3676 omnibus
2490 3638 2629 3689 quae

1582 3702 1822 3754 habebat
1843 3701 2113 3765 direptis.»
2147 3701 2242 3764 (De
2264 3700 2366 3749 hac
2391 3699 2508 3761 fuga
2530 3700 2624 3750 cfr.

1583 3777 1787 3826 Weber
1827 3777 2000 3825 Horas
2031 3789 2085 3838 p.
2124 3773 2225 3834 40.)
2284 3800 2339 3809 —
2385 3774 2632 3835 Philippos

1583 3856 1630 3900 at
1662 3852 1869 3900 celarem
1899 3849 2091 3912 fuam]
2128 3849 2180 3897 in
2222 3847 2457 3912 pedestri
2493 3851 2625 3898 orat.

1586 3926 1796 3988 «fugam
1842 3923 2274 3987 Philippensem»
2295 3960 2307 3982 ‚
2360 3923 2457 3974 sed
2504 3921 2630 3972 illud

1585 4014 1654 4050 ex
1685 4013 1786 4050 usu
1826 3999 2106 4062 poetarum
2141 3999 2300 4060 atque
2336 3998 2496 4047 etiam
2528 3997 2630 4047 Ta-

1585 4076 1692 4134 citi,
1731 4074 1859 4122 Hist.
1890 4074 1946 4130 4,
1985 4072 2073 4121 48;
2111 4073 2336 4121 tonitr-m
2358 4077 2405 4121 et
2422 4071 2630 4134 fulyura

1585 4155 1631 4199 et
1664 4149 1892 4198 caelestes
1923 4148 2105 4197 numa.
2167 4146 2300 4196 lbid.
2327 4149 2415 4196 2οε
2451 4146 2632 4206 ubique

1584 4223 1731 4272 hasta
1752 4226 1800 4271 ot
1820 4227 1976 4272 sector
1992 4227 2038 4271 et
2059 4223 2280 4282 inquieta
2303 4221 2423 4270 Urbs
2445 4220 2633 4268 auctio-
