3234 4975
636 360 760 426 648

1440 365 1697 415 HORATu
1731 364 1988 415 EPODON

976 521 1266 585 Pecusve
1314 517 1603 586 Calabris
1649 531 1795 585 ante
1839 518 2021 585 sidus
2065 518 2380 585 fervidum

1052 641 1309 706 Lucana
1357 650 1559 707 mutet
1600 640 1889 727 pascuis,

975 762 1201 848 Neque
1245 772 1317 827 ut
1359 761 1621 848 superni
1667 759 1816 826 villa
1858 760 2143 827 candens
2189 760 2442 828 Tusculi

1062 883 1329 949 Circaea
1374 892 1587 968 tangat
1630 882 1905 948 moenia.

763 1041 1096 1104 280pascula
1138 1043 1209 1103 Β,
1256 1056 1453 1104 pascua
1485 1042 1520 1092 d
1546 1081 1558 1103 ,
1587 1040 1740 1102 βλω,
1777 1043 1911 1092 Pott.
1951 1041 2085 1100 duc,
2125 1042 2246 1092 LCt.

2722 884 2808 947 30

2312 1044 2388 1103 (Ut
2422 1056 2519 1092 nos
2538 1081 2548 1102 ,
2602 1042 2708 1093 bSc
2722 1082 2733 1102 ,

705 1129 894 1170 omnes
928 1117 1182 1169 Blandinii
1203 1155 1215 1177 ,
1250 1115 1327 1177 βκ
1363 1131 1518 1168 «cum
1551 1116 1667 1167 aliis
1702 1116 2008 1179 quinque»)
2049 1141 2105 1151 —
2144 1117 2226 1165 29.
2263 1117 2365 1165 Nec
2389 1114 2647 1176 bd,LCtF.
2679 1143 2735 1153 —

698 1192 865 1254 supini
898 1192 1066 1244 Bentl.
1107 1194 1244 1242 coni.
1283 1192 1352 1242 ab
1387 1194 1502 1256 ipso
1537 1194 1756 1255 recepta
1780 1229 1791 1250 ‚
1829 1189 2028 1251 superbo·
2063 1188 2346 1239 Markland.

700 1321 780 1371 27.
818 1323 901 1373 28.
938 1325 1148 1373 Pet-awo
1170 1322 1398 1373 Calabris
1429 1319 1554 1384 cet.]
1593 1322 1683 1370 «ut
1756 1319 1809 1367 la
1851 1318 1975 1367 villa
2018 1319 2148 1367 delta
2180 1319 2440 1381 Rufinotla.
2503 1317 2666 1369 Raoul
2701 1320 2808 1367 Ro-

636 1396 906 1447 numerosi
931 1397 1061 1447 mihi
1083 1397 1188 1446 sint
1208 1409 1398 1459 greges
1413 1395 1681 1457 variisque

634 1467 685 1517 in
726 1469 1034 1532 regionibus
1090 1468 1265 1534 ampla
1315 1480 1549 1533 pascua,
1609 1468 1681 1517 ita

636 1543 718 1602 ut,
766 1545 1225 1606 quemadmodum
1249 1544 1445 1594 faciunt
1468 1542 1680 1601 divites,

636 1618 840 1667 aestate
864 1631 995 1668 oves
1020 1631 1174 1669 meae
1200 1633 1229 1668 e
1249 1616 1493 1668 Calabria
1514 1617 1567 1664 in
1587 1616 1685 1665 Lu-

636 1689 845 1740 caniam
885 1692 1061 1742 minus
1095 1695 1398 1742 aestuosum
1439 1692 1680 1753 agantur.

636 1763 804 1813 Varro
828 1766 884 1815 R.
914 1766 971 1815 R.
998 1767 1059 1825 2,
1090 1768 1145 1825 4,
1174 1766 1272 1816 46;
1315 1778 1490 1828 aroges
1517 1765 1686 1813 ovinam

641 1837 787 1900 lonae
819 1837 1094 1902 abiguntur
1121 1853 1189 1888 θαι
1205 1839 1389 1901 Apul-‘a
1412 1839 1465 1887 in
1488 1838 1689 1888 Samni-

638 1923 727 1959 um
765 1913 1079 1962 aestivosum.
1126 1913 1259 1963 lbid.
1289 1914 1339 1973 2,
1364 1914 1413 1973 2,
1442 1912 1507 1962 9;
1563 1912 1687 1961 mihi

638 1996 815 2046 yroqes
846 1985 900 2034 in
919 1986 1104 2048 Apulia
1124 1986 1486 2047 hibernabant,
1524 1987 1609 2048 qui
1633 1987 1686 2035 in

636 2058 858 2108 Reatinis
892 2060 1139 2109 montibus
1176 2060 1503 2110 aestivabmtt.
1559 2059 1683 2121 (Cir.

641 2130 803 2181 etiam
824 2131 985 2195 Epist.
1012 2134 1061 2193 2,
1088 2135 1138 2194 2,
1166 2134 1260 2183 477
1284 2148 1295 2182 :
1333 2133 1689 2185 Calabri-ssal-

640 2205 770 2253 tibus
817 2206 997 2256 adiecti
1044 2206 1278 2271 Lucani.)
1345 2206 1570 2258 Pulchre
1615 2207 1686 2257 de

638 2278 810 2330 beatis
845 2280 928 2330 his
954 2280 1131 2333 ltaliae
1164 2281 1423 2333 tractibus
1455 2281 1687 2333 Rehfues

638 2355 777 2405 Neue
806 2356 984 2405 Medea
1003 2357 1065 2406 11.
1104 2359 1155 2407 S.
1184 2357 1317 2409 264:
1352 2358 1448 2407 Dio
1467 2357 1688 2420 [οιισειοιι

644 2429 983 2493 Weidetrillen
1015 2430 1188 2495 muron
1219 2445 1289 2481 an
1310 2432 1405 2481 den
1422 2431 1691 2482 macnari-

636 2505 782 2553 schen
829 2504 1032 2554 Buchew
1074 2506 1161 2555 hin
1197 2508 1302 2556 und
1341 2506 1577 2556 bedecken
1608 2506 1689 2555 dio

638 2580 829 2640 offmen
848 2578 1016 2628 Haben
1036 2580 1279 2629 suase-hen
1299 2581 1393 2631 don
1412 2581 1683 2642 Urforsten.

638 2651 735 2701 Dio
781 2653 1008 2716 appiano
1064 2654 1344 2717 vegetation
1387 2654 1519 2704 laem
1563 2653 1689 2702 iiber

639 2726 773 2788 Bora
793 2726 899 2775 und
930 2727 1054 2776 Thai
1080 2729 1186 2776 und
1211 2728 1433 2777 wne-hert
1453 2727 1597 2777 solbat
1617 2741 1688 2777 an

640 2800 734 2848 den
784 2800 1081 2863 amoeniam
1124 2801 1429 2851 Fotmasson
1478 2815 1653 2863 ompor
1666 2840 1683 2863 ,

640 2873 1121 2936 ausdiosichjene
1158 2875 1342 2938 Tm's‘tm
1392 2874 1689 2939 hauflqab-

639 2947 912 2998 schneider».
960 2973 1017 2984 —
1076 2953 1194 2998 ‹mta
1240 2951 1376 3000 sidus
1410 2950 1685 3015 fervidum]

643 3022 796 3070 nante
822 3020 1102 3072 Caniculae
1128 3026 1359 3072 ortum.»
1383 3050 1439 3060 —
1466 3026 1544 3074 De
1562 3038 1689 3075 con-

641 3095 931 3144 structione
965 3108 1014 3143 v.
1040 3101 1241 3146 mutare
1265 3096 1362 3147 cfr.
1391 3096 1487 3147 Od.
1517 3099 1537 3148 4
1563 3135 1575 3158 ,
1603 3099 1685 3158 47,

640 3170 690 3217 2.
729 3171 783 3218 et
816 3170 922 3217 Sat.
959 3169 1020 3231 2,
1065 3171 1121 3231 7,
1168 3171 1280 3220 440.
1348 3198 1401 3206 —-
1457 3172 1686 3233 pascuis]

643 3243 787 3292 Haec
829 3240 987 3291 lectio
1033 3255 1139 3292 non
1173 3243 1346 3294 solum
1380 3243 1624 3294 firmatur
1656 3258 1686 3294 a

642 3315 821 3366 multis
854 3318 910 3365 et
931 3316 1326 3380 praestantibus
1351 3307 1550 3378 codd,
1589 3317 1689 3368 sed

641 3390 843 3441 facilius
878 3391 1037 3440 etiam
1070 3404 1266 3441 nomen
1291 3391 1688 3442 accommodari

644 3466 854 3529 poterat
875 3465 943 3514 ad
964 3466 1318 3530 propinquius
1351 3466 1544 3516 adiect.
1582 3468 1688 3516 Lu—

641 3554 776 3591 cana
837 3554 1000 3603 quam
1069 3544 1270 3598 contra.
1365 3543 1503 3591 «Nos
1565 3541 1688 3591 ideo

636 3615 842 3678 pascuis
875 3614 1264 3678 praeferimus,
1320 3628 1386 3664 ne
1430 3617 1481 3664 in
1518 3615 1688 3665 tribus

643 3689 904 3738 continuis
938 3688 1125 3752 epodis
1161 3688 1353 3738 eadem
1389 3690 1541 3738 exeat
1575 3690 1689 3737 ter-

642 3762 911 3812 minatio.»
951 3762 1130 3811 Bam-1„

708 3837 790 3885 29.
828 3835 908 3885 30.
945 3837 1171 3898 uapor-ni]
1205 3813 1369 3886 Vesus
1399 3834 1686 3886 Tusculum

646 3913 801 3972 (anno
840 3909 962 3957 Chr.
1008 3910 1151 3960 4494.
1196 3924 1225 3959 a
1260 3911 1506 3960 Romanis
1538 3910 1689 3960 diru-

644 3983 774 4042 tum)
826 3982 879 4031 in
915 3986 1095 4032 monte
1126 3997 1381 4047 supremo
1416 3983 1689 4034 conditum

647 4057 789 4113 erat.
838 4055 1158 4108 hodiernum
1207 4059 1320 4108 sive
1372 4059 1602 4108 Frascati
1639 4059 1690 4108 in

646 4129 780 4179 clivo
803 4126 992 4179 leniter
1013 4135 1343 4194 assurgente.
1388 4133 1689 4197 (Antiquum

646 4202 931 4255 Tusculum
983 4205 1142 4256 situm
1196 4209 1333 4266 orat,
1407 4206 1496 4255 ubi
1550 4220 1691 4257 nunc

1756 1392 1933 1442 chette
1966 1392 2182 1441 Journal
2213 1393 2296 1441 dos
2327 1397 2532 1442 savants
2567 1391 2710 1443 ⁴848.
2749 1406 2803 1455 p.

1758 1467 1857 1529 49.)
1915 1492 1964 1504 -
2024 1466 2210 1528 Utique
2245 1466 2341 1515 Od.
2385 1466 2443 1526 3,
2485 1466 2546 1527 4,
2589 1466 2670 1516 23.
2723 1467 2809 1516 est

1760 1543 1908 1593 Tibur
1955 1544 2221 1604 supinwm
2277 1555 2467 1593 verum
2518 1545 2806 1607 propterea

1757 1630 1862 1667 uon
1921 1617 2067 1666 idem
2129 1615 2394 1666 ἐπίθετον
2442 1618 2531 1667 hic
2590 1629 2806 1680 quoque

1755 1693 1944 1754 poetae
1980 1693 2098 1740 erat
2117 1689 2533 1740 obtrudendum.
2603 1690 2803 1740 Tuscu-

1757 1763 1870 1813 lum
1904 1766 2084 1813 autem
2128 1776 2398 1825 supernum
2433 1765 2517 1813 est
2549 1776 2673 1827 pars
2709 1776 2836 1812 su--

1758 1838 1940 1901 perior
1973 1835 2090 1887 clivi
2124 1836 2404 1887 Tusculani
2438 1838 2657 1902 propius
2704 1849 2808 1901 op-

1757 1911 1961 1975 pidum.
2038 1912 2147 1962 Cic.
2184 1911 2254 1961 de
2290 1913 2446 1974 Legg.
2483 1911 2546 1971 3,
2593 1910 2684 1960 ⁴3:
2743 1911 2802 1959 L.

1760 1984 2025 2043 LuculluS,
2051 1985 2241 2034 obiecta
2259 1984 2634 2049 myniflcentia
2654 1984 2809 2034 villae

1761 2059 2091 2120 Tusculanae,
2131 2060 2405 2123 respondit
2432 2060 2531 2109 duo
2557 2072 2608 2108 so
2628 2059 2810 2109 habore

1755 2134 1968 2192 vicinos,
2004 2133 2339 2195 aqva-iorem,
2375 2134 2589 2194 equata„
2613 2134 2804 2183 Roma-

1757 2220 1905 2267 num,
1941 2206 2258 2269 inferiorem,
2295 2207 2580 2257 libertinmn
2611 2209 2715 2256 cet.
2747 2233 2802 2242 —

1762 2281 1955 2330 menti
1987 2281 2198 2331 Circaea
2217 2307 2247 2317 -
2269 2282 2483 2345 noemia]
2520 2279 2807 2332 Tusculum

1759 2366 1791 2403 a
1840 2352 2103 2417 Telegono
2170 2353 2323 2406 Ulixis
2373 2368 2438 2404 ex
2490 2356 2640 2405 Circa
2699 2353 2808 2404 filio

1759 2426 2034 2478 conditum
2079 2427 2351 2488 ferebant3
2405 2428 2548 2479 unde
2597 2428 2692 2478 Od.
2740 2426 2771 2477 3
2790 2465 2804 2489 ,

1758 2503 1852 2563 29,
1900 2503 1958 2553 8:
2032 2502 2255 2567 raimoni
2303 2504 2426 2567 inqu
2471 2504 2803 2565 parricidae,

1759 2577 1851 2628 ubi
1884 2576 2007 2628 vide
2059 2577 2240 2627 adnot.
2312 2579 2605 2628 Construe:
2662 2578 2805 2638 Non,

1757 2656 1814 2701 ut
1883 2651 2009 2700 vitta
2071 2653 2287 2700 candens
2360 2655 2539 2715 tangat
2609 2652 2810 2702 monia

1758 2727 1970 2776 Circaea
2027 2725 2221 2774 Tuscula·
2276 2726 2507 2787 merui,
2577 2726 2632 2775 id
2687 2728 2803 2775 est:

1761 2813 1898 2851 «non
1945 2801 2097 2864 opto,
2135 2801 2194 2848 ut
2233 2798 2352 2849 villa
2397 2801 2523 2850 mihi
2569 2799 2810 2863 obtingat

1760 2886 2062 2923 marmorea
2115 2877 2171 2922 et
2217 2874 2490 2936 magnifice
2538 2875 2806 2924 exstructa

1758 2961 1928 3012 prope
1983 2948 2158 3010 ipsum
2209 2945 2547 2997 Tusculum.»
2616 2945 2810 2997 Videli-

1762 3024 1850 3073 cet
1910 3019 2066 3083 longe
2129 3020 2472 3084 pretiosiores
2527 3021 2806 3084 magisque

1759 3096 2025 3160 appetitae
2094 3096 2247 3144 erant
2311 3092 2464 3144 villae
2519 3107 2807 3144 amoenum

1762 3169 1887 3219 illud
1921 3168 2178 3233 oppidum
2213 3169 2454 3231 proxime
2488 3170 2807 3231 attingentes

1762 3256 1925 3307 quam
1947 3244 2282 3293 remotiores.
2325 3243 2410 3292 Sic
2433 3242 2652 3293 minime
2677 3255 2809 3292 ean-

1762 3317 1889 3368 dem
1939 3316 2257 3367 sententiam
2319 3317 2384 3378 (v.
2423 3315 2527 3379 25.)
2581 3317 2805 3380 repetit,

1764 3404 1900 3441 «non
1936 3392 2089 3454 opto,
2126 3393 2186 3440 ut
2219 3390 2348 3440 mihi
2382 3390 2613 3440 donetur
2649 3403 2810 3454 prae-

1762 3466 1909 3516 dium
1932 3478 2097 3528 quam
2119 3462 2503 3528 amplissimum
2527 3467 2580 3515 et
2602 3462 2809 3514 fertilis-

1762 3541 2018 3598 simum-3
2053 3538 2150 3588 sed
2186 3539 2448 3602 adiungit:
2512 3553 2643 3589 «nec
2677 3552 2806 3588 vero

1761 3612 1915 3664 villae
1949 3625 2210 3662 amoenae
2235 3612 2462 3676 cupidus
2496 3625 2670 3663 sum.»
2711 3614 2803 3662 Lo-

1763 3687 1944 3751 quitur
1977 3698 2104 3749 ergo
2138 3686 2206 3736 de
2240 3684 2389 3746 villa,
2427 3688 2488 3736 ut
2519 3687 2589 3735 ita
2612 3685 2805 3744 dicam,

1764 3760 1921 3820 ficta,
1975 3772 2138 3823 quam
2189 3763 2486 3828 φαντασίᾳ
2541 3761 2805 3823 concipit;

1764 3847 1940 3898 neque
1992 3847 2123 3883 vero
2174 3846 2234 3884 se
2280 3847 2384 3883 non
2431 3836 2616 3897 optare
2651 3832 2806 3892 dicit,

1768 3911 1858 3959 «ut
1892 3907 2147 3958 Sabinum
2181 3920 2340 3958 suum
2376 3909 2479 3958 XV.
2519 3906 2626 3956 mil.
2662 3919 2806 3969 pass.

1765 3996 1794 4031 a
1830 3980 2055 4033 Tusculo
2091 3980 2293 4031 distans
2315 4018 2327 4039 ,
2373 3978 2492 4030 villa
2532 3994 2561 4029 a
2606 3992 2743 4029 novo
2778 3993 2810 4029 e

1766 4069 2034 4107 marmore
2085 4054 2425 4106 constructa»
2494 4055 2674 4117 (inscr.
2733 4065 2808 4103 m.

1767 4133 1875 4182 Lat.
1915 4133 1974 4180 N.
2026 4131 2103 4181 43.
2153 4132 2205 4180 et
2249 4129 2446 4191 4303.),
2506 4140 2707 4191 «usque
2741 4126 2813 4176 ad

1765 4206 1920 4256 huius
1981 4217 2163 4255 muros
2216 4202 2533 4254 extendatur
2579 4199 2813 4265 praediis
