3234 4975
1262 391 1377 440 Lm.
1420 392 1454 439 Ι.

1527 391 1585 439 c,
1626 390 1685 438 n.
2484 382 2563 447 43

1165 751 1794 815 mn-

858 978 987 1042 lam
1030 974 1184 1043 satis
1227 978 1417 1043 terris
1460 978 1625 1043 nivis
1671 988 1866 1067 atque
1909 980 2090 1049 dirae

858 1096 1197 1163 Grandinis
1241 1098 1415 1163 misit
1458 1101 1648 1164 Pater
1690 1110 1756 1166 et
1798 1101 2070 1170 rubente

854 1219 1132 1284 Dextera
1175 1238 1395 1285 sacras
1442 1218 1756 1286 iaculatus
1802 1243 1988 1289 arces

1102 1340 1352 1406 Terruit
1393 1339 1663 1417 Urbem,

854 1460 1103 1526 Terruit
1147 1471 1405 1548 genteS‚
1452 1481 1651 1548 grave
1695 1482 1777 1527 ne
1822 1461 2063 1530 rediret
2515 1493 2556 1531 a)

2518 1471 2550 1489 υ

518 1632 577 1680 ll.
647 1631 811 1679 lnscr.
856 1628 994 1691 volg.
1038 1629 1117 1679 Aa
1158 1630 1437 1680 Caesarem.
1489 1657 1545 1667 -
1589 1631 1668 1681 Aa
1708 1632 1877 1681 divum
1908 1632 2184 1695 Anaia-stum
2217 1636 2273 1686 B.
2319 1664 2371 1673 --
2408 1638 2484 1687 Ad

446 1707 723 1768 Any-usuam
762 1704 886 1755 bSc.
938 1706 1011 1765 (ln
1055 1705 1095 1754 Τ
1128 1705 1274 1768 prior
1296 1706 1565 1769 inscriptio
1588 1707 1828 1764 evanuit3
1865 1709 2132 1758 recentior
2164 1711 2355 1760 estAD
2377 1712 2524 1762 ΔΗΕ.

452 1806 507 1813 -
572 1780 619 1827 4.
655 1779 820 1841 terris]
862 1784 1019 1828 teu-ae
1050 1780 1181 1828 Dan.
1220 1780 1478 1830 Heinsius.
1512 1808 1566 1816 —
1604 1781 1879 1832 zabam
1909 1782 2153 1844 Bbs'rod,
2191 1786 2312 1844 LCt‚
2352 1787 2480 1836 item

450 1852 645 1903 Bentl:
680 1854 878 1903 rubenti
898 1854 1002 1904 Fu.
1044 1854 1123 1916 (Ut
1145 1866 1259 1914 ιιοε,
1284 1854 1350 1915 J.)
1392 1881 1447 1890 --
1484 1855 1533 1903 ὅ.
1568 1856 1729 1918 qunti-r
1759 1857 1818 1906 B.

504 2002 602 2052 Od.
638 2003 701 2051 11.
768 2002 901 2052 Vide
935 2002 1230 2053 Excursum
1262 2003 1301 2053 1.

449 2115 496 2162 4.
553 2113 698 2178 nivis]
749 2114 857 2163 Nos
891 2114 1137 2163 Germani
1172 2112 1427 2163 recorde-

382 2201 506 2237 mur
537 2201 758 2238 necesse
794 2189 878 2238 est
909 2189 960 2237 in
994 2187 1137 2237 Italia
1173 2187 1427 2237 meridio-

382 2260 487 2311 nali
542 2263 719 2311 nivem
773 2260 997 2325 prodigii
1065 2262 1230 2313 instar
1284 2275 1423 2312 esse.

384 2337 551 2386 Etiam
575 2334 851 2386 Mediolani
874 2336 1089 2385 memini
1113 2337 1283 2399 prima
1306 2337 1426 2386 nive

384 2410 660 2460 decidente
685 2423 822 2459 anno
844 2409 1180 2469 MDCCCVII,
1219 2423 1324 2473 quo
1354 2410 1428 2459 ibi

386 2484 578 2536 diutius
601 2484 737 2547 degi,
764 2484 1069 2534 universam
1089 2483 1428 2548 plebeculam

389 2558 493 2609 alto
517 2558 714 2608 ululatu
739 2557 1064 2607 exclamare:
1104 2560 1305 2608 ποιήσω]
1338 2573 1429 2608 ne-

380 2636 523 2683 vica!
580 2661 633 2668 —
687 2633 1045 2696 Reprehendit
1085 2634 1216 2683 Dan.
1266 2634 1430 2683 Hein—

384 2709 494 2759 sius
534 2702 923 2774 σιγματισμὸν
965 2709 1018 2756 et
1058 2708 1427 2771 repetitionem

384 2781 502 2845 syll.
540 2784 585 2831 is
618 2782 975 2845 coniecitqne:
1012 2781 1131 2830 Iam·
1154 2786 1311 2832 tetrae
1343 2783 1428 2831 ni-

383 2858 475 2906 vis.
546 2857 650 2907 Sed
684 2869 846 2919 saepe
882 2854 1180 2906 inevitabile
1216 2855 1313 2905 fuit
1347 2858 1429 2905 vi-

383 2932 514 2980 tium
548 2931 687 2981 istud
720 2931 921 2980 maiore
956 2931 1069 2979 iure
1104 2931 1156 2980 in
1180 2930 1426 2994 Euripide

383 3005 787 3069 reprehensum.
857 3004 962 3054 Cir.
1009 3004 1104 3053 Od.
1152 3006 1201 3065 4,
1248 3006 1330 3065 42,
1366 3007 1423 3054 5:

381 3080 626 3129 umbrosis
654 3080 899 3129 Heliconis
931 3079 1048 3128 ονίε.
1119 3079 1214 3128 Od.
1253 3080 1302 3141 2,
1343 3080 1424 3139 48,

385 3152 471 3203 ⁴4:
513 3155 635 3203 satis
668 3154 838 3203 beatus
868 3154 1030 3202 unicis
1061 3154 1277 3202 Sabinis
1326 3152 1421 3202 Od.

382 3228 431 3287 3,
485 3229 534 3289 7,
581 3228 638 3277 8;
693 3229 865 3277 Multis
907 3229 1145 3277 insomnis
1183 3229 1422 3277 lacrimis.

383 3303 478 3352 Od.
518 3303 567 3362 3,
607 3303 686 3363 44,
725 3303 814 3352 43:
878 3303 948 3351 Tu
982 3307 1124 3365 potes
1155 3303 1306 3366 tigres
1338 3316 1426 3351 co-

381 3378 618 3438 mitesque
654 3377 808 3425 silvas
847 3378 1056 3426 Ducere.
1126 3375 1285 3427 Addit
1320 3377 1421 3425 ΗΡ.

382 3452 522 3513 virg.
560 3453 690 3500 Aen.
729 3451 778 3512 3,
818 3450 937 3500 ⁴36:
975 3450 1230 3500 connubiis
1258 3451 1425 3499 arvis-

381 3540 477 3587 que
516 3525 668 3575 nobis.
751 3526 860 3575 Cic.
907 3523 1037 3575 Phil.
1088 3525 1144 3586 4,
1192 3526 1249 3575 2:
1308 3538 1425 3574 cum

379 3601 460 3649 sui
490 3599 729 3648 similibus
768 3600 924 3649 semis
963 3600 1101 3649 tectis
1141 3613 1203 3649 ac
1235 3600 1427 3661 templis

379 3673 533 3723 ‹av-bis.
559 3701 613 3709 -
635 3674 793 3738 dirae]
833 3673 1218 3724 «funestissima
1255 3687 1425 3737 quae-

381 3760 486 3810 que
520 3747 938 3810 portendentis»,
975 3750 1035 3796 ut
1066 3748 1204 3810 virg.
1233 3749 1419 3809 Georg.

382 3821 431 3881 4,
466 3819 586 3871 488ε
624 3822 723 3870 diri
754 3827 987 3871 cometae.

444 3933 494 3980 2.
525 3933 689 3997 Pater]
728 3934 941 3984 «Divom
966 3937 1117 3995 pater
1149 3936 1300 3994 atquo
1330 3932 1422 3980 ho-

377 4006 567 4055 minum
596 4020 754 4056 rex.»
803 4034 859 4043 —
910 4005 1131 4070 rubente]
1168 4019 1197 4054 a
1234 4018 1423 4069 reper-

380 4091 536 4130 cusso
602 4080 878 4131 fulminum
942 4079 1158 4130 rubore.
1244 4079 1417 4141 (Pind.

381 4152 585 4218 olymp.
622 4155 673 4215 9,
710 4156 766 4203 6:
803 4154 912 4206 Δια
928 4185 958 4195 -
981 4149 1421 4225 φοινικοστερό-

383 4241 508 4276 παν.
545 4227 621 4277 01.
662 4229 743 4287 44,
778 4229 868 4279 80:
908 4225 1289 4299 πυρπάλαμον
1319 4226 1421 4289 βέ-

1499 2001 1603 2066 λος
1652 2001 2017 2074 Opaca-minoe
2059 2003 2232 2069 Διός.)
2301 2008 2547 2060 Formam

1500 2081 1682 2128 autem
1712 2079 1916 2130 rubente
1946 2080 2001 2130 h.
2027 2079 2061 2132 l.
2098 2081 2413 2132 confirmant
2431 2085 2547 2135 Ma-

1500 2153 1609 2203 rius
1652 2154 1948 2204 Victorinus
1991 2167 2044 2218 p.
2098 2156 2215 2207 223.
2285 2156 2441 2208 Gaist.
2496 2161 2550 2207 et

1500 2225 1685 2277 Atilius
1743 2229 2011 2277 Fortunat.
2075 2228 2147 2279 ib.
2210 2242 2262 2293 p.
2317 2230 2430 2280 325.
2490 2257 2546 2267 —

1500 2301 1735 2364 Iuppiter
1755 2301 2082 2365 mgni-ator,
2119 2304 2337 2354 reducta
2363 2304 2547 2354 dextra

1502 2372 1702 2424 fulmen
1744 2374 1989 2435 vibrans,
2034 2380 2093 2426 ut
2134 2380 2219 2427 est
2262 2379 2312 2427 in
2357 2391 2550 2428 monu-

1501 2450 1695 2501 mentis
1713 2451 1958 2515 antiquis,
1985 2452 2070 2502 hic
2093 2451 2248 2503 nohis
2271 2455 2393 2503 ante
2418 2466 2549 2503 ocu-

1499 2522 1579 2573 los
1636 2525 1865 2588 ponitur.
1953 2546 1978 2572 «
2007 2528 2202 2576 Omnes
2259 2526 2544 2576 manubiae

1503 2596 1753 2660 (fulmina)
1799 2598 1952 2649 albae
1998 2602 2052 2649 et
2092 2601 2272 2662 nigrae
2323 2600 2549 2651 Palladis

1502 2685 1625 2722 esse
1683 2672 1955 2732 dicuntur,
2029 2675 2166 2724 lovis
2232 2673 2426 2724 rubrae
2492 2676 2549 2723 et

1501 2746 1879 2807 sanguineae.»
1931 2748 2104 2797 Aenon
2126 2749 2307 2798 Numi
2330 2761 2458 2798 sane
2481 2762 2547 2797 ex

1502 2821 1719 2883 antiquo
1754 2821 2059 2884 interprete.

1567 2893 1616 2943 3.
1653 2894 1877 2944 Iacuiari
1894 2908 2016 2945 cum
2038 2898 2269 2947 accusat.
2289 2898 2386 2957 rei,
2408 2910 2546 2960 quae

1502 2967 1721 3028 teritur,
1775 2970 1946 3020 rarius
1989 2970 2258 3034 reperies,
2312 2974 2546 3023 attamen

1502 3041 1596 3091 Od.
1657 3041 1705 3103 3,
1766 3045 1848 3104 ⁴2,
1917 3045 2005 3093 44;
2074 3045 2293 3094 iaculari
2356 3060 2542 3096 cervo&

1502 3115 1649 3165 ovid.
1697 3118 1814 3167 Am.
1862 3117 1911 3176 3,
1948 3117 1996 3173 3,
2034 3118 2126 3169 35:
2182 3120 2405 3181 Iuppiter
2441 3122 2548 3182 ipse

1498 3203 1614 3238 suos
1646 3191 1781 3240 lucos
1811 3192 2068 3241 iaculatur
2108 3198 2154 3242 et
2195 3207 2360 3253 arces,
2405 3195 2548 3244 tem-

1500 3261 1585 3327 pla
1607 3266 1925 3327 praesertim
1949 3266 2000 3315 in
2026 3266 2279 3330 Capitolio
2314 3269 2539 3318 condita.

1501 3338 1608 3388 Cic.
1649 3339 1716 3388 de
1752 3340 1866 3389 Div.
1896 3340 1943 3401 4,
1983 3341 2070 3389 44ε
2106 3343 2548 3393 Pateraltitoncms

1498 3438 1528 3448 -
1549 3439 1579 3449 -
1602 3413 1894 3475 Capitolinis
1924 3415 2092 3464 iniecit
2120 3416 2312 3465 sedibus
2343 3418 2496 3479 iquos.

1572 3485 1621 3536 4.
1647 3488 1742 3537 Vv,
1769 3490 1987 3539 ter-remi
2009 3489 2201 3539 eadem
2224 3491 2544 3539 constructio

1499 3562 1771 3622 convenit,
1810 3575 1948 3625 quae
1983 3576 2068 3612 vv.
2103 3563 2367 3612 metuendi.
2437 3564 2545 3612 Ex-

1496 3634 1660 3698 plica:
1701 3636 1948 3686 «Terruit
1968 3637 2056 3696 ita,
2094 3639 2154 3686 ut
2175 3637 2437 3695 timerent,
2474 3650 2542 3687 ne

1499 3711 1637 3759 cet.»
1691 3711 1813 3759 Tac.
1852 3710 1981 3760 nist.
2020 3710 2069 3768 2,
2108 3709 2196 3758 63:
2234 3711 2438 3771 terruit,
2481 3724 2545 3761 no

1497 3786 1770 3846 affectaret.
1842 3775 2220 3833 Pseudotihull.
2272 3783 2322 3843 4,
2379 3786 2426 3845 4,
2483 3786 2538 3833 4;

1493 3871 1574 3906 me
1594 3858 1796 3920 coquito
1815 3856 1976 3905 virtus
2000 3856 2191 3918 Torret,
2224 3863 2281 3908 ut
2311 3859 2543 3923 infirmae

1493 3933 1697 3981 vakant
1726 3930 1986 3980 subsistere
2015 3931 2162 3980 vires.

1560 4007 1608 4055 5.
1646 4004 1826 4069 gentes]
1864 4005 2117 4068 «imperio
2140 4006 2376 4056 Romano
2409 4005 2542 4056 sub-

1495 4081 1686 4139 iectaS,
1744 4081 2003 4143 quotquot
2052 4081 2119 4130 de
2164 4081 2246 4131 his
2290 4080 2542 4145 prodigiis

1495 4154 1832 4203 audierant.»
1901 4155 2123 4205 Prorsus
2156 4168 2292 4205 vana
2329 4156 2410 4203 est
2443 4168 2542 4202 ne-

1495 4228 1604 4277 scio
1641 4227 1789 4276 cuius
1825 4228 1960 4277 coni.
1997 4232 2196 4278 montes.
