3234 4975
1278 407 1395 458 [ΑΒ.
1432 409 1496 458 11.

1567 408 1626 457 c.
1664 408 1792 457 vm.
2507 400 2629 465 253

1157 876 1923 941 cmm

796 1046 932 1115 Una
975 1048 1030 1114 si
1077 1046 1235 1112 iuris
1282 1046 1394 1113 tibi
1441 1047 1711 1134 peierati

796 1170 1042 1244 Poena,
1090 1167 1354 1243 Barine,
1400 1167 1734 1234 nocuisset
1780 1189 2100 1255 unquam,

793 1292 997 1356 Dente
1042 1288 1095 1354 si
1141 1288 1325 1375 nigro
1371 1288 1565 1354 fieres
1609 1288 1712 1355 vel
1763 1309 1892 1353 uno

1049 1400 1323 1495 Turpior
1364 1411 1596 1497 ungui,

585 1581 714 1629 vm.
752 1580 918 1630 Inscr.
944 1577 1084 1641 volg.
1116 1578 1191 1627 Ad
1222 1579 1472 1639 Barinen,
1510 1580 1566 1627 et
1599 1579 1678 1629 sic
1699 1579 1799 1629 ΒΤ.
1842 1607 1897 1615 -
1932 1578 2008 1628 Ad
2040 1580 2278 1630 Barim
2313 1580 2423 1645 (sic)
2459 1594 2562 1631 me·-

519 1656 750 1704 retricem
783 1655 834 1703 S.
876 1681 931 1690 —
977 1654 1137 1703 Iuliae
1176 1654 1416 1702 Barim.
1485 1654 1547 1703 In
1583 1655 1896 1704 mercer-icem
1926 1668 2167 1716 rapacem
2206 1668 2269 1704 ac
2295 1657 2562 1717 pertin-am

518 1727 573 1778 b.
606 1755 662 1764 -
698 1728 856 1777 Iuliae
884 1728 1122 1777 Bar-inae.
1160 1728 1217 1776 In
1245 1727 1554 1777 meretricem
1579 1728 1848 1790 periuram
1870 1741 1917 1777 c.
1955 1755 2010 1764 —-
2033 1727 2109 1777 Ad
2133 1728 2318 1778 Iuliam
2337 1729 2562 1779 Barinen

521 1818 551 1853 e
585 1803 766 1854 Bland.
806 1803 894 1854 Cr.
946 1830 1002 1839 —
1046 1805 1095 1853 2.
1132 1804 1321 1852 Barim
1364 1802 1571 1863 bS'I'cd,
1623 1816 1705 1866 pr.
1756 1803 1813 1863 Β,
1853 1815 1989 1851 corr.
2026 1799 2097 1861 ,83
2142 1803 2272 1853 item
2320 1805 2462 1853 LCtF
2507 1806 2561 1854 et

521 1875 723 1927 Bentl.:
762 1878 944 1927 Carine
977 1878 1043 1927 M.
1100 1878 1294 1940 (anona
1327 1889 1455 1941 pars
1490 1875 1752 1927 Codicum
1784 1876 1949 1927 habet
1998 1877 2231 1927 Varine.»
2267 1878 2450 1927 Bmm..
2503 1880 2562 1928 ln

520 1952 561 2001 B
595 1950 692 2001 litt.
730 1951 760 1999 b
794 1964 1063 2016 superscr.
1096 1951 1176 2000 vel
1205 1951 1278 2014 u.)

520 2098 649 2148 VIII.
719 2098 926 2148 Festive
961 2112 1086 2150 cum
1119 2100 1336 2160 Barine,
1376 2113 1504 2164 per-

456 2171 561 2222 fida
593 2171 795 2235 puella,
844 2171 1222 2236 expostulatio,
1274 2186 1437 2237 quam
1472 2187 1501 2223 e

460 2248 666 2297 Graeco
701 2245 991 2310 exemplari
1034 2247 1250 2297 ductam
1285 2248 1503 2311 quidam

457 2321 572 2370 sine
605 2318 709 2370 nlla
743 2332 902 2369 causa
936 2321 1034 2370 rati
1069 2322 1208 2370 sunt.
1279 2322 1504 2386 Tempo-

458 2396 533 2446 ris
565 2393 705 2444 nulla
738 2395 879 2445 inest
911 2395 1239 2457 significatio.

523 2506 569 2554 l.
615 2506 929 2556 «scenicum
961 2505 1310 2570 principium;
1347 2506 1505 2557 intel-

457 2578 730 2642 ligendum
775 2580 917 2629 enim
969 2578 1176 2644 aliquos
1223 2592 1503 2631 sermones

454 2654 843 2719 praecessisse,
892 2653 1087 2717 quibus
1131 2655 1320 2703 Barine
1366 2656 1503 2704 haec

457 2732 675 2779 noctem
699 2730 779 2779 sui
804 2730 919 2777 iure
944 2728 1167 2777 iurando
1192 2729 1503 2792 interposito

456 2804 789 2868 promiserit:
817 2802 1030 2862 deinde,
1056 2804 1345 2866 postquam
1363 2802 1508 2853 fefel-

458 2876 603 2936 lerit,
657 2879 781 2926 tunc
820 2878 875 2927 in
919 2877 1054 2926 haec
1086 2875 1252 2926 verba
1288 2879 1505 2941 poetam

458 2952 755 3015 erupisse.»
780 2953 1028 3001 Ponrnrn.
1054 2977 1108 2986 —-
1135 2951 1262 2999 iuris
1274 2951 1505 3015 peierati]

456 3025 535 3075 Ex
566 3024 805 3088 analogia
839 3038 890 3074 v.
922 3026 1002 3074 ius
1032 3026 1306 3074 iurandum
1346 3038 1503 3085 nove,

456 3100 518 3149 ut
549 3099 778 3161 videtur,
830 3098 959 3148 dixit
990 3100 1069 3148 ius
1102 3100 1386 3161 peter-atum
1407 3112 1508 3163 pro

448 3175 696 3236 periurio.
734 3177 909 3224 Acron
932 3174 1152 3238 quidem
1171 3174 1325 3224 affert
1347 3175 1508 3223 etiam

454 3247 584 3296 itu-is
627 3248 814 3311 iurati,
866 3262 1056 3299 verum
1104 3250 1218 3298 sine
1265 3250 1504 3298 auctore.

456 3322 782 3383 Ennianum,
826 3326 887 3372 ut
918 3322 1085 3372 voluit
1117 3323 1362 3388 quidam,
1400 3336 1509 3374 non

459 3400 561 3448 est.

523 3510 574 3558 2.
610 3508 813 3573 Bao-ine]
850 3507 1017 3559 Valde
1063 3509 1355 3560 haeserunt
1397 3508 1504 3558 VV.

460 3585 569 3635 DD.
598 3585 652 3633 in
687 3584 793 3634 hoc
826 3585 1060 3644 nomine,
1098 3583 1244 3646 quod
1266 3583 1394 3646 ipsis
1420 3595 1511 3632 ne-

458 3671 565 3721 que
613 3660 877 3708 Graecum
922 3671 1025 3708 nec
1072 3658 1315 3719 Latinum
1357 3657 1509 3706 vide·

458 3731 647 3791 batur3
698 3730 941 3801 βαρῖνος
975 3732 1195 3795 quidem
1231 3735 1315 3781 est
1344 3732 1506 3795 piscis

458 3818 653 3869 genus3
688 3802 943 3875 βάρυνος
976 3820 1105 3857 vero
1130 3806 1242 3855 sive
1266 3803 1507 3876 βαρινος

457 3878 602 3942 apud
636 3879 807 3929 Schol.
832 3883 931 3944 Ap.
958 3880 1127 3931 Rhod.
1154 3882 1221 3942 2„
1248 3882 1362 3931 780.
1399 3881 1506 3930 huc

458 3952 596 4002 trahi
631 3954 830 4017 nequit.
900 3955 1099 4005 Verum
1135 3968 1258 4005 cum
1293 3968 1359 4004 ex
1391 3952 1505 4003 aliis

457 4039 674 4089 quoque
698 4027 999 4078 nationibus
1021 4028 1318 4093 permultae
1342 4027 1507 4077 liber-

458 4103 543 4151 tae
579 4105 865 4165 quaestum
901 4104 1139 4167 corporis
1173 4105 1370 4153 Romae
1410 4115 1506 4151 ex-

458 4178 729 4236 ercerent,
785 4177 966 4241 quidni
1015 4175 1146 4227 tales
1191 4176 1503 4241 peregrinae

459 4262 554 4299 sua
597 4250 812 4301 nomina
860 4251 1199 4310 retinuerint,
1253 4262 1505 4313 praeser-

1573 2100 1669 2149 tim
1705 2112 1830 2149 cnm
1863 2099 2021 2149 huius
2055 2101 2204 2149 certe
2239 2112 2406 2150 sonus
2440 2101 2628 2162 gratis·-

1572 2175 1742 2224 simus
1775 2175 1880 2223 sit?
1933 2174 2118 2224 Iuliam
2160 2174 2383 2223 Bao-inan
2428 2178 2626 2225 vocant

1573 2248 1742 2298 Codd,
1763 2247 2000 2298 Blandin.
2026 2246 2238 2311 aliique,
2266 2261 2372 2311 qua
2394 2250 2626 2298 auctori-

1572 2324 1680 2372 tate
1706 2323 2028 2383 ignoramus.
2053 2322 2212 2371 Varia
2228 2326 2625 2385 proposuerunt

1574 2397 1779 2455 Critici,
1837 2395 1984 2446 velut
2028 2395 2199 2446 Faber
2249 2396 2441 2444 Earine
2486 2396 2620 2458 (Cfr.

1572 2469 1790 2521 Martial.
1828 2469 1885 2531 9,
1924 2468 2176 2531 ⁴244),
2213 2469 2276 2519 Η.
2303 2469 2619 2535 Peerlkamp

1572 2545 1789 2594 Barcino
1803 2545 2017 2607 (nomen
2039 2547 2124 2593 est
2148 2543 2390 2607 captivae
2422 2544 2490 2594 ab
2505 2543 2623 2595 Ale-

1572 2618 1780 2668 xandro
1835 2620 2060 2668 amatae.
2131 2618 2311 2667 lustin.
2364 2618 2452 2677 Η,
2507 2619 2620 2679 2.);

1574 2692 1779 2744 Withof
1811 2692 2004 2741 Iber-ine
2038 2703 2104 2739 ex
2136 2688 2382 2740 Iuvenale
2418 2692 2522 2740 Sat.
2562 2691 2620 2752 6,

1575 2768 1667 2817 53:
1727 2768 1860 2815 Unus
1901 2765 2129 2815 Iber-inae
2171 2764 2254 2813 vir
2298 2764 2519 2828 sufficit?
2567 2792 2622 2801 —

1573 2841 1832 2905 nocuisset]
1883 2838 2191 2890 Credebant
2233 2839 2474 2900 veteres,
2529 2852 2626 2889 eos

1576 2916 1666 2979 qui
1714 2914 1846 2964 deos
1891 2913 2182 2978 peierando
2221 2911 2435 2963 laedere
2468 2914 2624 2963 veriti

1576 3003 1686 3040 non
1720 2990 1929 3048 essent,
1983 2985 2158 3051 aliqua
2199 2988 2438 3051 corporis
2471 2989 2625 3052 parte

1577 3062 1807 3115 mutilari
1856 3060 2245 3125 debilitarique.
2305 3064 2456 3111 Tonn.
2513 3061 2621 3112 Cfr.

1577 3138 1726 3188 Ovid.
1764 3140 1944 3188 Amor.
1983 3137 2039 3197 3,
2078 3137 2134 3197 3,
2174 3138 2230 3185 ⁴:
2266 3137 2385 3187 Esse
2416 3138 2547 3198 deos,
2583 3137 2620 3198 i,

1575 3213 1735 3262 crede.
1773 3212 1944 3262 Fidem
1964 3211 2138 3260 iurata
2156 3211 2350 3274 fefellit:
2386 3213 2452 3261 Et
2470 3212 2626 3275 facies

1575 3286 1678 3347 tui,
1715 3298 1845 3348 quae
1874 3286 1973 3348 fuit
2005 3290 2149 3347 ante,
2185 3290 2369 3335 manet.

1644 3361 1690 3410 3.
1729 3359 1778 3411 4.
1817 3362 1974 3410 Dente
2005 3361 2049 3409 si
2078 3360 2243 3423 nigro]
2281 3360 2366 3409 Sic
2400 3358 2627 3409 menda-

1579 3433 1732 3484 cibus
1783 3433 2022 3498 pustulas
2066 3434 2120 3483 in
2164 3437 2401 3483 extrema
2452 3431 2625 3494 lingua

1576 3507 1662 3558 vel
1681 3508 1734 3557 in
1752 3520 1883 3557 naso
1908 3521 2223 3558 excrescere
2249 3503 2620 3569 opinabantur.

1576 3582 1802 3631 Theocr.
1830 3582 1887 3642 9,
1914 3582 1996 3631 30.
2026 3583 2087 3631 42
2104 3619 2116 3641 ,
2141 3581 2223 3631 24.
2259 3605 2313 3615 -
2338 3579 2455 3641 uno]
2485 3578 2628 3628 refer

1578 3656 1740 3706 etiam
1782 3653 1850 3705 ad
1893 3668 1944 3704 v.
1982 3656 2137 3704 dente.
2182 3680 2236 3689 -—
2271 3652 2446 3716 ungui]
2498 3665 2625 3702 «re-

1577 3728 1735 3779 duvia
1767 3728 1854 3779 vel
1887 3726 2111 3778 maculis
2141 3726 2488 3777 deformato.»
2524 3726 2628 3776 Ad-

1578 3805 1800 3855 modum
1849 3801 2071 3853 ridicule
2132 3813 2401 3851 nonnemo
2454 3813 2627 3864 nuper

1577 3878 1826 3940 cogitavit
1859 3876 1927 3926 de
1957 3873 2148 3926 morbo
2172 3872 2285 3934 illo,
2323 3886 2487 3937 quem
2510 3873 2627 3925 Cel-

1576 3965 1670 4001 sus
1705 3952 1765 4011 7,
1803 3951 1862 4010 7,
1900 3949 1948 4000 4.
1987 3950 2406 4011 vocatunyuem,
2444 3949 2626 3999 Graeci

1576 4021 1898 4096 πτερύγων,
1932 4022 2332 4072 ηιοηιϋναηαιαηι
2362 4035 2627 4073 nervosam

1576 4098 1891 4163 (Naqdfell),
1945 4111 2076 4159 quae
2121 4098 2286 4148 oriens
2330 4097 2394 4146 ab
2439 4097 2625 4161 anmalo

1574 4185 1936 4235 nonnunquam
1992 4173 2061 4221 ad
2121 4173 2369 4235 pupillam
2432 4184 2626 4233 quoque

1568 4248 1798 4310 pervenit
1831 4248 1973 4310 eique
2005 4246 2173 4310 officit.
