3234 4975
649 429 775 495 386

1420 426 1679 478 HoRATn
1715 424 2055 478 CAaumtm

1151 581 1513 671 Torquibus
1557 582 1807 671 exiguis
1851 580 2120 648 renidet.

983 764 1197 828 Paene
1241 771 1622 847 occupatam
1665 758 2091 826 seditionibus

979 882 1230 950 Delevit
1270 881 1510 950 Urbem
1552 882 1770 948 Dacus
1813 890 1879 947 et
1922 879 2261 966 AethiopS‚

1065 1005 1185 1071 Hic
1228 1002 1438 1070 classe
1482 1001 1891 1079 formidatus,
1941 998 2046 1067 ille

2728 997 2809 1063 ⁴5

1145 1123 1491 1190 Missilibus
1536 1121 1767 1190 melior
1810 1121 2074 1209 sagittis

976 1300 1279 1368 Fecunda
1321 1298 1551 1387 culpae
1596 1297 1822 1367 secula
1860 1297 2118 1386 nuptias

975 1421 1258 1488 Primum
1302 1420 1724 1508 inquinavere
1768 1429 1834 1485 et
1876 1439 2081 1506 genus
2129 1426 2195 1484 et
2237 1416 2505 1497 domos;

633 1676 836 1740 vienus)
852 1675 1072 1726 retundit
1085 1674 1371 1724 Antonium.
1396 1673 1520 1722 Tac.
1539 1673 1677 1722 Anu.

634 1752 695 1813 t,
731 1750 825 1803 46:
879 1750 1095 1798 conmisit
1142 1748 1386 1797 structum
1433 1745 1675 1809 gentibus.

699 1827 781 1875 ⁴2.
854 1821 1150 1886 Tor-quibus]
1210 1817 1520 1870 «Tenuibus
1579 1817 1679 1871 illis

631 1897 913 1961 torquibus
947 1897 1149 1956 aureis,
1205 1896 1295 1958 qui
1330 1895 1520 1945 unicus
1554 1908 1680 1958 gre-

633 1973 901 2037 gariorum
933 1969 1156 2021 militum
1180 1969 1321 2033 apud
1351 1970 1573 2020 Parthos
1597 1982 1683 2018 or-

632 2049 788 2098 natus
823 2045 1019 2105 fuerat,
1063 2043 1292 2094 exsultat
1325 2057 1466 2093 nunc
1498 2056 1683 2094 acces-

631 2120 766 2171 sisse
801 2119 1019 2169 divitem
1041 2116 1299 2182 praedam
1328 2119 1677 2168 Romanam.»

634 2220 692 2231 —
739 2193 944 2256 renidet]
1000 2193 1143 2242 «Non
1192 2193 1308 2242 sine
1358 2190 1680 2243 contumelia

629 2269 684 2319 in
714 2267 981 2318 Romanos
1024 2267 1233 2316 ridente
1280 2264 1424 2316 voltu
1470 2268 1682 2330 spectat

631 2345 876 2392 ornatum
910 2353 1070 2392 suum
1105 2343 1381 2404 tantopere
1406 2343 1677 2391 auctum.»

696 2415 871 2466 43-46.
906 2416 1082 2479 Paene]
1123 2414 1348 2467 «Urbem
1371 2416 1544 2478 ipsam
1567 2414 1680 2465 dis-

630 2491 893 2543 sidentem
936 2504 1002 2541 ac
1042 2490 1230 2541 studiis
1272 2491 1534 2540 intestinis
1567 2490 1681 2541 dis-

629 2568 856 2616 tractam
899 2577 1073 2629 paene
1120 2564 1344 2616 exscidit
1385 2565 1675 2624 Antonius;

630 2653 692 2691 ea
739 2640 937 2704 potitus
982 2642 1153 2699 esset,
1206 2639 1251 2690 si
1286 2637 1431 2702 apud
1465 2639 1678 2688 Actium

627 2715 797 2765 victor
846 2714 1122 2765 evasisset.
1143 2730 1168 2758 n
1240 2713 1372 2763 Daci
1388 2750 1400 2773 ,
1460 2713 1679 2775 sagitta-

628 2790 718 2849 rii,
767 2786 836 2838 ab
871 2788 1155 2838 Octaviano
1197 2787 1363 2850 spreti
1409 2786 1480 2837 ad
1512 2789 1679 2836 Anto-

629 2863 778 2913 nium
809 2861 1206 2913 inclinaverant.
1278 2862 1390 2924 (Dio
1433 2862 1524 2922 5⁴,
1572 2861 1675 2922 22.)

629 2938 771 3000 virg.
825 2938 916 2987 Ge.
964 2938 1027 2997 2,
1081 2935 1201 2987 497:
1264 2936 1363 2985 Aut
1415 2937 1679 2986 curtim-ato

631 3011 921 3061 &scenam
952 3011 1125 3060 Dacus
1156 3009 1221 3058 ab
1264 3010 1410 3059 Istro.
1446 3010 1578 3060 Aen.
1616 3012 1675 3071 8,

631 3085 758 3134 705:
810 3084 970 3134 munis
1010 3096 1068 3133 eo
1112 3089 1303 3133 terrore
1341 3083 1590 3147 Aemtus
1633 3090 1682 3135 et

630 3158 742 3208 Indi
756 3196 775 3220 ,
835 3159 1005 3207 onmis
1054 3158 1247 3220 ArabS,
1306 3171 1473 3209 omnes
1513 3164 1680 3210 verce-

631 3234 755 3284 bent
784 3238 930 3296 terya
960 3232 1161 3283 Sabaei.
1196 3234 1519 3297 Aegyptios,
1566 3236 1679 3285 An-

632 3308 762 3359 tonii
811 3305 1138 3366 classiarios,
1197 3309 1404 3370 poetice
1458 3311 1681 3373 propter

632 3382 959 3433 vicinitatem
992 3381 1280 3445 Aethiopes
1312 3384 1487 3432 vocat.
1545 3385 1681 3434 Nam

634 3457 735 3522 ipsi
749 3456 1058 3520 Aethiopiae
1082 3454 1166 3505 ille
1191 3469 1297 3506 non
1318 3457 1676 3521 imperitabat.

634 3529 770 3582 Plut.
816 3532 934 3580 Ant.
983 3530 1076 3579 64:
1138 3525 1399 3596 (Λιβύης)
1446 3527 1519 3582 τὰ
1560 3525 1681 3582 ἀπὸ

628 3600 902 3690 Κυρήνης
921 3604 1128 3675 μέχρις
1149 3602 1455 3668 Αἰθιοπίας
1491 3601 1679 3671 (εἶχεν)

628 3672 1040 3741 Ἆντώνιος.-
986 3680 1266 3744 —meliorJ
1302 3682 1590 3751 κρείττων.

700 3755 781 3804 47.
833 3754 1066 3804 Fecunda
1105 3754 1297 3817 culpae]
1344 3755 1457 3806 Iam
1492 3769 1683 3809 causas

633 3827 827 3879 harum
858 3827 1217 3879 calamitatum
1251 3831 1483 3894 exponit.
1544 3832 1684 3881 «De-

635 3904 893 3966 generant
947 3902 1175 3954 familiae
1238 3905 1460 3968 propter
1509 3905 1682 3956 omnis

635 3976 845 4038 generis
892 3974 1163 4039 libidines,
1216 3976 1411 4040 quibus
1451 3980 1679 4042 uterque

634 4060 793 4099 sexus
836 4048 1096 4102 obnoxius
1146 4052 1280 4102 est.»
1358 4053 1543 4117 Neque
1584 4066 1681 4103 ve-

633 4135 695 4172 ro
729 4119 1089 4174 obliviscenda
1123 4124 1552 4190 frequentissima
1580 4125 1679 4179 illis

633 4195 965 4260 temporibus
1008 4197 1232 4250 divortia
1273 4213 1336 4249 ac
1369 4201 1593 4266 repudia
1625 4204 1681 4252 et

634 4270 964 4321 matrimonia
989 4274 1135 4323 omni
1168 4274 1329 4324 modo
1353 4273 1563 4326 violata.
1605 4275 1682 4324 Si-

1752 1669 1853 1722 lius
1898 1672 1962 1732 2,
2010 1670 2138 1723 498:
2196 1671 2482 1721 Faciundum
2513 1671 2570 1720 in
2599 1671 2807 1735 fraudes

1751 1747 2005 1797 hominm
2034 1759 2207 1810 genus.

1820 1820 1900 1871 48.
1935 1819 2106 1885 oenus]
2144 1820 2382 1870 «Bonum
2414 1820 2558 1883 paris
2593 1820 2803 1883 sangui-

1753 1896 1858 1956 nis,
1903 1893 2064 1947 alieni
2109 1894 2280 1945 coitus
2313 1893 2637 1944 admixu‘one
2683 1893 2803 1958 pol-

1751 1969 1973 2019 lutum.»
2031 1968 2206 2018 Aenon
2239 1969 2439 2018 Nmu.
2509 1969 2670 2018 Recte
2707 1980 2804 2017 ex-

1751 2043 1945 2109 plices:
1970 2055 2147 2106 penus,
2175 2043 2516 2106 sanguinem,
2543 2043 2801 2107 stirpem;

1753 2119 1945 2179 domos,
1984 2130 2172 2168 omnes
2205 2118 2441 2168 rationes
2475 2116 2804 2168 domesticas

1753 2194 1892 2243 inter
1924 2192 2176 2254 coniuges
2210 2204 2274 2241 ac
2301 2189 2531 2252 liberos,
2571 2192 2640 2241 ad
2664 2204 2801 2254 quos

1751 2267 1953 2317 sensim
2000 2278 2031 2316 a
2076 2264 2386 2328 parentibus
2442 2266 2632 2316 transit
2675 2279 2802 2315 cor-

1751 2338 1976 2404 ruptela.
2013 2337 2260 2389 Ambros.
2288 2340 2420 2403 Opp.
2448 2341 2504 2389 T.
2524 2341 2573 2389 2.
2599 2352 2655 2403 p.
2684 2338 2800 2389 484.

1752 2414 1820 2464 de
1857 2412 2083 2463 Herodis
2118 2411 2252 2462 filia:
2294 2414 2423 2475 Quid
2445 2414 2576 2463 enim
2601 2417 2806 2475 poterat

1750 2492 1811 2540 de
1842 2490 2076 2539 mullera
2111 2488 2316 2551 (matre)
2352 2489 2541 2540 discere
2571 2490 2669 2538 nisi
2700 2490 2801 2539 da-

1749 2580 1923 2616 mnum
1947 2565 2162 2627 madoris
2178 2563 2206 2613 P

1815 2641 1898 2690 20.
1952 2640 2010 2689 In
2047 2639 2278 2700 patriam
2312 2638 2670 2702 pomumque]
2716 2638 2801 2688 «in

1749 2727 1866 2764 rem
1889 2713 2160 2778 publicam
2184 2715 2238 2763 et
2262 2713 2316 2761 in
2338 2710 2572 2774 singulos
2597 2712 2800 2762 cives.»

1749 2789 1977 2852 Antiqua
1995 2791 2078 2838 est
2098 2786 2339 2838 formula.
2367 2787 2476 2836 Liv.
2495 2787 2545 2847 ὅ,
2571 2783 2661 2836 4⁴:
2688 2790 2803 2836 sum

1751 2864 1839 2924 qui
1851 2888 1876 2899 -
1888 2888 1912 2899 -
1926 2862 2174 2912 devovisse
2189 2873 2270 2911 eos
2288 2860 2542 2922 (seniores
2566 2860 2622 2910 in
2646 2859 2799 2911 clade

1752 2936 2028 2988 Gallicae.
2067 2949 2120 2985 ιι.
2158 2949 2207 2986 c.
2246 2933 2380 2998 365.)
2416 2935 2802 2997 sepropatria

1754 3011 2124 3074 Quiritibusque
2143 3008 2380 3060 Rotnams
2401 3008 2626 3058 tradam
2647 3007 2797 3059 Ovid.

1750 3088 1966 3136 Metam.
1994 3086 2083 3145 45,
2121 3084 2247 3133 572:
2281 3083 2486 3133 Patriae
2508 3082 2696 3140 laem
2708 3095 2804 3144 po-

1741 3161 1964 3222 putoque
2019 3157 2217 3220 Quirini
2260 3183 2290 3195 -
2333 3182 2362 3194 -
2405 3155 2795 3207 sit.1uvenal.

1833 3234 1986 3296 ,70:
2041 3233 2257 3282 Gratim
2287 3236 2386 3293 est,
2433 3231 2568 3291 quod
2590 3232 2799 3293 pau-iae

1750 3309 1907 3360 civem
1930 3307 2217 3370 populoque
2238 3306 2428 3356 dedisti.
2466 3306 2526 3354 In
2547 3308 2799 3355 senatum

1750 3384 1929 3434 invehi
1964 3384 2109 3432 certe
2140 3381 2377 3445 prudens
2400 3378 2619 3430 nolebat
2638 3380 2797 3443 poeta

1753 3470 1819 3508 eo
1853 3455 2043 3517 modo,
2092 3456 2185 3518 qui
2215 3454 2414 3520 placuit
2444 3452 2709 3514 Bentleio,
2746 3453 2802 3502 et

1751 3530 2210 3594 languidissimum
2269 3541 2399 3580 sane
2463 3527 2603 3579 foret
2655 3526 2798 3578 istud

1818 3679 1874 3730 24
1889 3717 1900 3728 .
1923 3679 2091 3729 Holus
2103 3702 2159 3714 --
2173 3676 2379 3741 Ionicos]
2395 3678 2627 3727 Auctore
2642 3674 2803 3725 Athe-

1753 3766 1889 3805 naeo
1920 3753 1968 3802 4.
1992 3765 2044 3817 p.
2073 3752 2138 3802 22
2168 3750 2225 3800 b.
2251 3744 2289 3815 ἡ
2311 3743 2531 3815 Ἰωνικὴ
2556 3743 2800 3821 ὄρχησις

1753 3831 1807 3879 in
1834 3829 1898 3878 iis
1932 3826 2001 3878 ab
2033 3826 2345 3877 Aristoxeno
2379 3825 2796 3884 memorabatur,

1753 3916 1893 3966 quae
1927 3896 2024 3951 διὰ
2055 3895 2162 3965 τὴν
2191 3895 2305 3948 τῶν
2337 3896 2546 3970 χειρῶν
2566 3900 2799 3964 κίνησιν

1753 3977 1948 4028 ceteris
1972 3975 2323 4039 praestarent.
2366 3973 2634 4037 Aristoph.
2659 3972 2800 4022 Tbe—

1752 4051 1963 4115 smoph.
2023 4048 2149 4098 463:
2201 4046 2430 4110 Ibycus,
2482 4048 2795 4104 Anacreon,

1751 4124 1976 4177 Alcaeus
2009 4116 2438 4206 ἐμιτροφόρουν
2469 4136 2533 4171 τε
2564 4121 2666 4171 καὶ
2693 4117 2802 4170 διε-

1750 4193 1948 4249 κλῶντ’
1976 4191 2255 4258 Ἰωνικῶς.
2304 4196 2632 4259 Hesychius:
2681 4187 2799 4242 Ἰω-

1749 4269 1942 4333 νικόν,
1989 4267 2277 4345 τρυφερὸν
2310 4265 2354 4337 ἢ
2386 4272 2513 4342 περὶ
2555 4266 2660 4321 τοῦ
2693 4283 2800 4319 κα-
