3234 4975
1169 412 1285 463 ua.
1326 414 1361 463 ι.
1437 416 1491 463 c.
1532 414 1635 464 xn.
2456 412 2526 479 8¹

808 571 1050 638 Crescit
1092 569 1342 637 occulto
1387 570 1561 637 velut
1602 569 1797 637 arbor
1841 593 2001 637 aevo
2456 575 2537 638 45

810 696 1003 759 Fama
1046 690 1355 771 Marcelli3
1400 692 1593 759 micat
1636 693 1800 758 inter
1842 713 2067 759 omnes

810 813 1038 879 lulium
1080 813 1261 879 sidus
1305 812 1478 879 velut
1521 814 1686 879 inter
1729 814 1909 901 ignes

518 955 597 1007 46.
635 957 794 1005 munis
825 956 880 1004 B.
925 981 980 990 —
1017 954 1097 1006 47.
1133 955 1316 1005 [utinam
1345 954 1498 1018 sidus]
1531 957 1784 1005 octaviani
1817 958 2037 1006 caesaris
2067 971 2229 1022 supra
2258 973 2473 1011 versum

453 1030 523 1080 ab
560 1030 676 1081 ead.
714 1044 786 1080 m.
825 1031 881 1080 T.
924 1057 977 1065 —
1013 1031 1153 1094 ianas
1182 1043 1450 1095 superscr.
1487 1031 1507 1079 ι·
1541 1032 1599 1090 Β,
1636 1031 1767 1094 iqui-s
1798 1032 1852 1080 Τ.

389 1152 604 1210 Quodsi,
630 1153 689 1200 ut
704 1150 933 1201 libenter
948 1150 1186 1202 concedo
1208 1151 1428 1202 Frankio

389 1229 445 1275 et
491 1225 761 1286 Liibkero,
811 1225 914 1275 hoc
959 1238 1176 1276 carmen
1219 1227 1430 1275 circiter

388 1314 436 1348 a.
474 1301 589 1349 729.
615 1299 980 1363 ‘compositum
1004 1303 1102 1361 est,
1139 1301 1274 1351 haec
1295 1301 1432 1350 Mar-

388 1374 507 1424 celli
542 1376 700 1425 etiam
736 1376 950 1426 iunioris
991 1388 1095 1426 non
1131 1376 1307 1426 dicam
1338 1388 1431 1425 re-

389 1449 650 1509 cordatio,
702 1463 891 1500 verum
937 1451 1109 1514 potius
1159 1452 1314 1500 tacita
1366 1463 1429 1499 ac

388 1524 631 1573 modesta
653 1525 981 1585 significatio,
1007 1526 1278 1589 aptissima
1295 1526 1426 1583 erat,

388 1600 508 1663 post
542 1598 919 1649 adolescentuli
952 1613 1080 1649 vero
1102 1602 1330 1651 mortem
1354 1600 1431 1650 sic

389 1674 504 1723 sine
539 1672 640 1722 ulla
676 1686 895 1737 prorsus
928 1676 1144 1736 Augusti
1188 1673 1432 1724 consola·-

388 1748 529 1798 tione
581 1747 758 1797 addita
813 1748 966 1799 nimis
1013 1749 1197 1811 frigida
1246 1748 1432 1798 fuisset

389 1826 444 1873 et
462 1822 745 1885 negligens.
782 1821 1051 1889 Διλογιαν
1069 1828 1248 1874 autem
1267 1836 1433 1886 quan-

389 1896 542 1957 dam,
597 1899 696 1948 etsi
748 1898 834 1947 odi
880 1899 1247 1949 Baxterianam
1293 1899 1430 1948 hanc

389 1972 642 2035 figuram,
696 1974 748 2023 in
794 1987 880 2024 vv,
926 1976 983 2024 et
1012 1975 1174 2024 Fama
1205 1975 1432 2025 Marcelli

390 2048 445 2096 et
475 2049 656 2097 Iulium
699 2048 834 2098 sidtu-5
877 2062 1228 2112 agnoscamus
1261 2063 1429 2114 prope

388 2133 612 2171 necesse
652 2124 749 2171 est.
805 2124 1031 2187 Dempto
1055 2124 1210 2185 igitur
1241 2127 1431 2174 ornatu

390 2198 596 2260 poetico
626 2197 729 2245 hoc
752 2197 900 2247 dicit:
940 2199 1127 2247 «Grata
1150 2201 1431 2263 posteritas

390 2284 605 2334 semper
660 2272 826 2333 magis
883 2273 1156 2335 magisque
1207 2273 1433 2322 honorat

391 2346 704 2395 memoriam
756 2345 984 2396 Marcelli
1028 2345 1163 2397 illius
1209 2348 1427 2409 antiqui,

390 2421 549 2469 etiam
601 2422 821 2484 propter
869 2423 1085 2484 Augusti
1135 2435 1201 2472 ex
1246 2434 1430 2471 sorore

391 2498 642 2559 nepotem
687 2496 946 2546 avunculo
993 2501 1048 2546 et
1092 2497 1286 2562 populo
1321 2500 1430 2548 tam

390 2583 626 2619 carum.»
669 2599 723 2606 —-
766 2572 897 2620 inter
941 2573 1122 2637 omnes]
1171 2571 1251 2622 Ad
1296 2575 1433 2636 ique-5

389 2658 439 2692 v,
466 2658 581 2706 seq.
609 2645 795 2694 referri
817 2646 1017 2709 nequit,
1057 2647 1154 2697 sed
1177 2648 1280 2697 hoc
1301 2645 1426 2696 volt:

393 2719 551 2768 uenter
590 2733 755 2768 omnes
796 2719 962 2770 duces
1003 2721 1264 2771 Romanos
1305 2722 1436 2770 emi-

393 2796 499 2852 net,
537 2792 745 2843 excellit
765 2794 917 2845 divus
940 2794 1149 2857 Iulius»,
1186 2809 1292 2859 qua
1314 2808 1434 2846 sen-

392 2868 552 2915 tentia
589 2868 713 2917 nihil
749 2868 1042 2918 detrahitur
1063 2872 1313 2933 Augusto,
1351 2882 1437 2918 or·-

395 2939 475 2990 bis
499 2944 763 2992 terrarum
798 2945 990 2993 rectori
1013 2982 1024 3005 ,
1064 2946 1305 2995 Caesaris
1327 2944 1432 2994 filio

393 3017 636 3081 adoptivo
655 3056 666 3078 ,
704 3031 868 3081 quem
902 3019 971 3068 ita
1004 3019 1289 3069 irradiabat
1320 3020 1436 3070 Iulii

391 3093 563 3141 sideris
595 3091 864 3156 splendor,
900 3095 960 3142 ut
993 3108 1118 3145 cum
1138 3097 1293 3159 pater
1313 3108 1437 3159 pro-

389 3166 528 3215 xime
581 3167 997 3228 significaretur,
1053 3169 1165 3233 ipse
1218 3182 1430 3233 quoque

392 3242 503 3290 eius
537 3241 754 3291 laudum
788 3243 1053 3307 particeps
1088 3244 1256 3294 fleret.
1332 3245 1432 3306 (Sic

393 3317 589 3367 Drusus
625 3321 678 3368 et
701 3320 1045 3369 Germanicus
1069 3321 1248 3371 Ovidio
1272 3320 1421 3369 Trist.

389 3392 438 3450 Ξ,
478 3392 597 3440 ⁴67:
635 3393 771 3443 sidus
801 3394 1053 3458 iuvenile.)

454 3541 534 3592 47.
594 3542 775 3592 Iulium
806 3544 940 3593 sidus
971 3545 1146 3594 minus
1179 3547 1326 3595 recte
1361 3545 1429 3595 de

393 3616 653 3676 Marcello,
691 3618 782 3680 qui
815 3630 1088 3680 nunquam
1131 3620 1180 3668 in
1215 3622 1430 3682 gentem

392 3690 571 3740 Iuliam
619 3690 897 3755 adoptatus
943 3694 1026 3743 est
1070 3692 1139 3741 ab
1174 3696 1425 3757 Augusto,

391 3764 712 3827 interpretati
748 3768 872 3815 sunt
905 3767 1213 3817 Sanadonus
1259 3772 1312 3819 et
1343 3771 1429 3818 la-

392 3850 504 3887 nus.
540 3840 740 3889 Verum
764 3838 950 3890 lulium
974 3843 1260 3892 Caesarem
1283 3857 1433 3907 pror-

393 3925 481 3962 sus
500 3916 786 3977 praeterire
810 3918 863 3965 et
897 3919 1114 3979 propter
1133 3919 1426 3980 Augustum

393 3989 443 4035 et
489 3992 705 4050 propter
751 3990 920 4052 ipsam
967 3992 1230 4053 poeticam
1267 3993 1428 4040 ratio-

391 4074 511 4110 nem
536 4063 709 4112 minus
732 4065 914 4125 aptum
939 4064 1134 4115 fuisset.
1189 4066 1426 4116 Parentis

390 4138 566 4185 autem
612 4135 863 4200 splendor
906 4152 1010 4190 una
1056 4139 1219 4189 filium
1254 4143 1428 4203 Augu-

391 4211 528 4259 stum
582 4209 801 4262 illustrat
849 4226 1143 4277 omnesque
1196 4228 1423 4266 consan-

390 4286 633 4345 guinitate
669 4301 792 4337 cum
827 4302 892 4339 eo
926 4291 1251 4348 coniunctos,
1291 4291 1425 4340 inter

555 4380 737 4427 Honn.
771 4393 881 4426 vot..
915 4383 945 4428 l.
1008 4394 1084 4428 sn.
1118 4394 1270 4428 {mon
1300 4382 1372 4427 lll.

1502 1164 1639 1214 quos
1674 1154 1800 1202 tunc
1834 1152 2121 1203 eminebat.
2190 1156 2268 1205 De
2310 1158 2541 1220 Augusto

1502 1224 1614 1275 solo
1635 1227 2009 1288 interpretatus
2032 1230 2115 1278 est
2136 1229 2382 1289 Ouwens3
2422 1246 2545 1282 con-

1502 1301 1582 1348 tra
1616 1299 1686 1348 de
1721 1302 1830 1349 tota
1863 1303 2019 1363 gente
2054 1301 2178 1351 lulia
2204 1304 2428 1355 Liibker.
2466 1308 2542 1357 De

1502 1370 1651 1422 stella
1686 1375 1896 1435 crinita,
1946 1388 2082 1439 quae
2119 1381 2302 1427 noctes
2335 1384 2545 1444 septem

1502 1450 1624 1511 post
1659 1448 1899 1499 Caesaris
1923 1449 2147 1500 caedem
2170 1451 2325 1511 fulsit,
2363 1468 2547 1517 quam-

1503 1535 1608 1586 que
1646 1523 1887 1573 Caesaris
1910 1525 2142 1574 animam
2166 1526 2326 1577 fuisse
2351 1530 2403 1578 in
2427 1544 2548 1579 cae-

1502 1596 1613 1647 lum
1638 1596 1935 1647 evolantem
1968 1598 2210 1650 ferebant
2245 1600 2407 1663 (locus
2442 1605 2547 1666 pri-

1503 1672 1703 1721 marius
1750 1674 1832 1723 est
1874 1671 2002 1723 Plin.
2052 1674 2114 1723 H.
2163 1676 2223 1724 N.
2261 1678 2309 1725 2.
2349 1679 2400 1726 S.
2438 1679 2543 1737 23„

1503 1747 1616 1795 tum
1660 1746 1843 1797 Festus
1894 1748 1946 1797 in
1980 1748 2149 1798 Stella.
2220 1751 2434 1802 Servius
2479 1753 2548 1802 ad

1503 1824 1635 1870 Aen.
1690 1820 1740 1881 6,
1793 1821 1907 1871 790.
1987 1822 2128 1887 Virg.
2183 1823 2291 1876 Ecl.
2347 1827 2395 1887 9,
2450 1826 2543 1878 47:

1501 1897 1630 1945 Ecce
1710 1896 1927 1945 Dionaei
2000 1900 2239 1959 processit
2321 1900 2553 1952 Caesaris

1504 1970 1760 2033 astrum),
1807 1984 1891 2019 vv.
1929 1984 2096 2021 omnes
2137 1974 2191 2022 et
2239 1974 2370 2023 inter
2413 1976 2553 2039 iquos

1504 2046 1650 2094 Luna
1691 2045 1907 2095 minores
1950 2060 2047 2097 nos
2090 2048 2423 2112 interpretari
2463 2053 2549 2101 vix

1505 2120 1700 2179 sinunt,
1739 2121 1837 2169 etsi
1873 2122 1987 2171 eius
2011 2123 2201 2171 ostenti
2241 2123 2548 2175 diuturnum

1504 2198 1626 2258 post
1658 2197 1871 2258 tempus
1904 2197 2147 2246 meminit
2179 2198 2391 2250 Ovidius
2424 2202 2546 2250 Met.

1507 2270 1586 2327 45,
1614 2268 1735 2320 749:
1765 2270 2006 2320 Caesaris
2029 2284 2117 2321 res
2140 2275 2319 2334 gestae
2345 2287 2471 2325 eum
2492 2276 2551 2324 In

1502 2344 1639 2392 sidus
1651 2348 1844 2393 vertere
1858 2358 2042 2394 nomam
2052 2346 2339 2408 stellamque
2349 2362 2551 2398 coman-

1504 2423 1614 2467 tem,
1642 2444 1697 2454 -
1720 2418 1969 2468 Ceterum
1990 2421 2334 2472 memorabile
2362 2426 2445 2473 est
2466 2425 2552 2474 Di-

1504 2493 1553 2542 vi
1567 2491 1679 2542 Iulii
1691 2490 1888 2543 claram
1902 2497 2209 2558 certamque
2224 2499 2550 2549 mentionem

1506 2580 1771 2630 nusquam
1816 2567 1885 2616 ab
1934 2569 2146 2619 Horatio
2193 2570 2384 2622 factam
2430 2587 2550 2622 esse

1505 2645 1881 2706 praeterquam
1916 2642 2012 2692 Od.
2051 2644 2098 2704 4,
2136 2644 2185 2702 2,
2221 2643 2315 2695 44:
2366 2647 2550 2696 Caesa-

1504 2718 1578 2765 ris
1606 2718 1744 2765 ultor
1778 2718 1891 2766 sine
1915 2715 2020 2765 ullo
2055 2716 2314 2783 ἐπιθέτῳ,
2354 2719 2550 2771 nullam

1507 2805 1536 2840 a
1571 2792 1874 2854 Propertio,
1914 2790 2084 2841 tribus
2117 2791 2246 2843 locis
2280 2793 2553 2844 dumtaxat

1507 2879 1536 2914 a
1570 2864 1781 2928 Virgilio
1830 2864 1953 2926 (Ecl.
1993 2865 2052 2925 9,
2090 2865 2171 2916 47.
2210 2870 2301 2916 Ge.
2339 2870 2397 2930 4,
2434 2868 2545 2919 466.

1506 2942 1637 2989 Aen.
1676 2940 1724 2998 6,
1763 2939 1918 3002 790.),
1957 2941 2106 3002 quasi
2130 2942 2443 3002 timuissent,
2482 2957 2550 2993 ne

1507 3012 1592 3063 illo
1655 3014 1932 3076 magnifice
2000 3013 2268 3065 celebrato
2334 3019 2549 3080 Augusti

1506 3087 1750 3138 laudibus
1796 3089 2072 3138 officerent
2118 3103 2315 3153 easque
2351 3091 2550 3142 obscu-

1505 3165 1700 3212 rarent.
1761 3165 1835 3212 Ac
1870 3164 2068 3226 pariter
2101 3163 2288 3214 Iulium
2323 3166 2423 3216 sub
2447 3170 2551 3216 Au-

1505 3239 1718 3300 gustum
1761 3237 2010 3301 deprimit
2050 3239 2262 3290 Ovidius
2301 3241 2422 3291 Met.
2463 3242 2543 3301 ⁴5,

1505 3313 1625 3361 750:
1680 3326 1837 3373 neque
1879 3314 2009 3362 enim
2052 3315 2111 3363 de
2156 3315 2384 3364 Caesaris
2427 3317 2552 3363 aclis

1509 3387 1669 3435 Ullum
1699 3388 1866 3435 maius
1898 3401 2037 3449 opus,
2064 3401 2216 3450 quam
2246 3390 2377 3449 quod
2402 3394 2552 3449 pater

1503 3461 1691 3509 exstitit
1721 3461 1881 3510 huius.
1914 3489 1967 3496 —
1995 3462 2125 3510 inter
2145 3463 2296 3525 ignes]
2335 3462 2547 3525 Sappho

1503 3536 1708 3598 Fragm.
1747 3536 1795 3584 3.
1833 3549 1885 3599 p.
1924 3537 2012 3585 604
2054 3538 2251 3598 Bergk:
2289 3530 2547 3605 3Ἀστερες

1501 3608 1609 3674 μὲν
1666 3603 1823 3674 ἀμφὶ
1884 3607 2068 3660 κοίλαν
2131 3607 2378 3660 σελάναν
2427 3605 2545 3675 ”Am

1501 3680 1926 3757 ἀποκρύπτοισι
2024 3682 2278 3748 φάεννον
2371 3681 2541 3749 εἶδος,

1487 3755 1755 3811 ἶὌπῑτοιά
1789 3759 2082 3827 πλήθοισα
2112 3759 2364 3826 μάλιστα
2395 3758 2545 3827 λάμ-

1502 3849 1581 3902 πη
1639 3834 1753 3886 Γᾶν
1809 3836 1927 3902 [ἐπὶ
1978 3836 2216 3902 παῖσαν]
2258 3831 2538 3907 Ἄργυρέα.

1502 3913 1724 3970 Quintus
1758 3914 1967 3974 Smyrn.
2008 3914 2054 3972 l,
2093 3913 2181 3961 35:
2229 3907 2337 3974 Ὣς
2370 3911 2417 3961 δ’
2455 3907 2541 3962 ὅτ’

1497 3979 1574 4034 ἄν
1608 3980 1858 4058 οὐρανὸν
1892 3980 2061 4056 εὐρὺν
2083 3984 2144 4036 ἐν
2166 3980 2413 4057 ἀστράσι
2445 3985 2541 4037 δῖα

1500 4059 1715 4129 σελήνη
1755 4057 2088 4132 Ἐκπρέπη,
2134 4062 2197 4112 ἐν
2232 4059 2542 4112 πάντεσσιν

1498 4135 1763 4209 ἀρίζηλος
1816 4142 2070 4203 γεγαυῖα.
2155 4140 2215 4187 ln
2269 4139 2380 4187 toto
2436 4137 2541 4186 hoc

1497 4215 1613 4266 loco
1664 4226 1851 4264 verum
1906 4212 2037 4263 vidit
2092 4214 2196 4262 iam
2253 4214 2535 4264 GesneruS.

1497 4301 1658 4352 quem
1696 4290 1746 4338 in
1782 4288 2047 4352 plerisque
2082 4289 2297 4338 secutus
2331 4299 2469 4336 sum.

2171 4383 2198 4424 6
