3234 4975
677 442 803 504 660
1483 441 1740 492 noim-11
1774 441 2032 492 EpoDON

1333 597 2070 659 Excutiens
2147 602 2204 657 1.

1577 748 1947 799 AnEron.Il.

1730 882 1791 918 nx

1484 989 1673 1038 cnon
1722 989 2019 1040 memmi

1384 1121 1450 1158 Ab
1485 1121 1531 1158 c.
1569 1120 1819 1159 mmm
1864 1121 2115 1158 arisrou.

799 1232 914 1282 «De
961 1228 1136 1295 epodo
1169 1228 1410 1280 secundo
1461 1227 1731 1279 videbaris
1780 1227 1910 1278 mihi
1947 1229 2014 1292 (p.
2051 1228 2134 1279 27.
2172 1227 2306 1294 m.)
2352 1231 2539 1282 nescio
2585 1242 2691 1295 qua
2724 1231 2838 1282 sive

666 1313 880 1366 iuvenili
914 1312 1249 1365 coniectandi
1302 1311 1711 1376 intemperantia
1744 1312 1858 1362 sive
1911 1324 2202 1375 pravarum
2234 1312 2675 1365 observationum
2706 1327 2838 1365 con-

661 1399 869 1462 tagione
904 1396 1062 1448 nimis
1094 1393 1358 1447 subtssiter
1390 1392 1700 1458 ignorabilia
1735 1394 1956 1444 rimatus
1991 1407 2113 1445 esse
2132 1433 2145 1456 ‚
2183 1398 2241 1445 ut
2270 1397 2547 1460 postremo
2584 1409 2691 1446 non
2714 1396 2837 1461 qui·

661 1480 790 1531 dem
842 1479 971 1544 quid
1022 1480 1259 1544 iuppiter
1306 1478 1493 1528 lunoni
1546 1478 1599 1527 in
1644 1490 1832 1528 aurem
1854 1515 1866 1539 ,
1920 1477 2019 1529 sed
2069 1479 2249 1530 tamen
2300 1479 2428 1544 quid
2473 1480 2612 1530 inter
2656 1493 2716 1530 se
2764 1477 2835 1530 illi

660 1563 979 1614 «consortes
1013 1561 1173 1613 studii
1195 1599 1207 1623 ,
1258 1561 1348 1625 pia
1396 1560 1552 1610 turba
1597 1563 1829 1625 poetae»
1884 1561 2154 1624 (Horatius
2175 1600 2187 1622 ,
2238 1562 2481 1626 Virgilius
2506 1601 2518 1625 ,
2570 1561 2831 1643 Tibullus)

658 1647 928 1711 egissent,
964 1643 1059 1694 tibi
1093 1644 1353 1695 videreris
1388 1642 1697 1707 intelligere.
1785 1643 1944 1694 Certe
1996 1658 2096 1708 ego
2144 1644 2392 1696 hebetior
2426 1644 2834 1709 Virgilianorum

657 1729 958 1780 carminum
993 1729 1199 1790 (Georg.
1226 1727 1258 1776 2
1277 1765 1289 1789 ,
1326 1725 1424 1777 458
1447 1727 1623 1790 seqq.)
1660 1727 1712 1776 in
1744 1725 1832 1777 illo
1866 1727 2042 1791 epodo
2076 1726 2274 1779 nullam
2306 1726 2541 1779 litteram
2574 1740 2828 1792 agnosco.

656 1815 827 1863 Immo
861 1812 991 1862 mihi
1024 1823 1196 1875 nuper
1228 1811 1491 1875 Gruppius
1525 1811 1579 1860 in
1609 1808 1776 1871 libro,
1830 1822 1995 1873 quem
2025 1809 2092 1860 de
2127 1809 2294 1875 elegia
2328 1812 2567 1862 Romana
2599 1812 2826 1876 scripsit,

658 1895 728 1959 (p.
768 1894 903 1958 392.)
939 1893 1127 1944 Tibulli
1160 1892 1426 1958 quosdam
1456 1905 1650 1944 versus
1687 1904 1815 1943 cum
1848 1892 2065 1942 Horatio
2100 1894 2497 1958 comparavisse
2536 1893 2623 1944 vel
2657 1895 2830 1959 aptius

653 1977 724 2028 ad
756 1976 1195 2042 persuadendum
1226 1976 1473 2035 videtum
1528 1988 1655 2026 cum
1690 1978 1872 2026 tamen
1906 1977 2114 2027 certum
2146 1977 2214 2027 sit
2246 1977 2522 2027 Horatium
2554 1978 2609 2028 in
2642 1976 2829 2042 epodis

651 2059 719 2111 ad
753 2057 940 2111 Tibulli
989 2059 1225 2110 carmina
1258 2059 1528 2123 respicere
1563 2071 1671 2108 non
1716 2059 1954 2123 potuisse
1976 2097 1989 2120 ,
2042 2059 2143 2109 nisi
2191 2059 2246 2108 in
2279 2057 2483 2110 Tibullo
2533 2072 2685 2111 meas
2708 2097 2720 2121 ,
2773 2061 2828 2111 in

651 2144 867 2193 Horatio
901 2145 1019 2194 tuas
1051 2145 1359 2206 temporum
1407 2140 1640 2193 rationes
1690 2142 2054 2205 repudiemus.
2127 2142 2236 2204 Ego
2285 2142 2389 2193 hoc
2420 2155 2590 2194 unum
2631 2143 2791 2195 video
2808 2183 2821 2206 ,

648 2225 864 2277 Horatio
911 2225 1154 2277 iambum
1201 2224 1502 2276 Archilochi
1552 2226 1677 2275 ante
1726 2223 1909 2275 oculos
1958 2224 2155 2287 fuisse,
2211 2225 2281 2277 ad
2327 2226 2480 2277 cuius
2516 2225 2821 2292 exemplum

647 2310 792 2360 hunc
825 2322 986 2361 suum
1019 2309 1387 2373 componeret.
1457 2306 1611 2358 Illum
1632 2346 1646 2370 ,
1699 2308 1919 2373 inquam
1940 2346 1953 2369 ,
2005 2308 2060 2358 in
2105 2321 2212 2372 quo
2256 2309 2558 2361 Charonem
2611 2310 2825 2361 fabrum

646 2390 956 2457 loquentem
1003 2392 1236 2456 induxit,
1288 2383 1438 2443 cuius
1487 2393 1695 2442 initium
1738 2391 1836 2442 fuit
1885 2382 1970 2442 02²5
2015 2407 2121 2457 μοι
2160 2387 2233 2442 τὰ
2273 2390 2466 2459 Γύγεω
2498 2390 2603 2445 τοῦ
2639 2391 2825 2445 κολυ-

644 2472 869 2550 κρύσου
900 2475 1061 2543 μέλει
1095 2470 1214 2528 οὐδ’
1251 2470 1365 2528 εἷλέ
1387 2471 1475 2527 καί
1491 2491 1567 2542 με
1588 2472 1777 2542 ζῆλος.
1847 2476 1954 2526 Sed
1989 2474 2171 2539 nobis,
2210 2489 2375 2541 quam
2408 2474 2550 2528 bella
2582 2490 2817 2542 quamve

644 2563 826 2614 iocosa
859 2561 1018 2612 fuerit
1047 2560 1268 2612 imitatio
1290 2599 1303 2622 ,
1352 2560 1442 2610 vix
1472 2560 1735 2623 suspicari
1768 2558 1925 2621 licet,
1970 2572 2095 2610 cum
2128 2573 2197 2611 ne
2229 2561 2430 2611 exitum
2464 2560 2685 2625 quidem
2719 2563 2823 2612 Ar-

644 2643 890 2696 chilochii
925 2644 1176 2695 carminis
1198 2682 1211 2706 ‚
1249 2643 1402 2694 cuius
1435 2642 1582 2693 modi
1623 2642 1814 2703 fuerit,
1869 2643 2104 2693 divinare
2151 2643 2439 2707 possimus.
2508 2645 2567 2694 ln
2596 2644 2703 2694 hoc
2723 2681 2735 2705 ,
2772 2644 2817 2694 si

639 2726 983 2779 Aristotelem
1032 2730 1182 2778 recte
1233 2724 1465 2789 intelligo
1515 2726 1746 2789 (Rhetor.
1783 2725 1840 2788 3,
1878 2726 2014 2789 47.),
2071 2725 2166 2776 fult
2196 2721 2394 2793 ψόγος
2439 2718 2581 2778 ἄνευ
2613 2720 2817 2799 ἀγροι-

639 2812 789 2875 κίας.
860 2811 1105 2861 Horatius
1133 2810 1452 2860 suavitatem
1475 2810 1741 2872 quaesivit
1773 2810 1829 2860 et
1858 2807 2172 2869 ridiculum3
2208 2809 2313 2860 hoc
2335 2809 2555 2873 quidem
2578 2822 2813 2871 summe,

641 2907 768 2946 cum
818 2893 1102 2946 feneratori
1153 2890 1408 2943 adscribit
1455 2891 1624 2953 haec,
1684 2891 1795 2953 quis
1837 2905 1939 2941 non
1981 2892 2271 2953 malam,
2330 2905 2458 2954 quas
2488 2906 2637 2942 amor
2666 2906 2820 2944 curas

639 2978 813 3040 habet,
880 2979 1002 3027 haec
1066 2976 1198 3026 inter
1245 2972 1593 3025 obliviscitur?
1658 2974 1758 3025 sed
1819 2973 1922 3026 sub
1987 2976 2100 3025 risu
2145 2975 2373 3039 iocoque
2434 2972 2600 3026 latere
2660 2976 2817 3027 amici

642 3059 870 3125 (Virgilii)
908 3059 1208 3110 irrisionem
1244 3071 1341 3108 cur
1373 3058 1689 3122 suspiceris·
1729 3084 1784 3094 —
1821 3058 2016 3109 Marius
2049 3058 2348 3109 Victorinus
2382 3070 2435 3123 p.
2475 3059 2588 3110 488.
2615 3058 2773 3110 Gaisf.
2802 3074 2815 3108 ε

641 3145 728 3194 Ex
776 3144 1002 3194 ινῡποινο
1048 3155 1199 3192 vorsu
1244 3139 1457 3191 iambico
1504 3141 1717 3203 epocham
1766 3141 2121 3203 octosyuabmn
2152 3141 2470 3192 Archilochus
2515 3146 2819 3193 commentia-s

641 3231 749 3278 est:
783 3230 842 3276 ut
873 3226 1068 3275 Beatus
1102 3222 1223 3285 ille,
1261 3223 1352 3287 qui
1384 3222 1572 3287 procul
1607 3224 1848 3287 negotiis.

768 3307 1135 3360 Amicissimus
1187 3304 1425 3357 Halmius
1474 3305 1726 3357 indicavit
1767 3306 1898 3357 mihi
1945 3305 2126 3359 locum
2166 3308 2349 3373 utique
2382 3306 2711 3372 persimilem
2745 3320 2815 3358 ex

636 3391 1008 3458 Aristophanis
1050 3384 1275 3455 Νήσοις
1307 3391 1390 3440 Fr.
1428 3387 1543 3441 344.
1581 3388 1807 3440 Dindorl'
1833 3392 1892 3440 Ρ.
1929 3391 2013 3441 Sc.
2050 3403 2171 3456 pag.
2212 3390 2324 3443 ⁴46.
2380 3390 2597 3455 (Comic.
2634 3391 2809 3454 Frgm.

636 3475 752 3528 Vol.
779 3477 842 3527 11.
867 3487 921 3539 p.
950 3473 1136 3537 4408.),
1173 3486 1339 3538 quem
1361 3472 1669 3525 exscribere
1703 3473 1882 3523 iuvat:
1910 3464 1983 3523 Ὦ
2012 3471 2173 3546 μῶρε
2202 3468 2361 3545 μῶρε
2381 3511 2395 3537 ,
2431 3470 2614 3525 ταῦτα
2643 3469 2810 3523 πάντ’
2866 3462 2887 3479 ’

635 3556 700 3611 ἐν
730 3553 852 3630 τῇδ’
887 3549 974 3608 ’ἔνι
994 3596 1006 3619 ,
1062 3555 1254 3607 Οἰκεῖν
1290 3555 1401 3622 μὲν
1442 3555 1507 3608 ἐν
1546 3549 1704 3627 ἀγρῷ
1735 3552 1946 3607 τοῦτον
1978 3554 2042 3608 ἐν
2074 3555 2153 3624 τῷ
2186 3555 2364 3624 γηδίῳ
2394 3550 2813 3624 :duell-ayma

637 3635 754 3693 τῶν
785 3644 909 3693 κατ’
944 3635 1167 3713 ἀγορὰν
1200 3635 1553 3712 πραγμάτων
1576 3676 1590 3702 ,
1645 3637 2015 3706 Κεκτημένον
2046 3635 2344 3712 ζευγάριον
2381 3640 2597 3690 οἰκεῖον
2636 3637 2812 3701 βοοῖν

618 3719 833 3777 ‘Exeat'
884 3718 1124 3776 ἀκούειν
1183 3721 1514 3795 προβατίων
1563 3720 1959 3789 βληχωμένων
1977 3759 1993 3786 ,
2069 3720 2289 3795 Τρυγός
2349 3738 2412 3774 τε
2471 3720 2677 3790 φωνὴν
2727 3723 2812 3786 εἰς

632 3804 881 3875 λεκάνην
930 3801 1307 3874 ὥθουμένης,
1345 3800 1515 3874 Ὄψῳ
1564 3804 1629 3857 δὲ
1660 3802 1939 3878 Χρῆσθαι
1972 3803 2276 3870 σπινιδίοις
2308 3821 2369 3858 τε
2410 3808 2511 3858 καὶ
2542 3805 2771 3869 κίχλαις
2790 3843 2808 3869 ,

632 3891 751 3944 Καὶ
780 3887 867 3959 μὴ
902 3891 1223 3962 περιμένειν
1256 3887 1320 3955 ἐξ
1352 3883 1573 3963 ἀγορᾶς
1606 3887 1843 3952 ἰχθύδια
1877 3892 2116 3962 Τριταϊα
2148 3888 2508 3957 πολυτίμητοι
2547 3889 2811 3953 βεβασα-

631 3975 879 4042 νισμένα
906 3967 1026 4026 Ἐπ’
1064 3970 1435 4037 ἰχθυοπώλου
1469 3974 1619 4047 χειρὶ
1652 3970 2137 4047 παρανομωτάτῃ.
2204 3974 2301 4024 Vix
2334 3976 2514 4027 tamen
2546 3975 2805 4035 adducor,

630 4061 695 4111 ut
722 4058 808 4110 vel
843 4057 1144 4110 Archilochi
1167 4098 1180 4123 ,
1232 4057 1696 4122 quemadmodum
1728 4059 1877 4109 ratus
1911 4059 1995 4109 est
2025 4057 2396 4108 Lachmannus
2417 4096 2430 4120 ,
2482 4056 2570 4109 vel
2605 4057 2808 4110 Comici

632 4143 982 4195 imitationem
1017 4141 1261 4195 consulto
1295 4143 1593 4207 quaesitam
1630 4142 1684 4192 in
1715 4142 1820 4192 hoc
1852 4140 2036 4208 Epodo
2069 4153 2374 4206 agnoscam.
