3234 4975
1176 404 1378 454 LIBER.
1451 406 1647 455 CARM.

1686 404 1791 454 xn.
2483 398 2606 467 709

1147 907 1870 970 mm

517 1092 686 1200 Quid
731 1119 844 1186 tibi
889 1120 1016 1196 vis,
1064 1118 1300 1186 mulier
1342 1121 1546 1207 nigris
1591 1120 1967 1207 dignissima
2010 1120 2269 1186 barris?

600 1242 863 1307 Munera
909 1239 1064 1328 quid
1110 1240 1262 1304 mihi
1308 1240 1549 1326 quidve
1595 1240 1864 1306 tabellas

516 1362 705 1427 Mittis
752 1380 874 1427 nec
922 1358 1107 1426 firmo
1154 1360 1370 1426 iuveni
1416 1380 1634 1447 neque
1676 1361 1849 1426 naris
1893 1361 2190 1428 obesae?

561 1556 669 1606 XII.
707 1557 871 1606 lnscr.
907 1555 1045 1619 volg.
1081 1556 1141 1606 In
1173 1569 1332 1605 anum
1365 1555 1696 1606 libidinosam.
1758 1583 1813 1594 -
1860 1558 2098 1607 Sumae
2130 1558 2393 1608 naaliel-em
2425 1559 2538 1608 libi-

497 1632 628 1680 dinis
658 1631 866 1693 repellit.
936 1632 1162 1695 Dignam
1192 1643 1295 1680 esse
1326 1632 1401 1680 ait
1433 1631 1704 1692 elephantis
1734 1629 1833 1679 Bb.
1892 1657 1948 1667 -
2003 1632 2060 1680 In
2095 1632 2387 1682 Gratidiam
2417 1646 2540 1682 con-

495 1718 638 1755 verso
669 1707 867 1755 nomine
900 1719 949 1756 c.
991 1731 1046 1741 -
1085 1706 1200 1754 Om.
1237 1704 1293 1755 T.
1336 1733 1391 1742 —
1451 1705 1500 1754 2.
1539 1718 1634 1753 cur
1663 1704 1785 1754 milii
1816 1703 1998 1764 bSTc,
2045 1705 2233 1755 LCtFJ.
2296 1706 2374 1767 (Ut
2407 1718 2533 1767 nos,

497 1779 563 1839 B,
599 1777 703 1828 κλν
737 1782 792 1829 et
824 1777 980 1830 unus
1013 1779 1266 1841 canteri.)
1320 1805 1375 1817 —
1430 1779 1479 1829 3.
1532 1778 1697 1828 Mittes
1744 1780 1802 1828 B.
1863 1804 1919 1815 -
1977 1779 2144 1829 iuveni
2191 1780 2341 1842 timo
2384 1778 2541 1840 bSc,J

504 1851 630 1914 (non
679 1853 798 1915 BT).
841 1880 896 1889 —
932 1865 1021 1903 nec
1055 1854 1200 1903 naris
1232 1853 1291 1903 B.

500 2029 608 2078 XII.
663 2030 838 2079 Anum
881 2028 1149 2093 quandam
1192 2028 1483 2093 (Canidiam

432 2103 575 2152 haud
629 2104 786 2154 nimis
840 2103 1187 2168 probabiliter
1238 2118 1369 2169 prae
1422 2117 1482 2155 se

435 2176 538 2227 fert
572 2176 701 2228 Cld.
739 2176 977 2228 Blandin.
1016 2181 1070 2228 et
1103 2192 1151 2228 c.
1179 2178 1286 2228 Cir.
1314 2178 1479 2242 Epod.

409 2251 521 2312 .8.)‚
557 2250 843 2314 pudendae
878 2250 946 2300 ab
972 2264 1036 2300 ea
1071 2250 1306 2301 mollitiei
1330 2264 1484 2300 accu-

433 2327 600 2384 satus,
646 2326 805 2388 poeta
838 2325 942 2375 hoc
976 2327 1213 2375 carmine
1237 2325 1483 2388 proscin-

432 2397 538 2458 dit,
575 2398 629 2448 in
662 2409 1039 2461 summamque
1075 2411 1200 2448 cum
1236 2397 1484 2449 foedissi-

434 2486 554 2523 mae
603 2472 970 2558 turpitudinis,
1024 2475 1139 2522 tum
1190 2472 1480 2535 flagitiosae

438 2620 516 2669 do
550 2619 820 2669 adducere
854 2618 1077 2670 laborat.
1166 2621 1258 2671 Est
1290 2635 1356 2670 ex
1389 2633 1485 2683 ge-

375 2708 388 2721 *
436 2706 567 2742 nere
602 2694 813 2757 priscae
855 2692 990 2743 illius
1040 2695 1370 2744 Fescenninas
1416 2695 1484 2743 li-

434 2767 659 2825 centiae,
697 2767 750 2816 in
787 2780 894 2830 qua
926 2768 1033 2816 iam
1053 2780 1230 2816 saevus
1250 2772 1483 2829 apertam

434 2842 489 2889 In
516 2840 710 2889 rabiem
730 2841 888 2901 coepit
918 2841 1212 2890 vertiiocus
1075 2842 1389 2905 iocusOEpp.
1428 2841 1478 2901 2,

434 2914 490 2974 4,
528 2913 691 2975 448.;)
748 2927 849 2963 nec
888 2914 1011 2964 ficta
1047 2928 1210 2965 scena
1243 2914 1478 2975 videtur,
1485 2923 1491 2931 ¹

433 2989 685 3049 quoniam
716 2987 842 3038 nihil
875 2989 1130 3052 impedit,
1167 3002 1274 3052 quo
1306 2989 1481 3040 minus

431 3063 729 3112 statuamus
779 3075 942 3112 anum
993 3062 1263 3126 quandam
1306 3061 1482 3112 libidi-

433 3148 621 3186 nosam
656 3135 956 3187 molestiam
989 3135 1274 3199 aliquando
1308 3149 1485 3186 creas-

431 3223 491 3259 se
525 3208 704 3259 verbis
738 3209 949 3260 lascivis
973 3209 1233 3274 donisque
1269 3211 1483 3273 ingratis

432 3282 759 3333 adolescenti
780 3284 994 3333 Horatio
1010 3321 1022 3345 ,
1054 3297 1180 3334 cum
1203 3285 1349 3334 inviti
1372 3297 1485 3334 am-

431 3354 619 3418 plexus
659 3360 963 3419 appeteret,
1019 3359 1342 3421 poetamque
1377 3359 1482 3408 hoc

432 3428 668 3478 carmine
701 3430 965 3481 virulento
1000 3443 1123 3481 sese
1159 3429 1331 3482 ultum
1354 3433 1477 3483 isse.

431 3503 663 3564 Tempus
686 3505 1081 3566 compositionis
1098 3505 1361 3554 incertum
1380 3508 1479 3556 est.

435 3574 708 3624 Fluctuant
751 3576 889 3626 inter
945 3590 1114 3627 annos
1164 3578 1260 3627 745
1294 3604 1323 3614 -
1362 3578 1478 3629 749.

432 3649 651 3698 Biennio
695 3648 887 3699 saltem
929 3650 1351 3714 praecedentem
1397 3652 1483 3702 hic

433 3722 639 3785 epodus
672 3724 975 3774 antecessit.
1037 3724 1153 3774 vid.
1195 3738 1246 3774 v.
1294 3724 1356 3775 44
1396 3739 1477 3789 sq.

433 3794 550 3845 coll.
587 3796 754 3860 Epod.
794 3797 881 3856 44,
917 3799 1055 3861 tisq.

499 3870 608 3919 4-6.
648 3871 777 3932 Quid
809 3871 897 3920 tibi
928 3872 1018 3936 vis]
1057 3875 1139 3922 Pr.
1178 3872 1481 3934 «quodnam

435 3946 585 3992 tuum
629 3946 714 3993 est
757 3943 1111 3996 consilium‘I»
1171 3948 1284 3996 tum
1335 3946 1480 3996 idem

435 4018 544 4067 fere
579 4030 666 4067 ac:
707 4017 866 4081 «quid
902 4019 1134 4069 insanis?
1180 4019 1314 4068 satin
1349 4032 1478 4069 sana

432 4092 528 4139 es?
551 4090 683 4140 Nihil
706 4091 945 4154 profecto
969 4091 1216 4154 proficies
1231 4127 1243 4150 ,
1277 4092 1478 4141 iatuah·

433 4167 491 4213 ut
524 4166 679 4229 Prop.
720 4166 778 4225 4,
827 4166 888 4225 5,
937 4165 996 4214 3;
1051 4165 1182 4227 Quid
1230 4165 1320 4214 tibi
1368 4166 1477 4226 vis,

431 4238 643 4289 insane?
672 4253 807 4290 meos
828 4240 1012 4290 sentire
1029 4238 1263 4303 furores?
1282 4238 1475 4290 Archil.

1559 2030 1641 2080 Fr.
1680 2030 1761 2079 84.
1800 2030 1988 2080 Schn.:
2045 2029 2143 2091 Τίς
2183 2025 2293 2092 σὰς
2335 2023 2608 2100 παρήειρε

1556 2104 1774 2173 φρένας
1786 2119 1808 2163 ;
1847 2130 1901 2140 -
1943 2102 2137 2168 barris]
2176 2102 2366 2168 «Apud
2400 2104 2609 2155 Indos-

1557 2176 1873 2241 elephautus
1897 2189 1928 2226 a
1946 2189 2081 2226 voce
2105 2176 2258 2227 barro
2275 2179 2497 2227 vocatur
2516 2192 2528 2236 ;
2548 2202 2572 2214 -
2585 2203 2609 2214 -

1555 2263 1660 2298 vox
1694 2251 1808 2299 eius
1859 2249 2140 2297 barritus.»
2190 2250 2378 2300 Isidor.
2431 2252 2604 2314 Origg.

1558 2323 1645 2382 ⁴2,
1666 2323 1729 2382 2,
1753 2321 1867 2382 44.
1894 2322 1983 2371 vix
2004 2324 2169 2371 recte.
2207 2323 2430 2386 Dignam
2454 2325 2610 2387 igitur

1556 2395 1709 2456 dicit,
1748 2408 1886 2457 quae
1910 2408 2029 2445 rem
2059 2394 2259 2445 habeat
2283 2399 2460 2460 potius
2482 2411 2608 2449 cum

1556 2467 1881 2534 elephantis,
1931 2468 2101 2532 somna
2148 2469 2402 2532 trucibus,
2456 2472 2608 2523 odore

1553 2544 1818 2607 gravibus,
1853 2544 1982 2593 mole
2014 2543 2314 2593 terribilibus
2349 2545 2515 2608 (Oros.
2543 2545 2601 2606 4,

1558 2620 1662 2680 4.),
1716 2631 1879 2681 quam
1929 2630 2054 2668 cum
2105 2616 2444 2668 adolescente
2496 2620 2607 2670 for—

1555 2704 1725 2741 moso.
1773 2690 1869 2741 Alii
1903 2692 2149 2754 precario
2184 2691 2252 2741 de
2286 2693 2483 2753 simiis,
2522 2693 2607 2743 alii

1555 2766 1725 2827 magis
1749 2766 1911 2814 etiam
1934 2764 2155 2814 ridicule
2179 2766 2247 2815 de
2269 2768 2455 2827 Barro,
2480 2771 2606 2817 noto

1553 2839 1782 2889 moecho
1819 2839 1943 2900 (Sat.
1972 2839 2028 2899 4,
2067 2839 2125 2899 6,
2162 2838 2296 2901 30.),
2335 2841 2605 2904 interpre-

1556 2913 1649 2961 tati
1681 2914 1822 2962 sunt.
1863 2937 1919 2948 -
1964 2912 2086 2972 quid
2116 2912 2238 2961 mihi
2271 2914 2450 2964 firmat
2494 2915 2606 2965 Ma-

1556 2988 1666 3036 rius
1698 2986 1999 3035 Victorinus
2032 3000 2086 3050 p.
2112 2986 2225 3035 235.
2254 2986 2411 3037 Gaisf.
2472 2989 2608 3038 Con-

1555 3062 1637 3110 tra
1685 3058 1917 3123 glossam
1948 3074 2041 3109 cur
2083 3061 2205 3110 mihi
2248 3074 2400 3111 curve
2442 3061 2607 3112 habet

1555 3135 1662 3183 iam
1712 3133 1898 3185 Atilius
1950 3135 2353 3185 Fortunatianus
2391 3148 2443 3199 p.
2487 3135 2602 3186 362.

1555 3207 1684 3258 ibid.
1707 3246 1719 3268 ,
1774 3210 1925 3260 cuius
1972 3211 2116 3273 prior
2161 3222 2287 3273 pars
2321 3211 2375 3259 in
2410 3208 2606 3261 multos

1556 3282 1726 3333 Codd.
1763 3284 1999 3347 irrepsit,
2047 3283 2146 3334 sed
2185 3285 2446 3346 ingratam
2487 3283 2542 3332 h.
2568 3283 2602 3333 l.

1556 3357 1718 3407 efficit
1739 3359 2087 3408 variationem
2115 3359 2253 3407 inter
2273 3371 2367 3406 cur
2390 3358 2601 3418 etquid.

1562 3459 1615 3467 —
1669 3431 1902 3494 tabellas]
1957 3430 2300 3494 «pugillaria,
2355 3428 2604 3492 epistolas

1557 3507 1896 3556 amatorias.»
1931 3505 2063 3554 Vide
2089 3504 2157 3553 ad
2179 3518 2230 3553 v.
2255 3504 2333 3552 47.
2360 3530 2413 3539 -
2437 3502 2605 3566 firmo]

1559 3592 1696 3645 «nou
1718 3580 1846 3629 satis
1868 3576 2042 3628 valido
2066 3577 2135 3627 ad
2163 3575 2435 3627 libidinem
2457 3579 2608 3627 tuam

1557 3651 1928 3714 explendam.»
1963 3652 2075 3700 Hoc
2104 3664 2203 3714 per
2235 3652 2439 3708 iocum,
2479 3663 2605 3700 cum

1557 3727 1761 3774 tantum
1808 3725 2028 3788 propter
2070 3722 2278 3773 vetulae
2325 3723 2606 3786 turpitudi-

1558 3811 1685 3849 nem
1735 3799 1912 3848 minus
1961 3799 2030 3849 sit
2078 3798 2284 3848 firmus.
2345 3822 2398 3833 —
2448 3810 2606 3860 noque

1553 3874 1699 3923 naris
1743 3872 1937 3936 obesae]
1984 3874 2143 3935 atque
2192 3870 2315 3920 ideo
2359 3870 2600 3923 obtusae.

1556 3947 1670 3995 Hoc
1698 3946 1854 4009 igitur
1883 3945 2038 3995 dicit:
2079 3947 2174 3995 «At
2197 3958 2296 4008 ego
2321 3946 2436 3997 eius
2459 3947 2605 3997 naris

1555 4031 1708 4078 sum,
1754 4031 1893 4081 quae
1928 4018 2096 4069 malos
2131 4020 2325 4070 odores
2360 4019 2603 4071 facillime

1553 4093 1911 4155 persentiscat
1934 4096 2092 4156 atque
2111 4106 2457 4158 summopere
2481 4095 2605 4143 hor-

1555 4168 1721 4215 reat.»
1750 4165 2019 4227 (Ceterum
2044 4167 2111 4216 de
2134 4169 2291 4230 parth
2316 4179 2605 4227 nec-neque

1555 4240 1651 4290 cir.
1694 4239 1843 4291 Haud
1878 4239 2095 4292 Turseli.
2133 4242 2215 4291 lV.
2266 4254 2318 4305 p.
2361 4239 2492 4301 ⁴28.)
2545 4267 2596 4276 »-
