3234 4975
607 398 733 464 356

1376 397 1637 448 nomm
1670 397 2009 448 CARMINIJM

862 555 1085 624 Celent
1126 553 1395 630 inultae,
1443 562 1568 619 stet
1610 551 1995 639 Capitolium

941 675 1218 762 Fulgens
1262 672 1798 760 triumphatisque
1841 672 2050 759 possit

1028 799 1228 863 Roma
1271 795 1451 862 ferox
1494 793 1654 861 dare
1700 794 1841 859 iura
1884 793 2109 860 Medis.

859 954 1195 1022 Horrenda
1236 954 1364 1020 late
1408 973 1644 1019 nomen
1689 953 1752 1017 in
1796 951 2052 1018 ultimas

2700 953 2781 1018 45

858 1074 1172 1142 Extendat
1214 1095 1389 1151 oraS‚
1437 1094 1568 1161 qua
1611 1072 1868 1140 medius
1910 1071 2127 1160 liquor

944 1196 1236 1264 Seeernit
1277 1196 1578 1282 Europen
1625 1193 1706 1261 ab
1750 1194 1926 1271 Afro,

1028 1320 1174 1397 Qua
1215 1315 1500 1383 tumidus
1543 1316 1708 1403 rigat
1752 1336 1908 1382 arva
1950 1314 2160 1393 Nilus,

855 1479 1097 1541 Aurum
1145 1475 1532 1562 irrepertum
1575 1484 1642 1540 et
1684 1474 1779 1540 sie
1822 1472 2053 1539 melius
2098 1473 2322 1549 situm,

859 1598 1019 1664 Cum
1064 1606 1235 1662 terra
1280 1595 1474 1670 celat,
1528 1615 1840 1682 spernere
1887 1594 2110 1661 sortior

2699 1595 2782 1656 50

943 1719 1154 1796 Quam
1196 1736 1433 1804 eogere
1465 1716 1782 1783 humanos
1826 1717 1891 1781 in
1935 1736 2096 1782 usus

734 1914 816 1966 49.
853 1917 1163 1978 inrepertum
1195 1914 1360 1965 bsrc.

601 2091 668 2141 Et
700 2091 1013 2141 accubabant
1043 2091 1100 2139 in
1129 2089 1292 2139 medio
1325 2088 1431 2139 eiu-s
1455 2100 1651 2152 moyes,

603 2178 774 2214 omnes
805 2165 988 2215 bestiae
1018 2165 1271 2228 ματαίων
1306 2188 1337 2199 -
1358 2190 1389 2200 -
1409 2166 1654 2225 quomodo

601 2240 743 2302 facta
765 2244 836 2289 est
855 2241 910 2289 in
932 2241 1196 2299 deseram,
1220 2237 1378 2288 cubile
1396 2238 1653 2301 serarum!

602 2312 749 2363 Iliad.
785 2310 835 2375 δ,
874 2314 998 2364 476;
1035 2312 1149 2363 Καί
1180 2312 1250 2363 κέ
1279 2327 1366 2375 τις
1388 2301 1484 2361 ὧδ’
1508 2311 1655 2383 ἐρέει

605 2383 814 2459 Τρώων
872 2380 1373 2457 ὑπερηνορεόντων
1438 2383 1653 2453 Τύμβῳ

602 2457 979 2533 ἐπιθρώσκων
995 2457 1290 2512 Μενελάου
1309 2458 1654 2527 κυδαλίμοιο

602 2534 723 2586 κτλ.
761 2538 941 2601 Eurip.
968 2535 1043 2587 El.
1069 2538 1183 2587 327.
1215 2537 1499 2600 Aegisthus
1520 2539 1659 2600 Aga-

604 2612 910 2662 memnonis
942 2607 1255 2682 ἐνθρώσκει
1289 2606 1476 2679 τάφῳ.

669 2722 750 2774 42.
821 2723 1138 2788 Capitolium]
1206 2737 1456 2773 sumnum
1523 2724 1656 2772 Iovis

602 2797 794 2847 onumen
820 2796 991 2860 (Silius
1016 2797 1046 2847 3
1063 2837 1075 2858 ,
1112 2798 1168 2847 54
1179 2798 1268 2860 0.),
1294 2801 1504 2848 certum
1527 2796 1655 2848 illud

604 2871 932 2921 aeternitatis
958 2871 1013 2919 et
1034 2872 1244 2933 signum
1267 2873 1322 2920 et
1342 2873 1530 2935 pignus
1554 2874 1658 2923 Ro-

604 2944 798 2995 manis.
836 2945 932 2994 od.
971 2944 1028 3005 3,
1065 2943 1157 3004 30,
1193 2945 1242 2995 8.

673 3055 756 3107 43.
795 3053 877 3105 44.
938 3055 1063 3104 aare
1091 3055 1238 3120 iura]
1290 3054 1464 3119 «leges
1489 3057 1659 3121 impo-

610 3142 795 3181 nere.»
830 3128 939 3178 Liv.
968 3129 1022 3189 4,
1049 3127 1105 3178 8:
1131 3128 1385 3181 Romulus
1400 3136 1660 3181 vocata--

606 3203 924 3256 mactatam
943 3227 1018 3238 --
1037 3202 1158 3252 iura
1178 3203 1325 3253 dedit.
1362 3206 1502 3269 Virg.
1524 3209 1655 3256 Aen.

609 3276 661 3339 3,
683 3276 805 3327 ⁴37:
830 3276 957 3326 Iura
972 3277 1236 3339 domosque
1252 3278 1453 3328 dabam.
1477 3281 1663 3329 -Pos-

609 3353 674 3403 sit
694 3353 876 3401 autem
898 3352 1023 3401 dare
1041 3352 1188 3412 iura,
1214 3351 1482 3403 utTibull.
1511 3354 1569 3414 4,
1596 3355 1627 3403 7
1645 3391 1657 3414 ,

611 3426 671 3477 3:
709 3425 992 3488 Aquitanas
1013 3426 1099 3488 qm·
1125 3431 1291 3489 posset
1308 3428 1517 3490 fundere
1536 3440 1663 3490 qen-

609 3505 697 3551 tes.
768 3501 884 3551 Non
927 3502 1010 3551 est
1051 3498 1276 3564 simplex
1315 3500 1468 3551 verbi
1502 3514 1572 3551 πε
1607 3502 1662 3552 ι-

610 3589 848 3647 φρασις,
884 3575 983 3626 sed
1017 3575 1304 3638 significat:
1344 3574 1551 3626 «valeat
1573 3517 1607 3626 ἵ
1633 3603 1664 3614 -

611 3662 707 3713 ges
740 3648 870 3700 dare
900 3663 964 3700 ac
988 3648 1082 3699 det
1102 3662 1163 3698 re
1189 3662 1372 3699 vera.»
1402 3676 1458 3686 -
1482 3649 1660 3713 Medis]

613 3724 751 3774 Sane
770 3761 782 3785 ,
835 3725 895 3773 ut
935 3722 1137 3786 ubique
1189 3722 1331 3787 apud
1366 3723 1662 3784 Horatium,

612 3796 971 3860 intelliguntur
1043 3797 1221 3847 Parthi
1244 3835 1255 3857 ,
1334 3809 1664 3861 quamquam

615 3871 778 3921 etiam
812 3874 939 3922 tuno
962 3871 1102 3922 Medi
1124 3872 1339 3937 proprie
1369 3871 1517 3933 dieti,
1542 3874 1669 3921 Par-

614 3945 720 3996 this
752 3947 934 3995 tamen
968 3958 1186 4010 semper
1208 3944 1452 4008 obnoxii,
1489 3944 1558 3995 ab
1582 3946 1666 3996 hjs

615 4018 1090 4084 distinguebantur.
1141 4022 1409 4083 Augustus
1441 4020 1494 4069 in
1523 4021 1663 4070 Mon.

616 4094 814 4156 Aneyr.
850 4107 903 4158 p.
941 4093 1023 4144 36.
1060 4095 1254 4144 Franz:
1306 4094 1347 4144 A
1384 4107 1465 4145 me
1500 4099 1668 4158 gentes

614 4168 916 4219 Parthorum
950 4172 997 4219 et
1017 4168 1283 4219 Medorum
1304 4171 1559 4231 petierant
1570 4182 1669 4240 per

609 4242 864 4306 prim-tp&
916 4255 1096 4293 aarum
1148 4243 1372 4307 omium
1431 4256 1669 4308 reae-sque

1725 2102 1809 2139 eos
1839 2096 2161 2152 acceperunt,
2196 2092 2369 2142 Parthi
2407 2093 2655 2144 Vononem
2676 2119 2707 2131 -
2726 2119 2775 2154 -‚

1724 2165 1859 2216 Mada
1891 2165 2306 2216 Ariobarzanem

1791 2236 1874 2289 45.
1925 2239 2212 2303 Horrenda]
2267 2242 2472 2291 «Roma
2518 2239 2779 2291 bellicosa

1727 2314 1783 2362 et
1830 2312 2081 2365 terribilis
2131 2314 2324 2377 opibus
2381 2316 2492 2365 suis
2548 2313 2783 2364 debellet

1726 2388 1951 2439 Parthos
1997 2390 2316 2451 ceterosque
2362 2387 2587 2452 populos
2633 2388 2780 2439 orbis

1729 2463 2049 2514 extremos.»
2127 2463 2290 2525 Iunge
2343 2462 2597 2513 horrenda
2648 2462 2774 2525 late,

1727 2536 1968 2587 similiter
2001 2539 2162 2600 atque
2198 2537 2293 2587 Od.
2332 2537 2390 2597 3,
2431 2539 2519 2598 47,
2556 2538 2611 2587 9;
2655 2538 2781 2588 Late

1727 2618 1990 2673 tyrannus.
2026 2613 2169 2675 virg.
2207 2617 2339 2662 Aen.
2377 2613 2433 2672 4,
2469 2614 2566 2663 2⁴:
2609 2628 2779 2676 popu-

1727 2689 1833 2736 lum
1864 2687 1965 2737 late
1994 2701 2188 2750 regam
2231 2700 2340 2737 non
2372 2699 2496 2737 eum
2531 2686 2645 2738 aliis
2679 2688 2781 2738 late

1729 2763 1993 2822 extendam
2044 2761 2100 2811 id
2150 2760 2298 2825 quod
2343 2762 2548 2825 respuit
2588 2775 2780 2813 versus

1731 2848 1953 2885 caesura
1988 2838 2043 2884 et
2073 2834 2342 2899 pedestris
2382 2838 2467 2886 est
2505 2836 2777 2887 orationis.

1796 2907 1878 2958 46.
1923 2922 2027 2971 qua
2055 2910 2247 2959 medius
2286 2909 2470 2973 liquor]
2507 2909 2776 2960 «medium

1729 2983 1868 3032 inter
1921 2985 2092 3034 terras
2149 2985 2483 3035 continentes
2547 2984 2779 3048 spatium

1732 3069 2001 3120 occupans
2036 3071 2209 3122 usque
2244 3059 2314 3109 ad
2357 3058 2531 3109 Gades
2547 3097 2559 3120 ,
2611 3060 2783 3108 Emo-

1725 3145 1851 3193 pam
1899 3133 2206 3195 Libyamque
2252 3147 2428 3195 ναραω
2473 3133 2560 3182 ubi
2609 3132 2784 3182 dividit

1731 3206 1887 3255 unda.
1945 3205 2133 3268 (Poeta
2178 3206 2322 3271 apud
2356 3208 2465 3258 Cic.
2507 3208 2570 3257 N.
2613 3207 2674 3257 D.
2717 3205 2780 3267 3,

1736 3278 1869 3339 ⁴⁰·)”
1936 3279 2242 3342 Aegyptum
2281 3284 2462 3331 autem
2498 3283 2554 3331 et
2589 3281 2784 3344 Hispa-

1735 3353 1879 3402 niam
1912 3351 2203 3404 debeliavit
2231 3357 2519 3420 Augustus·

1800 3425 1977 3476 49-52.
2017 3428 2162 3477 «Hoc
2194 3441 2324 3478 vero
2346 3428 2493 3480 orbis
2516 3431 2783 3479 terrarum

1734 3501 2022 3564 imperium
2056 3501 2222 3552 Roma
2257 3515 2321 3551 ea
2353 3501 2629 3552 dumtaxat
2650 3515 2784 3552 oon-

1737 3576 1947 3626 dioione
1992 3573 2341 3640 adipiscetur,
2394 3576 2455 3624 ut
2497 3576 2679 3625 fortior
2716 3575 2787 3626 sit

1737 3648 1807 3699 ad
1846 3650 2212 3713 spernendum
2254 3661 2445 3698 aurum
2489 3660 2653 3711 quam
2684 3661 2784 3698 eu-

1737 3722 1912 3787 pidior
1975 3723 2091 3773 eius
2154 3723 2359 3786 cogendo·
2379 3761 2391 3784 ‚
2460 3721 2787 3785 congerendi

1738 3796 1974 3861 undique
2021 3798 2077 3846 et
2119 3795 2355 3861 quolibet
2408 3795 2573 3845 modo
2624 3797 2784 3846 etiam

1737 3869 1939 3932 illicito,
1990 3870 2128 3920 adeo
2171 3871 2234 3919 ut
2275 3870 2548 3933 rapiantur
2589 3867 2676 3919 vel
2720 3882 2788 3919 ex

1739 3943 1951 4009 templis
1996 3944 2216 3995 donaria
2263 3956 2451 4003 aurea,
2504 3956 2573 3993 ex
2614 3943 2787 4007 iisque

1741 4019 1983 4069 conflatis
2026 4031 2157 4070 vasa
2202 4017 2271 4067 ad
2314 4029 2473 4068 usum
2504 4016 2787 4081 profanum

1740 4093 2000 4145 destinata
2022 4117 2029 4126 ·
2050 4094 2449 4145 conficiantur.»
2515 4090 2611 4141 Alii
2664 4093 2789 4141 iuu-

1741 4170 1898 4232 gunt:
1935 4180 2111 4231 eogere
2139 4169 2388 4218 hnmano-5
2418 4167 2473 4216 in
2504 4179 2649 4224 usum
2687 4164 2785 4216 sed

1740 4244 1818 4294 sic
1853 4241 2049 4292 tollitur
2088 4242 2351 4307 oppositio
2393 4239 2669 4291 manifesta
2703 4239 2788 4288 in-
