3234 4975
1245 376 1362 425 Lm.
1405 378 1440 425 l.
1512 378 1567 425 (Σ.
1607 378 1758 427 xxn.

2476 380 2501 444 ι1
2516 379 2584 444 34

858 502 1141 597 Daunias
1185 530 1326 599 latis
1368 532 1478 598 alit
1519 532 1890 609 aesculetis,

862 653 993 719 Nec
1036 651 1233 720 Iubae
1277 652 1464 719 tellus
1507 665 1775 742 generat
1816 654 2074 722 leonum

2512 660 2590 725 ⁴5

1104 775 1298 841 Arida
1340 775 1569 841 nutrix.

854 934 1028 999 Pone
1071 954 1176 1001 me
1217 933 1417 1022 pigris
1461 932 1569 1001 ubi
1616 934 1788 1002 nulla
1828 938 2073 1025 campis

854 1053 1060 1121 Arbor
1102 1055 1347 1121 aestiva
1388 1066 1721 1122 recreatur
1760 1077 1948 1133 aura,

567 1280 646 1331 44.
682 1281 891 1330 Daunia
922 1281 1038 1330 latis
1078 1279 1114 1330 b
1150 1284 1207 1332 et
1239 1280 1438 1344 aliquot
1468 1280 1712 1343 Bentleii,
1759 1284 1966 1332 Daunia
2006 1285 2061 1334 in
2100 1286 2217 1334 latis
2249 1285 2525 1338 Pulmanni

499 1354 631 1405 Cod.
667 1355 726 1415 B,
764 1358 883 1405 octo
905 1356 1151 1415 Pottierii,
1188 1354 1352 1406 Aldus
1384 1357 1492 1407 LCt
1525 1358 1580 1406 et
1610 1356 1808 1417 Bentl.,
1844 1358 2082 1408 Dauniae
2112 1359 2228 1408 lacis
2261 1360 2368 1410 duo
2403 1364 2527 1411 Pot-

500 1430 633 1479 tierii
682 1432 736 1479 et
783 1442 922 1479 corr.
975 1430 1027 1479 d.

1101 1431 1180 1493 (Ut
1220 1443 1335 1491 nos,
1382 1431 1616 1494 quinque
1660 1432 1826 1481 nostri
1870 1435 1925 1482 et
1961 1445 2043 1496 pr.
2082 1433 2135 1492 d,
2178 1431 2303 1499 βγδ,
2351 1448 2431 1498 pr.
2468 1453 2522 1497 κ,

498 1505 749 1566 quattuor
778 1503 993 1565 Bland.,
1040 1507 1175 1556 Pott.
1217 1506 1263 1567 4,
1308 1507 1357 1566 2,
1396 1506 1446 1566 6,
1483 1505 1531 1565 9,
1570 1504 1670 1567 44.)
1710 1532 1765 1541 -
1810 1507 1889 1557 48.
1932 1508 2081 1571 aura]
2118 1510 2298 1559 untbra
2332 1512 2526 1563 Marius

496 1579 797 1629 Victorinus
830 1592 884 1643 p.
922 1580 1068 1629 2603.
1108 1581 1162 1630 P.

497 1773 577 1825 44.
645 1773 894 1839 Daunias]
948 1774 1140 1825 adiect.
1162 1813 1174 1835 ,
1243 1776 1476 1826 Daunias

429 1851 599 1908 terra,
652 1860 779 1912 pars
819 1847 1037 1913 Apuliae
1084 1850 1225 1899 circa
1278 1851 1476 1911 Garga-

431 1936 563 1973 num
597 1926 852 1973 montem.
902 1924 1152 1987 (nDaunia
1175 1923 1360 1988 Apulia
1384 1938 1478 1987 ap-

427 1996 658 2064 pellatur
697 2011 728 2046 a
776 1999 964 2047 Dauno
1013 1997 1254 2061 Illyricae
1304 1999 1475 2061 gentis

429 2070 576 2121 claro
609 2073 742 2131 viro,
782 2074 871 2134 qui
906 2085 1028 2123 eam
1048 2076 1269 2137 propter
1291 2073 1476 2123 dome-

427 2148 621 2196 sticam
656 2145 975 2197 seditionem
999 2147 1269 2197 excedens
1302 2149 1473 2212 patria

429 2222 764 2284 occupavit.»
821 2223 1022 2271 Festus.
1101 2224 1293 2272 Postea
1348 2223 1475 2272 Dio-

431 2295 606 2346 medis
640 2309 799 2346 socer
832 2296 1002 2346 sactus
1036 2297 1154 2358 est.)
1208 2298 1292 2348 Sic
1316 2297 1476 2347 semi-

428 2383 624 2433 graece
655 2371 966 2431 Ambracias,
1003 2370 1229 2433 Caspias,
1263 2372 1477 2421 Amazo-

422 2446 540 2495 nios
569 2447 783 2508 securis,
825 2446 986 2496 Pelias
1025 2446 1188 2509 hasta,
1222 2447 1476 2497 Nasamo—

424 2521 540 2570 nias
569 2522 741 2582 Harpe
762 2521 904 2584 apud
928 2525 1130 2584 poetas.
1168 2521 1319 2572 Adde
1344 2523 1476 2572 Gno-

424 2596 553 2655 sia-³,
588 2609 726 2645 uxor
758 2596 857 2644 eris
889 2595 1036 2645 ovid.
1073 2599 1132 2646 A.
1169 2599 1229 2647 A.
1270 2598 1317 2657 4,
1355 2597 1468 2646 556.

421 2671 566 2719 italis
604 2684 698 2719 ora
729 2671 861 2734 Epp.
900 2684 962 2719 ex
998 2671 1148 2720 Pont.
1184 2673 1242 2732 2,
1286 2671 1342 2734 3,
1385 2670 1466 2722 84.

423 2745 620 2795 Parthis
641 2744 813 2796 Manil.
841 2744 889 2806 4,
924 2745 1039 2795 803.
1063 2759 1319 2795 mamere
1336 2748 1473 2808 picta

425 2820 613 2868 Nomas
663 2820 812 2870 Mart.
866 2820 916 2880 8,
962 2822 1043 2881 55,
1086 2820 1134 2870 8.
1206 2821 1468 2881 Oceanim,

424 2894 730 2956 Neptuniae,
777 2894 1086 2944 Tiberinides.
1137 2895 1301 2957 (Ovid.
1329 2897 1465 2947 Fast.

425 2970 475 3028 2,
511 2969 645 3032 597.)
714 2968 1070 3021 Memorabilis
1119 2973 1203 3020 est
1251 2973 1472 3035 propter

425 3044 612 3093 nescio
668 3044 813 3107 quod
864 3057 1184 3107 perversum
1239 3058 1468 3096 acumen

426 3117 617 3168 Clerkii
672 3118 1007 3168 coniectura:
1077 3119 1311 3169 Daunius
1353 3121 1469 3170 latis

422 3193 530 3255 aqit
560 3193 846 3253 aesculetis,
892 3192 946 3241 id
987 3196 1093 3254 est,
1148 3193 1336 3258 «Apuli
1371 3207 1469 3243 ve-

423 3269 667 3319 nantur.»
736 3266 838 3316 Sed
873 3281 1081 3318 meram
1114 3267 1470 3332 interpolatio-

424 3356 548 3394 nem
567 3355 688 3392 esse
705 3344 868 3405 patet.
886 3342 1053 3393 Codd.
1074 3341 1276 3405 aliquot
1290 3341 1462 3402 lectio,

422 3418 630 3468 Daunia
661 3418 714 3464 in
741 3417 874 3476 latis,
910 3418 1113 3479 ingrata
1136 3419 1219 3466 est
1238 3415 1322 3466 vel
1346 3429 1469 3481 pro-

420 3494 544 3556 pter
574 3492 913 3542 iotacismum
945 3492 965 3541 i
987 3493 1033 3551 i;
1072 3503 1248 3553 neque
1271 3492 1326 3541 in
1347 3504 1467 3541 ma-

343 3577 352 3582 *
421 3580 500 3630 gls
533 3567 924 3626 necessarium,
963 3579 1125 3629 quam
1161 3566 1255 3615 Od.
1293 3567 1340 3626 4,
1377 3567 1460 3626 23,

420 3643 469 3691 2.
507 3642 629 3690 ante
662 3653 715 3690 V.
749 3639 1012 3690 montibus.
1055 3666 1110 3676 —
1153 3639 1283 3703 latis]
1315 3652 1464 3690 «am—

420 3714 568 3780 plum
601 3716 832 3777 regionis
867 3714 1004 3765 illius
1039 3717 1270 3765 tractum
1303 3728 1466 3767 occu-

420 3789 720 3854 pantibus»
762 3817 816 3825 ——
852 3789 1125 3853 aesculetis]
1156 3789 1462 3840 Aemuletum

419 3878 616 3916 nomen
692 3868 807 3915 erat
872 3864 975 3915 loci
1051 3863 1198 3915 urbis
1261 3866 1457 3916 Romae

421 3940 603 4001 (Varro
638 3942 692 3990 L.
732 3941 787 3990 L.
814 3942 864 4002 5,
904 3941 1057 4004 ⁴52),
1094 3940 1230 3989 adeo
1264 3942 1324 3990 ut
1354 3954 1454 4005 pro

416 4004 571 4079 ἅπαξ
609 4014 925 4082 λεγομένῳ,
967 4017 1028 4064 ut
1069 4014 1279 4077 volunt,
1323 4015 1378 4064 h.
1417 4014 1449 4064 l.

415 4088 601 4140 haberi
623 4093 881 4154 nequeat:
918 4095 1220 4152 quer-cettan,
1254 4089 1455 4139 robore-

1551 1778 1741 1839 Georg.
1779 1778 1828 1837 2,
1867 1778 1947 1827 46.
1978 1805 2033 1812 -
2070 1778 2219 1829 Iubae
2251 1780 2406 1845 tellus]
2442 1783 2592 1832 Mau-

1549 1853 1750 1900 retania
1795 1853 1848 1900 et
1891 1852 2151 1902 Numidia.
2222 1856 2404 1906 Utrum
2438 1855 2594 1905 intel-

1549 1923 1737 1974 lexerit
1769 1925 1955 1976 Iubam
1977 1927 2038 1987 1.,
2077 1926 2347 1979 devictum
2372 1929 2441 1979 ad
2463 1930 2596 1980 Tha-

1548 2011 1707 2062 psum
1744 1998 1849 2062 (ubi
1888 2003 2109 2050 Caesar:
2146 2004 2341 2066 Perfida
2383 2018 2597 2068 mayna-

1546 2075 1673 2123 m'mi
1703 2076 1923 2124 contudit
1943 2089 2093 2125 anna
2111 2077 2263 2126 Iubae
2283 2078 2429 2128 Ovid.
2454 2080 2589 2131 Fast.

1548 2146 1596 2209 4,
1635 2148 1800 2211 380.),
1838 2163 1903 2200 an
1940 2151 2054 2200 eius
2089 2150 2254 2201 fllium
2287 2151 2474 2204 Iubam
2506 2155 2591 2215 11.,

1547 2224 1641 2285 qui
1675 2225 1802 2274 tunc
1834 2223 2110 2286 regnabat,
2145 2227 2232 2275 vix
2255 2226 2461 2278 definiri
2492 2243 2594 2292 po-

1547 2299 1670 2347 test.
1707 2297 1824 2347 vid.
1863 2302 2043 2349 tamen
2078 2301 2393 2352 Excursum.

1614 2372 1695 2421 46.
1742 2373 1918 2438 Arida]
1962 2374 2074 2423 l-loc
2116 2374 2221 2424 adi.
2257 2390 2358 2439 per
2391 2377 2592 2442 hyper-

1545 2445 1712 2496 baton
1754 2447 2097 2498 reserendum
2141 2462 2259 2500 esse
2303 2451 2371 2501 ad
2417 2452 2588 2504 subst.

1546 2522 1688 2570 tellus
1736 2525 1922 2571 censet
1971 2523 2255 2573 Schroeter
2302 2523 2334 2574 l.
2374 2524 2407 2574 l.
2444 2540 2498 2591 p.
2537 2528 2585 2577 8.

1547 2597 1654 2644 not.
1692 2596 1739 2645 2.
1780 2596 1856 2645 Cf.
1895 2596 1988 2644 Od.
2030 2597 2085 2657 4,
2132 2598 2222 2657 25,
2267 2599 2345 2648 48.
2385 2601 2490 2649 Sat.
2531 2602 2585 2660 4,

1546 2672 1603 2730 5,
1632 2668 1713 2720 49.
1740 2670 1822 2719 72.
1849 2669 1907 2730 8,
1946 2669 2026 2721 34.
2062 2699 2113 2706 -
2139 2672 2335 2735 nutri-c]
2356 2672 2501 2722 Iliad.
2527 2675 2586 2736 θ,

1545 2742 1608 2795 47
1626 2759 1638 2792 :
1659 2737 1814 2809 Ἴδην
1832 2770 1857 2781 -
1876 2770 1901 2780 -
1919 2746 2141 2814 μητέρα
2162 2742 2372 2815 θηρῶν.
2412 2748 2585 2812 Epigr.

1544 2819 1700 2869 Anth.
1739 2817 1845 2870 Pal.
1882 2822 1921 2869 1.
1960 2834 2011 2884 p.
2051 2822 2174 2870 204:
2226 2818 2420 2892 Μῆτερ
2454 2821 2586 2889 ἐμή,

1543 2895 1681 2960 γαίη
1698 2893 1973 2964 Φρυγίων,
1997 2895 2303 2967 θρέπτειρα
2323 2893 2584 2948 λεόντων.

1610 2970 1690 3019 47.
1736 2971 1867 3020 Pone
1900 2984 1981 3021 me
2018 2970 2144 3033 cet.]
2187 2972 2481 3024 «Veterum
2518 2973 2587 3024 de

1543 3046 1780 3109 quinque
1830 3047 1977 3095 zonis
2019 3046 2326 3110 opinionem
2368 3047 2436 3098 ad
2483 3047 2590 3099 ele-

1541 3121 1906 3183 gantissimam
1946 3133 2132 3170 earum
2172 3119 2587 3186 descriptionem

1542 3194 1687 3258 apud
1720 3195 1859 3257 Virg.
1887 3196 2074 3256 Georg.
2111 3195 2160 3255 4,
2196 3195 2309 3244 233.
2338 3196 2495 3248 docte
2531 3201 2586 3248 et

1541 3270 1790 3318 accurate
1810 3268 2053 3332 exposuit
2070 3268 2306 3319 Vossius.
2332 3270 2481 3321 Adde
2506 3274 2586 3322 Ti-

1540 3342 1667 3393 bull.
1686 3342 1734 3404 4,
1756 3343 1804 3403 4,
1818 3344 1904 3392 454
1920 3382 1931 3392 .
1949 3341 2096 3392 ovid.
2112 3344 2234 3393 Met.
2254 3344 2300 3405 4,
2318 3343 2379 3395 45
2393 3359 2580 3408 seqq.»

1539 3420 1783 3468 Domum.
1825 3443 1880 3452 --
1917 3416 2099 3482 pigris]
2154 3411 2411 3487 «ἀργοῖς,
2458 3420 2583 3471 nihil

1538 3491 1961 3558 producentibus
1978 3531 1990 3553 ,
2028 3492 2164 3541 adeo
2186 3495 2246 3541 ut
2269 3505 2335 3542 ne
2358 3492 2581 3545 arbores

1538 3567 1757 3631 quidem
1805 3565 1877 3615 ibi
1915 3567 2253 3629 proveniant,
2308 3579 2446 3629 quae
2494 3582 2580 3618 re·-

1535 3644 1727 3703 creari,
1764 3643 2119 3702 revirescere,
2156 3642 2365 3704 possint
2396 3643 2578 3695 afflatu

1535 3717 1836 3781 tepidarum
1888 3717 2093 3780 primae
2148 3716 2364 3766 aestatis
2418 3729 2577 3767 aura-

1533 3804 1706 3841 rum.»
1775 3792 1984 3840 Lucret.
2021 3791 2071 3850 5,
2109 3788 2233 3839 745:
2281 3789 2460 3840 brmm
2490 3794 2574 3841 m·—

1529 3880 1612 3916 ves
1644 3867 1795 3929 affert
1816 3865 2119 3927 pigrumque
2148 3864 2383 3927 rigorem.
2421 3867 2569 3920 Ovid.

1530 3942 1648 3990 Am.
1686 3940 1735 4000 3,
1773 3940 1821 4000 6,
1858 3937 2135 4001 94:1›i9ra
2164 3937 2332 3989 hiems.
2385 3941 2479 3991 Od.
2518 3942 2567 4003 4,

1528 4015 1576 4074 7,
1605 4015 1693 4063 ⁴2:
1721 4014 2091 4063 Bruma-iners.
2122 4040 2177 4049 —
2201 4015 2350 4078 aura]
2378 4013 2564 4064 Catull.

1527 4088 1616 4148 62,
1649 4086 1704 4138 44
1730 4102 1742 4135 z
1799 4087 1929 4151 (ilos)
1967 4089 2123 4150 Quem
2151 4089 2365 4139 mulcent
2386 4102 2561 4139 aurae.

415 4168 518 4214 m
571 4177 702 4215 sane
765 4164 1112 4228 frequentius.
1200 4163 1449 4225 Aemate-s,
1524 4162 1673 4215 Marii
1704 4162 1955 4213 Victorini
1984 4166 2245 4213 recreatur
2272 4163 2455 4214 umbra
2483 4165 2567 4213 est

413 4236 627 4305 φηγός,
664 4239 1129 4290 Wintereiche.
1187 4240 1340 4289 Voss.
1380 4237 1449 4288 ad
1521 4234 1768 4302 σφάλμα
1797 4233 2173 4302 μνημονικόν.
