3234 4975
658 404 738 469 84
1417 406 1671 456 HonA‘ru
1706 406 2043 459 CARMINUM

657 566 815 625 Cato,
859 564 1053 624 Varr0‚
1101 564 1317 623 Cicero,
1362 564 1605 614 Horatius
1640 562 1735 614 Od.
1773 563 1822 625 4,
1863 565 1942 624 ⁴5,
1979 564 2060 613 29.
2103 562 2209 627 (ubi
2243 562 2390 615 locos
2423 565 2567 629 ipsos
2601 577 2811 614 memo-

654 648 924 710 ravimus),
961 646 1326 697 huiuscemodi
1359 642 1519 698 fuisse
1555 649 1972 698 consentaneum
1997 650 2094 698 est.
2153 646 2303 696 Nullo
2327 648 2482 710 igitur
2504 648 2663 698 modo
2687 661 2809 698 cum

655 731 752 782 illis
798 731 1091 795 comparari
1140 733 1314 794 potest
1360 730 1462 780 hoc
1497 743 1714 780 carmen
1734 768 1746 792 ,
1795 731 1849 780 in
1884 744 2008 794 quo,
2046 731 2324 781 exordium
2357 743 2486 781 sane
2521 745 2551 781 a
2585 732 2811 781 Pindaro

655 816 940 874 mutuatuS,
968 826 1090 863 mox
1115 826 1240 862 vero
1265 814 1540 877 proprium
1563 814 1824 877 impetum
1847 816 2083 875 secutus,
2109 828 2245 863 nova
2269 827 2487 878 prorsus
2509 816 2811 865 inventione

653 897 901 949 Romanis
935 896 1314 946 commendare
1351 897 1638 946 Caesarem
1661 895 1909 959 clareque
1936 896 2129 947 docere
2154 898 2333 948 studet
2367 911 2552 948 eorum
2585 897 2809 948 salutem

654 994 716 1031 ac
768 981 970 1031 bouum
1019 978 1292 1045 publicum
1339 980 1492 1030 unice
1542 980 1592 1030 in
1638 979 1724 1030 illo
1771 980 1891 1042 niti,
1940 982 2116 1045 potius
2162 994 2352 1045 quam,
2401 983 2462 1031 ut
2492 979 2576 1030 alii
2608 980 2808 1039 volunt,

652 1067 856 1116 rectam
890 1064 1194 1115 dominandi
1227 1065 1369 1114 viam
1404 1065 1502 1128 ipsi
1537 1063 1930 1123 demonstrare;
1974 1066 2180 1114 tantum
2222 1065 2365 1115 enim
2400 1065 2493 1128 qui
2525 1064 2625 1114 sibi
2661 1078 2813 1115 arro-

653 1152 864 1211 gasset?
928 1149 1207 1210 Principem
1251 1148 1406 1210 igitur
1449 1160 1575 1197 cum
1622 1147 1702 1197 dis
1746 1146 2158 1208 immortalibus,
2207 1161 2333 1198 curn
2366 1147 2647 1208 heroibus,
2685 1160 2809 1197 cum

653 1232 1010 1282 Romanorum
1061 1230 1365 1282 clarissimis
1415 1230 1716 1295 quibusque
1770 1231 2072 1293 consociat,
2133 1232 2188 1280 et
2237 1232 2447 1295 egregia
2506 1234 2619 1281 arte
2680 1244 2811 1282 usus

654 1315 814 1364 etiam
850 1314 1056 1365 feroces
1091 1314 1305 1364 Catonis
1339 1328 1524 1365 manes
1561 1315 1608 1363 ei
1645 1315 1796 1377 quasi
1829 1312 2039 1378 placare
2076 1318 2313 1364 conatur.

784 1399 920 1447 Scite
963 1400 1110 1448 notat
1149 1397 1361 1447 Lilbker
1401 1411 1500 1462 per
1532 1400 1713 1448 ternas
1747 1411 1963 1462 semper
1995 1398 2241 1462 strophas
2278 1397 2527 1461 aequales
2563 1398 2811 1449 carminis

652 1480 934 1545 particulas
969 1481 1231 1531 constitui.
1300 1482 1499 1544 Dignus
1534 1483 1694 1532 etiam
1735 1483 1817 1533 est
1852 1483 1940 1544 qui
1976 1482 2044 1532 de
2078 1482 2181 1532 boc
2215 1496 2263 1533 c.
2301 1481 2505 1546 legatur
2536 1484 2812 1533 Buttman-

653 1577 754 1614 nus
787 1563 1001 1627 Mythol.
1043 1565 1089 1613 4.
1127 1578 1180 1630 p.
1218 1565 1298 1615 26.
1341 1593 1396 1601 —-
1433 1567 1583 1615 Anno
1620 1568 1801 1615 autem
1835 1566 2046 1615 circiter
2067 1578 2119 1615 u.
2148 1580 2196 1616 c.
2224 1567 2336 1616 729.
2373 1565 2459 1617 vel
2493 1567 2627 1628 730„
2665 1568 2810 1616 certe

653 1650 775 1697 ante
809 1646 1038 1699 Marcelli
1072 1647 1450 1699 adolescentuli
1483 1651 1715 1699 mortem
1751 1649 1813 1713 (a.
1842 1650 2003 1714 73⁴.),
2043 1651 2397 1713 compositum
2431 1663 2549 1700 esse
2585 1649 2813 1700 arbitror

656 1744 781 1781 cum
820 1731 1057 1781 Franki0.

786 1815 979 1863 Curtzii
1025 1812 1377 1865 Corbacensis
1422 1815 1697 1879 opiniones
1743 1815 1811 1865 de
1844 1816 1948 1867 hoc
1983 1817 2219 1867 carmine
2256 1816 2653 1881 interpretando
2688 1818 2810 1866 novi

656 1897 1046 1961 quadamtenus
1093 1911 1158 1947 ex
1202 1897 1427 1948 Liibkeri
1479 1899 1871 1964 supplementis
1922 1914 1976 1964 p.
2026 1900 2139 1951 540.
2190 1902 2244 1950 et
2291 1900 2454 1950 Iahnii
2505 1903 2565 1951 N.
2620 1899 2805 1952 Annal.

653 1981 872 2031 XXXIV.
923 1982 968 2029 ⁴.
1019 1994 1073 2044 p.
1122 1980 1232 2041 97.‚
1282 1981 1380 2031 sed
1425 1995 1575 2034 meas
1621 1986 1907 2048 propterea
1954 1986 2160 2034 mutare
2209 1968 2431 2035 necesse
2477 1998 2581 2035 non
2626 1984 2805 2037 habui.

655 2065 785 2114 Sunt
817 2061 933 2113 illae
969 2067 1146 2114 tamen
1182 2064 1388 2128 dignae,
1428 2080 1563 2129 quae
1600 2067 1777 2118 denuo
1814 2069 2197 2118 examinentur.
2242 2097 2295 2104 —
2331 2070 2391 2118 ln
2427 2067 2674 2118 omnibus
2720 2082 2812 2118 au-

654 2150 765 2197 tem
798 2146 1110 2199 lectionibus
1145 2151 1526 2211 controversis,
1564 2153 1624 2201 ut
1654 2151 1812 2202 video
1847 2166 1913 2201 ex
1946 2152 2153 2213 Iahni0,
2190 2165 2405 2202 mecum
2429 2152 2567 2210 facit,
2605 2151 2811 2215 praefe-

654 2244 781 2282 rens
823 2232 936 2295 ipse
972 2244 1209 2295 quoque:
1253 2233 1406 2282 sumis
1444 2234 1654 2297 recinet,
1694 2237 1944 2297 parcum,
1989 2241 2177 2297 terra-3,
2222 2236 2504 2299 occupavit,
2540 2236 2695 2286 Stella
2724 2250 2810 2286 re-

653 2315 816 2378 fulsit,
854 2316 985 2377 quod
1017 2316 1087 2365 sic
1117 2317 1339 2379 voluere,
1375 2324 1526 2382 reget.
