3234 4975
1199 406 1318 455 LlB.
1356 405 1419 454 11.
1490 405 1548 455 C.
1587 404 1715 455 xvi.

2461 398 2573 464 30¹

754 561 955 626 Ocior
998 559 1209 626 cervis
1255 568 1320 625 et
1363 568 1591 645 agente
1640 558 1892 626 nimbos

922 681 1123 749 Ocior
1165 681 1357 746 Euro.

750 840 985 905 Laetus
1017 838 1081 903 in
1113 858 1428 926 praesens
1460 838 1712 904 animus
1741 837 1920 925 quod
1951 836 2116 903 ultra
2144 847 2245 903 est

2500 838 2582 902 25

752 959 983 1027 Oderit
1023 979 1253 1049 curare
1298 969 1363 1026 et
1405 978 1629 1025 amara
1667 957 1843 1025 lento

749 1082 1091 1167 Temperet
1136 1081 1315 1159 risu;
1363 1079 1516 1146 nihil
1561 1089 1664 1146 est
1705 1078 1787 1145 ab
1831 1079 2005 1145 omni

545 1307 629 1356 26.
668 1307 799 1357 laeto
832 1306 898 1357 Ct
945 1307 1145 1367 (contra
1180 1303 1372 1355 codd..
1387 1306 1597 1354 nostros
1633 1305 1688 1354 et
1718 1305 1851 1354 Pott.
1890 1303 2129 1403 omnes),
2167 1304 2265 1355 loni
2297 1304 2517 1355 Bentleii

479 1381 730 1445 suspicio.
802 1383 1084 1431 Praeterea
1119 1379 1265 1431 idem
1299 1378 1605 1437 dubitanter
1637 1379 1919 1443 proponit.
1957 1379 2119 1428 animi
2138 1405 2169 1416 -
2188 1405 2219 1416 -
2241 1378 2416 1430 odoris
2436 1406 2465 1416 -
2487 1405 2517 1416 -

484 1455 751 1517 Temperes.

411 1650 602 1700 numdi.
640 1649 698 1709 9,
734 1648 855 1700 409:
900 1649 1045 1698 eoeeul
1074 1649 1346 1711 montisque
1367 1650 1460 1698 do·

411 1737 632 1785 memque.
703 1724 897 1773 Lucan.
936 1723 994 1782 8,
1033 1721 1155 1773 334ε
1193 1724 1461 1786 &misma

411 1799 825 1848 mundi.l²etron.
845 1798 926 1846 Fr.
944 1798 974 1846 5
996 1812 1007 1845 :
1034 1798 1462 1848 Ciconia--eoesul

410 1872 599 1931 Mennis,
619 1873 820 1921 Graeco
838 1870 1025 1930 modo;
1052 1870 1454 1936 Eurip.l-1ippol.

413 1946 536 1996 284ε
572 1938 1084 2011 ἔκδημος-χθονός.
1122 1946 1344 1996 Theocr.
1371 1945 1454 2007 24,

414 2019 532 2069 ⁴27:
571 2014 763 2086 φυγάς
781 2015 1030 2090 Ἄργεος.

476 2093 558 2144 24.
595 2094 1046 2159 Scandit--Curnj
1075 2094 1170 2144 Od.
1198 2094 1248 2155 3,
1276 2095 1333 2156 4,
1359 2093 1454 2145 40:

409 2166 522 2216 Post
540 2169 751 2229 equitem
771 2170 903 2218 sedet
922 2173 1043 2217 atra
1065 2169 1218 2218 Cura.
1245 2168 1453 2217 Lueret.

411 2242 469 2301 2,
497 2240 1461 2303 46:130veraquomomshominwncu-

410 2327 600 2375 raoque
630 2330 864 2378 sequaces
895 2318 998 2365 Nec
1028 2319 1253 2365 metuam!
1273 2315 1462 2364 sonitus

412 2401 677 2438 annorum
708 2403 798 2439 nec
838 2390 954 2451 fera
986 2390 1085 2438 teta
1115 2389 1461 2451 Audacterque

409 2463 542 2512 inter
581 2475 722 2527 reyes
760 2475 1030 2523 remque
1061 2467 1286 2525 potentes
1336 2463 1461 2511 Vor-

408 2541 588 2586 santur
621 2548 779 2596 neque
807 2537 1055 2599 fulgorem
1082 2540 1375 2585 reverentur
1395 2535 1459 2585 ab

408 2623 541 2660 auro
583 2611 687 2659 Nec
728 2610 926 2660 clm-um
962 2611 1109 2659 vestis
1151 2610 1460 2671 splendorem

400 2687 707 2747 pur-pareat.
767 2710 821 2719 —
871 2684 1080 2748 vitiosa]
1134 2681 1454 2742 «morbosa,

410 2772 474 2808 ex
527 2757 722 2808 mentis
768 2758 894 2807 vitio
946 2758 1122 2807 orta.»
1180 2782 1236 2792 -
1287 2755 1456 2819 naves]

409 2833 794 2895 Excerptorum
844 2830 992 2881 Bodl.
1039 2843 1234 2894 puppes
1281 2832 1457 2881 ortum

411 2908 495 2957 est
526 2904 610 2955 vel
646 2919 710 2955 ex
746 2904 969 2955 fortuitis
998 2904 1096 2956 illis
1119 2904 1456 2954 librariorum

409 2978 861 3040 aberrationibus‚
899 2979 1095 3043 quibus
1128 2980 1456 3041 homonyma

411 3053 510 3104 alia
545 3052 658 3105 aliis
691 3052 1042 3115 substituunt,
1087 3052 1175 3103 vel
1219 3066 1284 3103 ex
1317 3065 1455 3103 vano

413 3127 702 3190 elegantiae
737 3127 930 3177 studio.

476 3203 559 3251 22.
578 3201 660 3251 23.
678 3206 873 3251 umas
886 3202 1124 3265 equam]
1139 3201 1353 3265 proprie
1371 3214 1460 3251 ao-

410 3275 714 3339 eipiendum
757 3275 824 3325 de
866 3275 1134 3339 equitibus
1168 3276 1219 3326 in
1254 3274 1456 3326 bellum

408 3348 892 3414 proficiscentibus;
929 3351 1030 3400 hos
1063 3351 1207 3413 angit
1226 3347 1312 3399 vel
1335 3362 1457 3400 suo-

410 3437 530 3473 rum
553 3422 879 3474 desiderium
899 3422 983 3474 vel
1005 3424 1239 3488 praedae
1259 3424 1454 3488 cupido

408 3495 492 3546 vel
527 3497 712 3546 mortis
747 3497 921 3547 timor.
962 3522 1017 3531 —
1055 3497 1245 3562 agente]
1293 3510 1454 3562 «prae

408 3583 468 3619 se
502 3568 787 3632 pellente.»

473 3645 556 3693 25.
581 3644 663 3693 26.
699 3644 882 3693 Laetus
913 3643 967 3691 in
992 3644 1247 3707 praesens]
1278 3644 1455 3695 Mirari

408 3716 646 3779 profecto
693 3715 861 3776 subit,
916 3715 1187 3779 quomodo
1238 3719 1356 3779 quis
1401 3719 1454 3767 in

409 3790 494 3840 his
513 3803 600 3839 vv.
626 3791 851 3840 haerere
873 3791 1120 3854 potuerit.
1151 3790 1287 3849 Quid
1310 3792 1453 3841 enim

409 3862 551 3913 aliud
595 3863 722 3914 dicit
762 3865 860 3914 nisi
903 3865 1035 3915 hoe:
1093 3865 1354 3927 «Sapiens
1387 3877 1453 3915 eo

406 3936 678 4000 pervenit,
726 3939 786 3987 ut
817 3939 871 3988 in
904 3938 1173 4001 praesenti
1214 3939 1453 4002 tempore

408 4011 464 4060 et
486 4009 792 4074 quotidiana
811 4012 950 4061 vitae
975 4011 1287 4061 condicione
1311 4023 1458 4061 oom-

406 4086 592 4147 parata
640 4084 949 4147 tranquillus
984 4086 1053 4136 sit
1085 4086 1244 4148 atque
1291 4085 1455 4134 etiam

406 4155 586 4207 hilaris
609 4157 844 4208 futurum
868 4160 1085 4209 minime
1112 4162 1293 4219 curet,
1330 4158 1452 4222 quia

405 4243 627 4295 prorsus
661 4232 924 4283 incertum
969 4234 1077 4294 est,
1132 4235 1187 4283 et
1231 4233 1277 4285 si
1324 4232 1453 4294 quid

1532 1648 1634 1712 ipsi
1666 1658 1912 1698 amarum
1937 1647 2230 1711 (ingratum)
2254 1648 2428 1712 primo
2451 1660 2583 1699 con-

1533 1725 1724 1787 spectu
1768 1722 2037 1783 videatur,
2090 1722 2145 1772 id
2191 1725 2370 1773 tamen
2420 1721 2581 1774 veluti

1533 1795 1819 1848 subridens
1865 1797 2126 1862 despiciat
2166 1810 2398 1860 moxque
2444 1797 2583 1848 obli-

1533 1872 1867 1921 viscatur.»‘?
1892 1899 1948 1908 —
1994 1873 2127 1934 quod
2163 1873 2304 1921 uum
2348 1872 2433 1936 est]
2480 1867 2583 1921 «τὰ

1532 1938 1760 2016 πόῤῥω,
1802 1946 2032 2008 fictura.»
2072 1973 2126 1982 —
2173 1946 2358 2009 Oderit]
2404 1946 2577 2007 odisse,

1527 2021 1705 2084 fuqere
1736 2020 1880 2084 apud
1911 2023 2099 2085 poetas
2132 2033 2231 2084 pro
2259 2019 2478 2070 «nolle».
2522 2046 2578 2056 —

1529 2093 1676 2159 lento]
1702 2096 1939 2158 «quieto,
1967 2094 2276 2144 moderato»
2296 2094 2578 2159 (gelassenk

1532 2181 1659 2217 nam
1704 2170 1844 2218 risus
1886 2172 1970 2219 est
2010 2170 2170 2218 etiam
2204 2167 2577 2231 contumeliae,

1532 2242 1615 2292 est
1637 2241 1905 2292 interdum
1929 2242 2339 2305 desperationis,
2376 2241 2581 2293 violen-

1531 2318 1636 2366 tus.
1674 2316 1758 2365 Sic
1780 2315 1922 2378 apud
1946 2317 2055 2366 Cic.
2083 2316 2151 2365 de
2175 2316 2261 2365 Or.
2289 2318 2340 2377 2,
2378 2316 2427 2379 S.
2464 2316 2575 2366 ⁴90.

1530 2389 1642 2438 irae
1685 2389 1973 2452 opponitur
2016 2390 2211 2451 aliquid
2253 2389 2381 2439 lente
2424 2391 2574 2452 ferre.

1531 2462 1673 2526 virg.
1712 2461 1818 2512 Ecl.
1857 2462 1915 2524 4,
1952 2461 2011 2514 4:
2059 2464 2153 2524 Tu,
2195 2463 2383 2526 Tityre,
2421 2464 2582 2514 Ιοηινι

1530 2536 1788 2584 inumbra
1814 2539 1939 2598 cet.‚
1974 2536 2068 2587 ubi
2090 2539 2353 2600 Wagner:
2393 2539 2583 2589 «lenitus

1533 2611 1617 2659 est
1671 2608 2008 2672 tranquillus,
2066 2623 2172 2660 non
2224 2614 2578 2662 commotus.»

1533 2682 1637 2745 (Ibi
1693 2695 1908 2746 quoque
1972 2683 2140 2733 Codd.
2200 2684 2322 2746 aliq.
2381 2685 2580 2748 laetus.)

1533 2754 1744 2806 Consol.
1791 2755 1858 2805 ad
1903 2757 2012 2805 Liv.
2052 2758 2184 2819 Aug.
2222 2757 2345 2807 279:
2406 2758 2581 2808 Const-

1530 2835 1662 2879 stam
1683 2829 1922 2891 laetisque
1938 2829 2091 2878 oculis
2112 2831 2366 2892 lentusque
2382 2830 2582 2894 (αἰσίω-

1528 2904 1716 2967 ρίαιόρ,
1752 2903 2054 2968 indifferent)
2084 2903 2256 2954 videbo
2288 2905 2467 2955 Strata
2483 2918 2583 2967 per

1530 2977 1794 3027 obscoenae
1841 2991 2060 3040 corpora
2105 2979 2247 3028 nuda
2290 2980 2419 3029 vias.
2495 2981 2581 3031 Sic

1531 3053 1694 3102 etiam
1736 3051 1987 3103 Martialis
2030 3053 2089 3113 2,
2127 3051 2217 3114 46,
2255 3053 2312 3102 7:
2365 3054 2437 3103 Pu
2465 3067 2581 3117 spe-

1528 3131 1638 3176 ctas
1678 3127 1885 3176 hiemem
1926 3127 2162 3176 succincti
2205 3128 2364 3177 lautus
2406 3129 2574 3179 antici.

1531 3201 1631 3260 Qui
1665 3213 1772 3250 non
1806 3198 2194 3263 intelligebant,
2249 3202 2580 3266 seripserunt

1528 3275 1678 3335 laeto,
1715 3273 1860 3337 quod
1893 3273 2223 3325 intolerabile
2260 3279 2343 3326 est
2379 3279 2503 3340 post
2522 3289 2574 3326 v.

1527 3349 1723 3398 Laetus.
1760 3347 1980 3400 Bentleii
2011 3349 2110 3400 leni
2142 3352 2264 3413 apta
2299 3353 2383 3400 est
2412 3351 2580 3400 inter-

1527 3422 1781 3485 pretatio,
1835 3435 1943 3472 non
1978 3423 2298 3473 emendatio.
2365 3422 2575 3473 Anthol.

1527 3494 1635 3545 Pal.
1685 3496 1723 3544 1.
1760 3507 1815 3559 p.
1855 3494 1983 3546 349:
2032 3490 2090 3544 Ὁ
2141 3492 2246 3546 τὸν
2297 3494 2579 3546 πολυστέ-

1527 3582 1741 3618 νοοιτον
1807 3562 2128 3639 ἀνθρώπων
2181 3567 2316 3629 βίον
2369 3567 2580 3620 Γέλωτι

1526 3638 1781 3714 κεράσας
1824 3638 2074 3706 Νικαεὺς
2107 3641 2409 3692 Φιλιστίων
2454 3641 2574 3694 κτλ.

1591 3717 1676 3767 27.
1712 3715 1837 3766 nihil
1868 3716 1955 3780 ost]
1998 3717 2052 3766 in
2093 3716 2258 3766 rebus
2298 3716 2573 3777 humanis;

1527 3791 1675 3840 idem
1717 3789 1787 3840 de
1820 3789 2038 3853 singulis
2083 3788 2397 3842 mortalibus
2431 3790 2578 3841 affir-

1528 3866 1642 3913 mat
1705 3862 2054 3925 Bacchylides
2121 3864 2202 3913 Fr.
2257 3865 2304 3914 4.
2353 3866 2571 3929 Bergk:

1515 3930 1768 3999 Ολβιος,
1828 3927 1990 4002 ᾧτινι
2045 3931 2186 3999 θεὸς
2238 3934 2455 4008 μοῖράν
2515 3953 2577 3989 τε

1528 4007 1724 4058 καλῶν
1793 4023 1899 4059 eno
2063 4006 2181 4061 Σύν
2236 4010 2280 4062 τ’
2333 4008 2575 4078 ἐπιζάλῳ

1525 4079 1678 4149 τύχᾳ
1708 4077 1861 4144 ἀφνε
1984 4082 2190 4144 βιοτὰν
2220 4081 2455 4153 διάγειν·
2491 4080 2573 4136 Οὖ

1525 4153 1637 4228 γάρ
1669 4170 1757 4219 τις
1788 4156 2136 4218 ἐπιχθονίων
2169 4156 2358 4211 πάντα
2390 4163 2440 4228 y'
2477 4155 2574 4212 εὖ·

1524 4227 1808 4295 δαίμων
1781 4247 1915 4295 εφυ.
