3234 4975
637 410 720 474 22
1404 409 1662 459 noim-11
1699 407 2037 458 CARMlNUM

636 568 772 628 Quid
808 569 985 618 enim‘?
1041 567 1358 617 Octavianus
1392 566 1506 629 ipse
1541 578 1601 615 se
1636 578 1743 614 non
1779 563 2152 614 dominationis
2186 563 2471 627 cupiditate
2505 562 2645 614 bella
2679 577 2803 625 ges-

635 653 769 702 sisse
805 663 1184 713 summumque
1219 650 1504 714 imperium
1540 647 1642 698 sibi
1677 661 2046 712 comparasse,
2085 646 2182 698 sed
2217 648 2277 696 ut
2307 648 2507 697 caedem
2530 648 2699 708 patris
2719 647 2803 695 ul-

631 736 899 785 cisceretm
940 736 994 784 et
1033 733 1329 797 perniciem
1371 745 1402 781 a
1446 733 1656 782 civitate
1700 734 1990 793 averteret,
2043 731 2256 795 publice
2300 731 2582 781 affirmavit
2620 731 2801 780 nescio

634 819 879 868 dicamne
915 831 984 867 an
1016 815 1282 868 simulavit
1313 817 1366 866 in
1401 817 1665 876 oratione,
1704 828 1868 878 quam
1902 815 2185 878 imperium
2220 815 2559 879 depositurus
2593 827 2641 863 a.
2667 827 2721 863 u.
2749 827 2796 863 c.

634 902 747 952 726.
787 902 838 951 in
874 902 1062 951 senatu
1095 898 1295 949 habuit.
1366 898 1501 948 Audi
1536 898 1698 948 modo
1735 911 1858 947 eum
1894 899 2162 948 dicentem
2205 897 2350 962 apud
2382 897 2608 947 Dionem
2647 897 2797 947 Cass,

635 985 716 1046 53,
755 984 811 1035 4:
844 979 980 1033 Ἀλλ’
1017 977 1235 1048 ἀφίημι
1265 977 1373 1047 τὴν
1406 974 1596 1051 ἀρχὴν
1629 971 1988 1042 ἅπασαν--,
2025 979 2120 1031 ἵνα
2154 978 2215 1046 ἐξ
2249 975 2441 1031 αὐτῶν
2473 977 2587 1031 τῶν
2618 973 2802 1051 ἔργων

632 1063 1009 1133 καταμάθητε
1043 1060 1226 1128 τοῦθ’,
1260 1058 1351 1116 ὅτι
1384 1058 1503 1116 οὐδ’
1535 1058 1630 1115 ἀπ’
1665 1059 1852 1136 ἀρχῆς
1884 1062 2223 1127 δυναστείας
2254 1060 2412 1128 τινὸς
2434 1062 2799 1129 ἐπεθύμησα,

631 1145 754 1201 ἀλλ’
792 1144 973 1212 ὄντως
1006 1146 1084 1216 τῷ
1127 1163 1189 1199 τε
1232 1150 1403 1219 πατρὶ
1434 1146 1633 1211 δεινῶς
1674 1149 1954 1216 σφαγέντι
1993 1144 2324 1220 τιμωρῆσαι
2356 1149 2456 1199 καὶ
2489 1142 2597 1214 τὴν
2631 1145 2802 1198 πόλιν

632 1234 697 1285 ἐκ
728 1230 993 1301 μεγάλων
1026 1234 1127 1283 καὶ
1160 1229 1493 1297 ἐπαλλήλων
1524 1229 1721 1283 κακῶν
1755 1228 2054 1296 ἐξελέσθαι
2085 1227 2368 1298 ἠθέλησα.
2429 1231 2534 1283 cfr.
2573 1230 2687 1282 Lib.
2713 1232 2797 1291 53,

633 1319 723 1367 9.»
791 1317 942 1368 Adde
987 1317 1135 1366 Ovid.
1182 1318 1318 1368 Fast.
1365 1317 1415 1377 3,
1461 1318 1582 1366 709:
1641 1317 1746 1366 Hoc
1780 1330 1930 1378 opus,
1974 1317 2310 1378 haecpietas,
2347 1315 2670 1376 haecprima
2702 1315 2803 1364 ele-

631 1407 801 1451 menta
828 1401 1033 1464 fuerunt
1054 1402 1283 1451 Caesaris
1313 1401 1484 1449 ulcisci
1503 1401 1638 1449 iusta
1653 1412 1748 1461 per
1770 1413 1921 1449 arma
1941 1405 2157 1461 patrem.
2230 1398 2614 1462 (consulendus
2639 1399 2801 1447 etiam

634 1486 809 1535 mocio
831 1486 902 1534 M.
940 1485 996 1534 F.
1033 1485 1091 1533 R.
1129 1497 1181 1547 p.
1219 1486 1301 1534 55.
1340 1486 1394 1533 et
1428 1483 1569 1542 443..
1607 1482 1702 1532 ubi
1736 1484 1789 1533 in
1824 1483 2057 1533 nummis
2090 1484 2145 1532 P.
2170 1481 2336 1532 Clodii
2371 1482 2616 1532 estmars
2631 1467 2799 1540 altor,

636 1569 835 1626 nudus,
875 1567 1137 1630 galeatus,
1176 1567 1362 1616 dextra
1397 1567 1633 1625 hastam,
1680 1567 1888 1616 sinistra
1930 1565 2162 1629 gladium
2198 1578 2322 1615 cum
2356 1563 2534 1614 balteo
2571 1563 2801 1624 tenens.)

638 1678 693 1689 -
732 1652 966 1715 «Nequit
1006 1664 1225 1701 carmen
1266 1651 1523 1713 scriptum
1567 1662 1688 1700 esse
1731 1651 1855 1713 post
1895 1662 1945 1700 a.
1992 1650 2138 1710 727..
2184 1662 2292 1713 quo
2325 1651 2593 1712 Augustus
2626 1649 2802 1710 impe-

633 1736 774 1784 rium
816 1736 924 1784 iam
965 1735 1270 1798 sumpserat
1312 1735 1366 1782 et
1405 1734 1477 1782 ita
1521 1733 1957 1794 confirmaverat,
2003 1734 2064 1782 ut
2105 1733 2173 1782 de
2213 1733 2407 1782 ruentis
2449 1732 2627 1793 imperi
2658 1730 2807 1779 rebus

637 1819 703 1880 (v.
749 1819 852 1880 25.)
898 1821 952 1868 et
992 1818 1061 1867 de
1103 1818 1340 1867 scelerum
1380 1818 1668 1878 expiatione
1719 1817 1785 1880 (v.
1830 1817 1933 1878 29.)
1985 1828 2329 1880 nequaquam
2377 1816 2562 1879 posset
2603 1814 2804 1863 mentio

636 1899 803 1961 fieri.»
875 1899 1057 1964 (multo
1091 1901 1253 1950 etiam
1287 1901 1464 1951 minus
1498 1915 1546 1950 a.
1585 1900 1721 1959 732.)

733 1982 885 2032 Addo
930 1982 1014 2033 illa
1056 1985 1276 2047 Augusti
1318 1983 1511 2044 verba,
1558 1997 1699 2048 quae
1745 1998 1812 2033 ex
1853 1984 2178 2033 Monumenti
2222 1983 2486 2044 Ancyram
2529 1981 2673 2031 initio
2707 1994 2805 2030 ex-

614 2067 821 2130 scripsi
857 2066 925 2115 ad
958 2080 1009 2116 v.
1047 2066 1128 2117 44.
1166 2068 1295 2117 item
1331 2069 1543 2117 Sueton.
1583 2068 1763 2118 Octava
1804 2068 1892 2116 ⁴0:
1928 2068 2066 2115 Nihil
2087 2067 2454 2115 convenientius
2482 2066 2629 2114 duxit
2651 2077 2807 2126 quam

635 2163 804 2200 necem
835 2150 1071 2199 avunculi
1101 2151 1359 2199 vindicare
1390 2152 1619 2213 tuerique
1649 2156 1792 2200 acta.⁴
1845 2151 1975 2199 Hinc
2007 2149 2188 2200 verbis
2212 2164 2262 2199 v.
2290 2148 2370 2199 45.
2410 2149 2640 2199 Caesaris
2670 2148 2807 2196 altor

635 2234 959 2296 significatur
990 2234 1127 2283 inter
1160 2234 1338 2283 omnia
1370 2232 1575 2297 piacula
1612 2234 1665 2283 in
1699 2231 1841 2283 bello
1876 2231 2011 2282 civili
2046 2233 2333 2282 commissa
2367 2232 2598 2282 maxime
2633 2230 2805 2280 diram

636 2330 757 2367 esse
795 2317 1037 2366 Caesaris
1072 2317 1510 2366 interfectionem.
1589 2316 1696 2366 Cir.
1741 2315 1874 2366 Ibid.
1920 2316 2003 2365 29.
2072 2316 2137 2365 Et
2176 2327 2440 2378 perquam
2483 2317 2605 2378 apte
2646 2316 2805 2378 poeta

636 2412 763 2449 eum
798 2400 1042 2449 Caesaris
1083 2397 1309 2449 ultorem
1354 2398 1439 2448 illo
1481 2401 1597 2461 ipso
1643 2401 1881 2463 tempore
1922 2397 2274 2463 praedicavit,
2322 2410 2428 2461 quo
2471 2396 2646 2460 paullo
2681 2399 2803 2446 ante

636 2482 702 2546 (a.
751 2482 864 2534 724.
913 2483 1022 2532 fere
1066 2481 1259 2544 medio)
1304 2484 1439 2533 teste
1483 2481 1681 2532 Velleio
1724 2484 1773 2545 2,
1820 2482 1910 2533 88:
1975 2482 2282 2532 Ultimus-—
2305 2496 2371 2532 ea>
2413 2481 2806 2545 interfectoribus

639 2568 895 2629 Caesaris,
930 2567 1214 2617 Parmensis
1247 2567 1443 2616 Cassius
1473 2571 1635 2615 morte
1658 2579 1849 2629 poenas
1882 2567 2039 2626 dedit,
2075 2571 2132 2615 ut
2164 2567 2366 2615 dederat
2392 2567 2591 2627 primas
2626 2564 2805 2614 Trebo-

634 2651 773 2708 πᾶα-π
810 2648 998 2699 conato
1034 2647 1242 2698 Valerio
1275 2650 1410 2700 Max.
1452 2650 1500 2709 4,
1527 2651 1575 2709 7,
1602 2651 1651 2698 7.
1689 2651 1752 2699 V.
1779 2650 2055 2699 Weichert
2087 2649 2154 2699 de
2190 2651 2247 2699 L.
2285 2649 2441 2698 Vario
2477 2651 2579 2698 cet.
2605 2660 2657 2711 p.
2684 2646 2800 2698 248.

639 2760 693 2767 —
735 2733 830 2796 (Ad
865 2733 978 2782 dira
1014 2730 1099 2780 ina
1133 2735 1377 2795 portenta
1412 2747 1461 2782 v.
1502 2734 1548 2781 ⁴.
1590 2733 1685 2782 cfr.
1725 2734 1887 2782 etiam
1930 2732 2022 2782 Iob
2068 2732 2148 2795 38,
2194 2734 2284 2783 22:
2330 2733 2586 2793 Numquid
2620 2730 2807 2794 (inquit

636 2816 906 2877 Dominus)
953 2817 1204 2879 ingressus
1236 2830 1285 2866 es
1326 2817 1583 2867 thesauros
1623 2817 1809 2878 nivis,
1856 2821 1948 2866 aut
1986 2817 2244 2866 thesauros
2283 2815 2614 2879 grandinis
2654 2826 2802 2875 aspe-

635 2898 793 2949 xisti?
860 2912 990 2961 quae
1017 2900 1329 2960 praeparavi
1363 2899 1416 2948 in
1448 2905 1640 2961 tempus
1671 2900 1847 2961 hostiS,
1883 2900 1938 2948 in
1971 2900 2101 2948 diem
2125 2912 2332 2963 puqnae
2363 2902 2411 2947 et
2442 2897 2594 2961 belli.)

1274 3232 2006 3291 Excunsus
2085 3234 2173 3288 ΙΙ.

1562 3432 1655 3480 An.
1695 3443 1746 3478 v.
1784 3428 1863 3478 39.

734 3579 878 3629 Haec
919 3578 989 3627 ad
1031 3592 1081 3627 ν.
1129 3578 1211 3626 39.
1283 3578 1572 3627 Clu-istium
1614 3577 1757 3640 apud
1801 3579 2098 3626 Gesnerum
2140 3578 2356 3626 secutus
2398 3576 2719 3640 scripseram
2753 3576 2806 3625 in

634 3661 806 3725 prima
840 3661 1099 3711 Editione.
1171 3659 1496 3724 Approbavit
1528 3659 1921 3722 Dillenburger,
1967 3660 2077 3709 tres
2117 3660 2335 3723 insuper
2366 3657 2513 3710 locos
2546 3659 2802 3720 indicans,

636 3757 742 3807 quo
777 3746 986 3808 equites
1017 3743 1103 3794 vel
1139 3758 1299 3793 curru
1331 3745 1468 3794 vecti
1502 3746 1691 3806 postea
1717 3744 1907 3805 pedites
1939 3742 2060 3793 sacti
2094 3746 2477 3793 memorantur.
2533 3744 2642 3792 Liv.
2669 3744 2717 3803 7,
2744 3742 2800 3792 8:

633 3828 818 3888 equites
850 3829 981 3877 alius
1012 3829 1171 3878 alium
1203 3830 1541 3891 increpantes,
1579 3828 1700 3890 quid
1733 3827 1905 3877 deinde
1935 3831 2173 3887 restaret,
2220 3827 2530 3887 quaerendo,
2571 3826 2616 3873 si
2647 3837 2806 3886 neque

632 3924 699 3960 ex
731 3912 871 3972 equis
892 3913 1195 3973 pepulissent
1214 3912 1398 3961 hostem
1417 3924 1574 3973 neque
1590 3911 1780 3972 pedites
1803 3910 2078 3972 quidquam
2108 3909 2342 3959 mmnenti
2361 3909 2600 3971 facerent.
2659 3908 2802 3970 Virg.

632 3995 764 4043 Aen.
802 3994 851 4054 7,
891 3994 1005 4043 666.
1078 3995 1224 4044 Ovid.
1272 3996 1395 4045 Met.
1446 3992 1526 4054 44,
1573 3993 1685 4043 363.
1765 3991 1861 4043 Alii
1904 3992 2194 4057 simplicius
2236 3993 2305 4042 de
2347 3992 2491 4042 veris
2532 3990 2804 4055 peditibus

635 4077 828 4142 Mauris
862 4090 1148 4140 accepere,
1188 4077 1382 4140 quibus
1415 4075 1553 4126 ultro
1587 4089 1813 4139 suggero
1848 4076 1993 4127 locos
2027 4076 2272 4127 Caesaris
2305 4077 2363 4125 B.
2398 4076 2455 4125 G.
2493 4077 2543 4135 2,
2574 4077 2675 4135 lo„
2714 4073 2805 4123 ubi

637 4164 900 4212 memorat
932 4161 1207 4222 equitatum
1239 4165 1286 4210 et
1317 4161 1437 4209 levis
1468 4165 1767 4210 amaturae
1787 4161 2058 4221 Numidas,
2093 4160 2287 4209 Incerti
2312 4159 2584 4223 scriptoris
2608 4160 2801 4219 Paneg.

634 4245 765 4293 Max.
806 4246 860 4293 et
894 4245 1073 4294 Const.
1100 4244 1155 4293 8:
1209 4243 1536 4305 ferocissimos
1565 4243 1921 4294 Mauretaniae
1955 4242 2192 4305 populas,-
2237 4243 2451 4308 Corippi
2495 4239 2800 4293 Iohanneid.
