3234 4975
1318 414 1435 463 ΗΒ.
1473 415 1531 463 11.
1604 416 1662 463 C.
1705 414 1760 461 V.

2505 413 2623 477 237

1209 877 1680 939 cm
1736 880 1840 939 V·

784 1042 1081 1109 Nondum
1125 1043 1393 1111 subacta
1432 1046 1599 1112 ferre
1647 1048 1866 1133 iugum
1914 1047 2083 1113 valet

790 1165 1087 1241 Cervice,
1137 1166 1419 1232 nondum
1464 1169 1683 1233 munia
1726 1170 2048 1256 comparis

876 1289 1173 1374 Aequare
1217 1309 1337 1355 nec
1381 1289 1544 1354 tauri
1590 1291 1836 1355 ruentis

956 1409 1026 1471 ln
1082 1428 1386 1475 venerem
1430 1408 1707 1475 tolerare
1752 1409 2025 1497 pondus.

785 1567 967 1633 Circa
1011 1567 1293 1633 virentes
1337 1577 1438 1632 est
1480 1570 1733 1634 animus
1778 1579 1927 1634 tuae
2574 1573 2614 1631 5

576 1773 634 1821 V.
673 1773 837 1822 Inscr.
876 1770 1014 1834 volg.
1052 1772 1242 1836 Lalage
1274 1771 1358 1822 vel
1392 1774 1467 1822 Ad
1499 1779 1779 1824 mnatorom
1811 1774 2039 1839 Lalaqcs.
2084 1802 2138 1811 —-
2162 1776 2277 1824 Non
2313 1788 2414 1826 osso
2427 1789 2551 1837 pro-

500 1848 784 1909 perandum
818 1847 887 1895 ad
916 1847 1131 1910 virginis
1163 1847 1382 1896 osculum
1405 1849 1462 1897 B.
1496 1875 1550 1882 —
1576 1849 1713 1897 Dicit
1734 1850 1904 1898 omnia
1925 1864 2024 1898 non
2047 1877 2074 1887 -
2098 1876 2127 1886 -
2150 1850 2374 1899 osculum
2395 1852 2550 1899 eutice

507 1915 800 1986 (εὖκτικὴ)
835 1923 999 1971 oratio
1040 1922 1109 1970 ad
1152 1922 1370 1971 sodalem
1400 1935 1497 1983 por
1541 1923 1838 1987 alleqort'am
1881 1923 1935 1973 b.
1992 1951 2044 1959 -
2094 1924 2169 1973 Ad
2208 1925 2426 1974 sodalem
2451 1938 2551 1986 per

507 1997 801 2059 alleqoriam
846 1997 963 2045 dicit
1007 1997 1179 2045 munia
1220 2011 1320 2046 non
1340 2023 1370 2033 -
1392 2023 1422 2033 -
1443 1997 1666 2046 osma-lum
1710 2010 1755 2046 o.
1805 2025 1858 2034 —
1907 1999 2020 2047 Non
2057 2025 2087 2035 -
2125 2025 2152 2035 -
2191 1999 2412 2054 osculum
2446 1999 2548 2049 Ode

505 2073 768 2122 tetracolos
801 2072 868 2121 ad
903 2071 1172 2122 Gabinium
1205 2072 1260 2121 T.
1304 2099 1358 2108 —-
1417 2072 1717 2134 Μοιαρὴονα
1753 2072 1954 2134 puellae
2000 2074 2069 2121 ad
2109 2074 2370 2122 iuvencam
2403 2074 2453 2121 S.
2488 2099 2541 2109 ‹—

506 2147 553 2195 ὃ.
589 2147 795 2196 virentis
825 2148 935 2196 BSc
961 2149 1013 2196 et
1034 2160 1116 2210 pr.
1143 2147 1199 2196 T.
1242 2146 1361 2209 (non
1398 2145 1510 2207 bd.)

508 2331 569 2380 V.
630 2333 692 2382 Ut
742 2332 794 2381 in
843 2332 1080 2380 carmine
1130 2329 1488 2394 praecedente
1565 2332 1726 2381 etiam
1751 2332 1871 2382 inv.
1891 2328 2085 2402 δάμαρ
2107 2333 2412 2396 conspicua.
2440 2331 2605 2384 Plaut.

441 2405 579 2455 ridet
628 2418 869 2454 amorem
919 2403 1258 2466 ancillarum,
1311 2406 1389 2455 sic
1435 2407 1488 2457 in
1565 2405 1777 2456 Curcul.
1807 2408 1853 2466 4,
1894 2408 1950 2467 4,
1988 2408 2071 2456 50.
2099 2407 2166 2456 de
2202 2406 2402 2470 puella:
2441 2409 2612 2457 Iamne

441 2480 544 2530 hoc
600 2493 843 2530 amorem
899 2478 1107 2543 puellae
1171 2481 1487 2532 immaturae
1562 2495 1625 2530 ea
1670 2482 1770 2544 fert
1817 2482 2031 2545 iugum?
2085 2510 2139 2519 -
2191 2481 2340 2545 valet]
2393 2483 2604 2532 Constr.

441 2555 828 2605 venustissimis
880 2552 1148 2605 coloribus
1191 2554 1347 2605 nobis
1391 2556 1490 2606 de-

443 2629 622 2693 pingit.
701 2627 949 2678 Sodalem
999 2643 1104 2679 non
1157 2632 1489 2681 nominatum

442 2702 749 2766 alloquitur,
807 2716 982 2765 neque
1034 2704 1374 2766 cogitandum
1419 2703 1486 2754 de

443 2778 610 2828 Fusco
647 2777 837 2826 Aristio
872 2777 1018 2838 ideo,
1066 2778 1212 2841 quod
1246 2779 1369 2828 huic
1404 2780 1487 2828 in—

438 2852 633 2915 scripta
652 2853 735 2902 est
750 2851 845 2901 Od.
869 2852 889 2900 4
912 2890 923 2911 ,
950 2853 1060 2912 22.,
1096 2853 1149 2903 in
1172 2866 1277 2915 qua
1300 2853 1484 2904 itidem

436 2925 652 2989 Leleges
686 2925 907 2977 alicuius
942 2928 1142 2976 mentio
1176 2927 1251 2977 fit.
1321 2929 1484 2978 Nota—

432 2998 553 3051 bilis
602 3003 782 3051 autem
834 3004 917 3052 est
964 3002 1236 3066 inscriptio
1271 3001 1482 3052 Codicis

432 3076 602 3126 Turio.
673 3077 743 3125 od
798 3075 1097 3136 Gabinium,
1178 3076 1269 3139 qui
1343 3075 1480 3127 filius

431 3152 576 3201 esset
616 3148 704 3201 vel
738 3164 911 3215 nepos
942 3153 1006 3201 Ἀ.
1046 3150 1274 3212 Gabinii,
1326 3153 1482 3202 Cice-

429 3225 574 3275 ronis
608 3225 821 3274 inimici.
864 3223 1077 3288 (Probat
1115 3226 1253 3276 hanc
1289 3226 1481 3277 inscri-

429 3299 669 3362 ptionem
719 3300 869 3350 Estre
922 3300 1048 3350 Hor.
1105 3302 1189 3349 Pr.
1240 3314 1292 3364 p.
1342 3301 1476 3362 503.)

428 3374 538 3422 Nec
571 3385 702 3422 vero
737 3386 796 3422 se
836 3374 1011 3435 ipsum
1056 3372 1361 3437 alloquitur,
1422 3377 1481 3424 ut

427 3443 683 3495 volebant
736 3446 973 3497 nonnulli
1035 3447 1179 3512 apud
1242 3447 1478 3498 Scholia-

427 3520 553 3569 stas.
625 3521 790 3570 Nimis
825 3521 969 3571 enim
1004 3520 1221 3584 longum
1257 3524 1341 3572 est
1374 3524 1477 3572 hoc

426 3606 671 3653 carmen,
723 3608 887 3658 quam
932 3598 991 3644 ut
1024 3609 1123 3659 pro
1155 3594 1478 3664 μονολογίᾳ

425 3666 510 3717 vel
545 3668 741 3718 Horatii
778 3670 947 3733 ipsius
968 3668 1055 3719 vel
1089 3670 1294 3720 iuvenis
1317 3670 1385 3720 ab
1411 3684 1477 3721 eo

430 3740 537 3790 ficti
574 3741 760 3792 haberi
794 3745 982 3809 possit,
1021 3744 1319 3793 cuiusmodi
1348 3758 1476 3795 sane

428 3819 512 3866 est
545 3816 639 3865 Od.
666 3817 725 3878 3,
764 3819 845 3867 ⁴2.
863 3857 875 3878 ‚
914 3831 1091 3880 neque
1114 3818 1327 3868 Horatio
1351 3821 1478 3870 satis

431 3892 746 3941 conveniret
781 3892 909 3942 illud
939 3893 1119 3942 mariti
1146 3905 1264 3942 voc.
1301 3906 1353 3943 v.
1394 3894 1474 3943 46.

435 3966 703 4028 Imprimis
736 3969 916 4016 autem
952 3967 1003 4017 in
1027 3964 1346 4033 μονολογίᾳ
1369 3967 1481 4017 dis-

425 4037 652 4102 pliceret
716 4040 873 4091 nimis
924 4041 1160 4091 diffusus
1200 4041 1268 4090 de
1328 4043 1473 4104 Gyge

424 4111 573 4162 locus
609 4113 661 4162 in
698 4115 949 4165 carminis
985 4115 1109 4165 fine.
1153 4142 1206 4150 -
1249 4116 1476 4179 Tempo-

423 4186 495 4236 ris
529 4187 839 4250 significatio
876 4187 1016 4239 nulla
1051 4190 1206 4238 inest.

490 4263 535 4310 4.
605 4262 805 4327 iugum]
866 4262 1145 4326 frequente
1211 4264 1468 4326 imagine,

1559 2568 1611 2605 v.
1636 2556 1806 2604 valere
1838 2569 1963 2606 cum
1999 2555 2183 2606 infinit.
2211 2557 2316 2605 iam
2340 2557 2482 2619 apud
2508 2557 2612 2606 Ho-

1560 2631 1753 2680 ratium
1786 2632 1915 2681 satis
1947 2631 2284 2693 frequentem
2318 2630 2403 2677 vix
2442 2629 2609 2691 attigit

1561 2702 1899 2754 Porcellinus.
1992 2703 2148 2766 Apud
2211 2715 2405 2765 prosae
2470 2707 2604 2752 orat.

1561 2777 1850 2841 scriptores
1885 2779 2150 2840 reperitur
2182 2778 2288 2825 iam
2322 2776 2466 2840 apud
2501 2778 2609 2826 Ru-

1558 2850 1727 2901 tilium
1763 2854 1969 2915 Lupum
1994 2854 2051 2912 2,
2091 2852 2178 2900 49;
2217 2865 2318 2900 non
2350 2852 2482 2900 enim
2502 2864 2610 2900 sen-

1557 2927 1737 2974 tentias
1789 2931 1981 2975 vestras
2040 2927 2209 2976 valent
2279 2930 2601 2975 commutare.

1558 3000 1637 3050 Cf.
1677 3000 1771 3049 Od.
1813 3001 1871 3060 4,
1911 3000 2005 3063 34,
2046 3002 2125 3051 42.

1619 3080 1671 3127 2.
1709 3076 1886 3124 munia
1917 3075 2185 3138 comparis]
2222 3076 2310 3125 «In
2343 3075 2605 3126 trahendo

1553 3146 1789 3212 plaustro
1822 3153 1877 3199 et
1908 3151 1961 3200 in
1998 3150 2199 3200 arando
2226 3149 2467 3200 nondum
2506 3163 2606 3213 pa-

1554 3223 1685 3273 riter
1732 3225 1816 3274 est
1862 3223 2083 3275 robusta
2132 3227 2294 3287 atque
2347 3223 2480 3274 alter
2521 3225 2605 3273 iu-

1554 3309 1787 3359 veneuS,
1850 3311 2084 3362 quocum
2139 3312 2326 3360 aequo,
2385 3298 2602 3358 eodem,

1552 3372 1676 3435 iugo
1733 3373 1908 3422 iuncta
1973 3375 2071 3422 est.
2090 3391 2115 3418 n
2186 3372 2405 3434 Gmnpar
2459 3371 2604 3421 idem

1553 3446 1701 3508 quod
1737 3445 1937 3509 iugalis.
1977 3446 2124 3496 Ovid.
2164 3449 2282 3496 Am.
2321 3446 2378 3505 3,
2416 3446 2471 3506 5,
2510 3444 2599 3493 38:

1551 3521 1606 3568 in
1637 3534 1796 3569 vacca
1830 3533 2066 3582 compare
2098 3525 2278 3569 taurus
2309 3531 2440 3568 eras.
2502 3517 2606 3580 (Li-

1552 3596 1701 3658 psius
1751 3595 1818 3644 ad
1869 3593 2037 3645 Plauti
2089 3593 2280 3645 Pseud.
2320 3593 2375 3653 4,
2416 3592 2472 3652 4,
2516 3589 2598 3641 64.

1552 3682 1615 3717 ex
1620 3667 1780 3733 plicat
1795 3670 2257 3733 «compressiones
2267 3668 2411 3716 artas
2423 3677 2606 3715 aman-

1552 3744 1686 3793 tium
1738 3755 2112 3806 comparum»,
2163 3742 2235 3790 de
2282 3740 2449 3798 coitu;
2503 3739 2603 3790 sed

1550 3819 1629 3868 sic
1663 3818 1808 3868 idem
1841 3816 1925 3867 bis
1965 3815 2269 3875 diceretur.)

1616 3894 1665 3942 5.
1707 3892 1948 3942 «Minime
1982 3888 2158 3939 adhuc
2185 3888 2320 3937 tauri
2354 3888 2407 3938 in
2440 3900 2604 3938 vene-

1550 3979 1668 4016 rem
1690 3966 1894 4015 ruentis
1924 3965 2185 4027 impetum
2209 3962 2327 4024 sert,
2354 3962 2451 4013 sed
2474 3962 2601 4013 nihil

1549 4040 1689 4091 aliud
1710 4041 1919 4102 quaerit
1929 4031 2092 4100 quam
2103 4036 2335 4086 herbosa
2348 4048 2563 4100 pascua.
2573 4054 2598 4080 n

1549 4113 1712 4164 Simili
1742 4113 1966 4175 imagine
2002 4124 2173 4174 equae
2207 4111 2370 4161 utitur
2402 4111 2497 4160 Od.
2537 4110 2596 4168 3,

1550 4190 1604 4238 44
1632 4226 1643 4248 ,
1676 4188 1708 4237 9
1731 4200 1850 4251 sqq.
1900 4215 1952 4222 —
1997 4184 2172 4249 Circa]
2209 4186 2293 4235 Sic
2328 4184 2596 4247 Aristoph.

1548 4263 1643 4325 Eq.
1671 4263 1761 4312 87:
1800 4262 1925 4331 περὶ
1950 4258 2131 4311 ποτοῦ
2157 4257 2300 4326 γοῦν
2322 4258 2446 4309 ἐστι
2477 4271 2596 4306 σοι.
