3234 4975
614 398 740 461 630
1569 397 1828 447 uonxru

606 556 817 618 θυσίας
851 550 1337 625 προσαγαγόντες,
1376 548 1641 605 ἐντεῦθέν
1675 567 1736 603 τε
1758 552 1853 604 ἐπὶ
1875 548 1943 603 τὸ
1968 554 2513 619 κατεσκευασμένον
2534 555 2784 624 θέατρον

606 634 872 702 ἐλθόντες
920 634 1022 701 τὰς
1066 638 1312 708 θεωρίας
1356 633 1715 687 ἐπιτελοῦσιν
1743 630 2064 687 Ἀπόλλωνι
2097 637 2198 687 καὶ
2225 630 2532 707 Ἀρτέμιδι.
2605 635 2687 707 Τῇ
2721 635 2786 687 δὲ

604 719 752 787 μετὰ
784 719 1000 788 ταύτην
1037 716 1226 792 ἡμέρᾳ
1248 724 1515 787 γυναῖκες
1539 720 1819 787 ἐπίσημοι
1842 716 1991 771 κατὰ
2015 716 2123 786 τὴν
2145 712 2321 792 ὥραν,
2361 718 2433 785 ἣν
2458 716 2493 770 ὁ
2516 717 2785 792 χρησμὸς

604 802 1020 876 ὑπηγόρευσεν,
1058 807 1140 867 εἰς
1173 800 1240 854 τὸ
1275 800 1648 856 Καπετώλιον
1680 800 2072 855 συνελθοῦσαι
2106 801 2476 856 λιτανεύουσι
2509 800 2612 855 τὸν
2643 800 2787 855 θεὸν

605 891 705 942 καὶ
757 883 1041 955 ὑμνοῦσιν
1091 883 1173 950 ὥς
1205 888 1392 952 θέμις.
1457 882 1674 957 Ἡμέρᾳ
1706 885 1768 937 δὲ
1802 890 1963 958 τρίτῃ
1998 888 2061 939 έν
2092 885 2172 954 τῷ
2205 884 2356 938 κατὰ
2388 884 2458 939 τὸ
2489 885 2785 940 Παλάτιον

601 968 966 1035 Λπόλλωνος
1001 967 1131 1043 ἱερῷ
1166 972 1287 1042 τρὶς
1319 970 1486 1022 ἐννέα
1519 969 1717 1034 παῖδες
1750 971 2051 1034 ἐπιφανεῖς
2074 968 2222 1037 μετὰ
2246 972 2548 1043 παρθένων
2568 969 2785 1023 τοσού-

604 1072 746 1118 των,
805 1058 867 1108 οἳ
907 1053 1116 1118 πάντες
1149 1048 1532 1119 ἀμφιθαλεῖς,
1591 1049 1736 1126 ὅπερ
1768 1053 1953 1115 ἐστίν,
2013 1049 2388 1125 ἀμφοτέρους
2422 1050 2559 1118 τους
2592 1061 2784 1122 γονεῖς

604 1135 839 1203 ἔχοντες
891 1135 1218 1210 περιόντας,
1277 1153 1499 1203 υμνους
1548 1132 1759 1206 ᾄδουσι
1807 1136 1878 1210 τῇ
1921 1153 1983 1189 τε
2021 1135 2317 1205 Ἑλλήνων
2355 1139 2454 1189 καὶ
2483 1134 2784 1204 Ῥωμαίων

607 1221 775 1296 φωνῇ’
810 1223 909 1273 καὶ
945 1218 1211 1285 παιᾶνας,
1249 1219 1316 1272 δι’
1350 1211 1433 1271 ὦν
1467 1222 1532 1272 αἱ
1562 1216 1678 1273 ὑπὸ
1705 1217 2017 1287 Ῥωμαίοις
2050 1219 2335 1286 σώζονται
2368 1220 2589 1284 πόλεις·
2628 1216 2788 1273 ἄλλα

604 1323 667 1359 τε
699 1302 849 1357 κατὰ
882 1302 985 1357 τὸν
1020 1299 1399 1372 ὑφηγημένον
1434 1302 1588 1376 παρὰ
1621 1303 1726 1357 τοῦ
1761 1305 1927 1358 θείου
1950 1302 2170 1377 τρόπον
2192 1303 2520 1375 ἐπράττετο,
2556 1296 2639 1358 ὦν
2662 1305 2786 1358 ἐπι-

606 1391 964 1457 τελουμένων
996 1386 1274 1455 διέμεινεν
1308 1383 1346 1455 ἡ
1383 1383 1535 1460 ἀρχὴ
1568 1384 1868 1455 Ῥωμαίων
1901 1385 2221 1456 ἀλώβητος.

729 1469 844 1538 ’.Ως
883 1468 963 1524 ἄν
1000 1472 1063 1525 δὲ
1104 1475 1203 1524 καὶ
1246 1473 1335 1523 ἐπὶ
1389 1471 1504 1524 τῶν
1537 1471 1889 1543 πραγμάτων
1922 1467 2118 1540 ἀληθῆ
2152 1471 2335 1525 ταῦτα
2368 1469 2515 1525 εἶναι
2550 1470 2787 1525 πιστεύ-

607 1574 819 1625 σωμεν,
856 1553 1036 1610 αὐτὸν
1069 1554 1490 1629 παραθήσομαι
1521 1552 1624 1607 τὸν
1655 1554 1940 1623 Σιβύλλης
1997 1554 2284 1629 χρησμόν,
2321 1548 2432 1623 ἤδη
2469 1555 2581 1629 πρὸ
2615 1553 2788 1624 ἡμῶν

610 1643 737 1716 παρ’
769 1642 978 1712 ἐτέρων
1009 1637 1420 1709 ἀνενηγμένον·

865 1739 1016 1795 Ἀλλ’
1052 1739 1274 1794 ὁπόταν
1306 1740 1594 1809 μήκιστος
1630 1741 1975 1816 ἵκῃχρόνος
2007 1739 2368 1816 ἀνθρώποισι

838 1825 1020 1894 Ζωῆς,
1059 1829 1139 1891 εἰς
1172 1826 1346 1879 ἐτέων
1380 1824 1589 1878 ἑκατὸν
1623 1826 1762 1879 δέκα
1795 1824 2010 1879 κύκλον
2043 1822 2293 1889 ὁδεύων,

837 1911 1117 1977 Μέμνησ’,
1154 1902 1201 1960 ὦ
1229 1906 1497 1976 Ῥωμαῖε,
1534 1912 1634 1961 καὶ
1668 1908 1739 1962 ού
1772 1908 1937 1977 μάλα
1969 1910 2174 1977 λη’σεαι
2209 1908 2400 1963 αὐτῶν

840 1992 1187 2059 Μεμνῆσθαι
1219 1991 1355 2044 τάδε
1390 1992 1593 2045 πάντα.
1667 1995 1868 2047 Θεοῖσι
1900 1995 2010 2061 μὲν
2041 1991 2392 2047 ἀθανάτοισι

827 2073 1034 2142 Ῥέζειν
1069 2077 1130 2129 ἐν
1162 2076 1348 2146 Πεδίῳ
1383 2075 1539 2149 παρὰ
1574 2077 1906 2151 Θύμβριδος
1938 2073 2188 2131 ἄπλετον
2222 2072 2401 2149 ὕδωρ,
2757 2084 2789 2130 5

822 2157 1019 2234 ’Ὁππῃ
1053 2160 1447 2221 στεινότατον,
1482 2158 1606 2227 Νὺξ
1642 2158 1817 2229 ἡνίκα
1849 2169 2021 2230 γαῖαν
2053 2163 2295 2235 ἐπέλθῃ,

832 2240 1062 2297 ’Πελίου
1096 2245 1432 2317 κρύψαντος
1466 2243 1567 2297 έὸν
1600 2244 1782 2310 φάος·
1819 2238 1968 2298 ἔνθα
2000 2243 2073 2298 σὺ
2107 2243 2287 2315 ῥέζειν

828 2325 981 2399 Ἱερὰ
1015 2326 1391 2398 ποντογόνοις
1424 2331 1670 2400 Μοίραις
1702 2323 1881 2403 ἄρνας
1912 2345 1976 2381 τε
2009 2331 2108 2381 καὶ
2142 2328 2331 2399 αἶγας.

832 2414 1092 2477 Κυανέας
1125 2411 1271 2465 δ’ἑπὶ
1303 2412 1486 2465 ταῖσδ’
1523 2414 1848 2478 Εἰλειθυίας
1882 2408 2209 2488 ἀρέσασθαι

833 2496 1232 2563 Παιδοτόκους
1264 2500 1563 2558 θυέεσσιν,
1602 2493 1720 2571 ὅπῃ
1753 2501 1941 2565 θέμις.
2010 2491 2160 2550 Λῧθι
2190 2498 2254 2551 δὲ
2286 2500 2431 2573 Γαίῃ
2725 2504 2790 2552 ⁴0

834 2580 1190 2654 Πληθομένῃ
1225 2581 1429 2654 χοῖρός
1462 2598 1522 2633 τε
1556 2584 1655 2634 καὶ
1692 2573 1761 2646 ὗς
1795 2583 2008 2655 ίεροϊτο
2039 2582 2303 2649 μέλαινα.

834 2662 1114 2717 Ζάλευκοι
1148 2663 1351 2738 ταῦροι
1384 2665 1446 2718 δε
1480 2663 1617 2730 Διὸς
1652 2663 1809 2738 παρὰ
1841 2663 2047 2732 βωμὸν
2093 2661 2362 2735 ἀγέσθων

820 2742 1055 2814 Ἥματι,
1089 2748 1223 2816 μηδ’
1260 2750 1354 2802 ἐπὶ
1386 2753 1577 2802 νυκτί·
1613 2749 1807 2802 θεοῖσι
1840 2746 1951 2822 γὰρ
1984 2744 2310 2822 οὐρανίοισι

828 2827 1102 2903 Ἥμέριος
1135 2832 1362 2885 πέλεται
1396 2834 1584 2885 θυέων
1616 2831 1860 2903 τρόπος·
1897 2829 1978 2897 ὣς
2011 2832 2073 2885 δὲ
2106 2835 2207 2886 καὶ
2239 2827 2429 2898 αῦτως
2785 2883 2794 2892 ,

827 2911 1090 2988 Ἰρεύειν·
1126 2913 1392 2983 δαμάλης
1423 2915 1486 2968 δὲ
1518 2913 1665 2980 βοὸς
1697 2915 1876 2982 δέμας
1909 2912 2131 2985 ἀγλαὸν
2153 2910 2339 2990 ’Ἥρης
2725 2921 2790 2970 45

834 2996 1111 3063 Δεξάσθω
1147 2996 1288 3067 νηὸς
1321 2996 1476 3072 παρὰ
1510 2999 1633 3053 σεῦ.
1703 3001 1818 3054 Καὶ
1853 3000 2068 3065 Φοῖβος
2095 2995 2379 3052 Ἀπόλλων
2394 3040 2406 3062 ,

824 3075 999 3134 ’Ὀστε
1031 3086 1130 3135 καὶ
1158 3079 1385 3147 Ηέλιος
1419 3083 1823 3150 κικλήσκεται,
1860 3081 1962 3135 ἶσα
1993 3082 2243 3146 δεδέχθω

833 3162 1078 3232 Θύματα
1111 3167 1421 3235 Λητοΐδης·
1460 3171 1558 3219 καὶ
1590 3163 1918 3235 ἀειδόιιενοί
1968 3184 2030 3220 τε
2061 3169 2299 3221 Λατῖνοι

836 3250 1085 3315 Παιᾶνες
1118 3248 1357 3323 κούροις
1389 3249 1638 3324 κούρῃσί
1670 3268 1731 3303 τε
1764 3243 1973 3319 mbr*
1943 3268 2135 3314 εχοιεν

830 3333 1190 3390 Ἀθανάτων·
1231 3337 1406 3406 χωρὶς
1440 3334 1502 3387 δὲ
1534 3333 1705 3407 κόραι
1740 3333 1921 3408 χορὸν
1954 3333 2128 3388 αὐταὶ
2164 3331 2357 3398 ἔχοιεν
2721 3342 2787 3389 20

832 3422 944 3475 Καὶ
979 3421 1156 3493 χωρὶς
1189 3418 1407 3471 παίδων
1439 3414 1629 3492 ἄρσην
1663 3418 1908 3484 στάχυς,
1945 3415 2093 3471 ἀλλὰ
2128 3420 2355 3487 γονήων

836 3504 1078 3558 Πάντων
1110 3501 1404 3569 ζωόντων,
1442 3499 1531 3568 οἷς
1565 3499 1909 3571 ἀμφιθαλὴς
1945 3500 2029 3555 ἔτι
2062 3502 2272 3570 φύτλη.

835 3591 908 3643 .-1ἱ
937 3589 1000 3642 δὲ
1033 3586 1226 3658 γάμου
1261 3585 1551 3656 ζεύγλαισι
1584 3586 1936 3655 δεδμημέναι
1971 3582 2150 3655 ἤματι
2183 3591 2351 3654 κείνῳ

840 3672 986 3740 Γνὺξ
1009 3667 1193 3746 ”Ηρης
1228 3669 1385 3746 παρὰ
1418 3667 1627 3738 βωμὸν
1660 3666 1932 3737 ἀοίδιμον
1968 3669 2276 3742 έδριόωσαι

834 3759 1099 3824 Δαίμονα
1141 3757 1566 3809 λισσέσθωσαν.
1629 3749 1846 3806 ’Ἀπασι
1879 3753 1942 3807 δὲ
1976 3752 2203 3821 λύματα
2237 3751 2436 3806 δοῦναι
2725 3756 2790 3804 25

829 3838 1121 3915 Ἀνδράσιν
1155 3836 1256 3909 ἡδὲ
1290 3837 1539 3908 γυναιξί,
1577 3836 1831 3904 μάλιστα
1863 3837 1925 3890 δὲ
1959 3837 2327 3909 θηλυτέρῃσι.

836 3923 1056 3989 Πάντες
1090 3923 1203 3990 δ’ἐξ
1239 3923 1429 3975 οἴκοιο
1463 3923 1797 3995 φερέσθων,
1835 3915 1994 3974 ὅσσα
2027 3924 2283 3987 κομίζειν

834 4005 996 4060 Ἐστι
1031 4010 1199 4074 θέμις
1232 4010 1536 4075 θνητοῖσιν
1569 4001 2000 4077 ἀπαρχομένοις
2033 4002 2290 4066 βιότοιο,

839 4093 1088 4158 Δαίμοσι
1120 4089 1489 4159 μειλιχίοισιν
1524 4088 1816 4157 ἱλάσματα
1851 4092 1947 4141 καὶ
1982 4087 2346 4159 μακάρεσσιν

846 4171 1209 4244 (ὶῦρανίδαις
1248 4172 1319 4227 τὰ
1353 4174 1415 4227 δὲ
1451 4172 1640 4226 πάντα
1675 4174 2180 4243 τεθησαυρισμένα
2215 4172 2459 4226 κείσθω,
2728 4172 2793 4220 30

827 4254 1025 4329 ’Όφρα
1059 4274 1116 4309 τε
1153 4259 1495 4333 θηλυτέρῃσι
1534 4260 1632 4311 no),
1667 4253 1944 4329 ἀνδράσιν
1979 4254 2279 4328 ἑδριόωσιν
