3234 4975
1259 414 1375 462 ma.
1417 413 1452 461 1.
1527 414 1584 461 (2.
1624 413 1772 463 xxu.
2459 408 2579 475 433

517 572 638 625 dlis
674 572 923 635 expositis
958 569 1070 620 illas
1104 569 1302 634 aliquot
1337 569 1603 620 Gaetuliae
1640 574 1837 634 partes,
1876 583 2008 633 quas
2042 572 2138 620 Dio
2166 571 2261 633 (53,
2300 570 2401 632 26.)
2432 582 2581 620 com-

418 655 760 715 memoravit,
814 653 883 704 ad
925 652 1228 704 Numidiam
1278 654 1594 717 pertinuisse
1645 656 1817 717 patet,
1871 654 1969 704 sed
2013 653 2352 704 Gaetulorum
2394 656 2580 716 gentes

419 739 582 789 etiam
617 739 790 798 suere,
828 751 966 802 quae
1002 736 1163 788 colles
1198 736 1572 801 convallesque
1609 738 1803 787 montis
1837 736 2081 798 Atlantia,
2120 740 2401 800 utramque
2433 738 2583 788 Mau-

421 822 662 872 ritaniam
691 823 973 884 cingentis,
1010 820 1337 880 incolebant,
1376 834 1603 884 quarum
1638 833 1764 884 pars
1798 834 1989 883 11183113
2023 822 2246 885 imperio
2280 822 2583 872 Maurorum

421 903 659 970 parebat.
704 907 889 967 ltaque
926 905 1103 954 Horat.
1140 918 1225 954 vv.
1262 904 1414 954 Iubae
1446 904 1586 953 tellus
1605 931 1636 940 -
1658 904 1838 954 nutv-tv
1869 902 1954 954 vel
1978 905 2075 954 has
2098 902 2439 954 Gaetulorum
2461 916 2588 966 gen·

423 993 506 1040 tes
546 987 631 1039 vel
675 1002 767 1039 eas
803 991 983 1053 partes
1018 989 1360 1039 Mauritaniae
1408 987 1706 1051 significare
1740 987 1977 1049 videtur,
2031 1000 2168 1051 quae
2204 987 2274 1036 ad
2309 987 2586 1037 meridiem

425 1075 740 1135 montesque
785 1070 1069 1121 Atlanticos
1116 1072 1384 1135 spectant,
1437 1071 1491 1121 id
1542 1070 1687 1135 quod
1736 1072 1893 1135 poeta
1926 1084 1977 1121 v.
2016 1072 2065 1121 2.
2102 1072 2301 1121 Mam-is
2332 1071 2511 1121 iaculis
2542 1076 2589 1120 et

424 1170 555 1207 arcu
585 1159 640 1207 et
671 1156 760 1217 23,
808 1156 886 1205 40.
931 1169 1016 1205 vv.
1054 1156 1200 1219 tigris
1245 1160 1301 1204 111
1342 1168 1527 1217 aalma
1571 1155 1866 1205 Gaetidusve
1908 1155 1982 1204 loo
2027 1155 2304 1218 expressit.
2359 1182 2411 1189 —
2452 1156 2587 1204 Cum

427 1243 607 1291 autem
656 1239 788 1290 Iuba
837 1242 892 1289 et
938 1239 1108 1302 gentis
1144 1236 1442 1289 Gaetulicae
1491 1237 1748 1303 plurimos
1799 1250 1896 1288 suo
1941 1239 2164 1302 imperio
2207 1239 2504 1288 contineret
2538 1240 2592 1287 et

426 1325 707 1374 universae
742 1323 1081 1374 Mauritaniae
1118 1321 1365 1372 dominus
1399 1320 1568 1372 factus
1603 1323 1778 1382 esset,
1831 1322 2120 1371 maximam
2159 1324 2369 1385 partem
2405 1333 2591 1371 earum

428 1409 690 1457 terrarum
725 1406 958 1466 tenebat,
999 1407 1050 1455 in
1085 1404 1279 1469 quibus
1312 1404 1494 1456 leones
1532 1404 1773 1469 aliaeque
1811 1405 1953 1455 ferae
1989 1403 2216 1455 aluntur.
2264 1405 2396 1455 Hinc
2430 1405 2590 1454 etiam

431 1490 574 1555 apud
624 1491 801 1540 Horat.
848 1489 943 1539 Od.
997 1489 1052 1549 4,
1101 1489 1192 1550 23,
1246 1490 1325 1539 40.
1385 1488 1682 1539 Gaetulusve
1729 1489 1830 1550 lae,
1874 1488 1969 1539 Od.
2019 1488 2079 1549 3,
2131 1489 2222 1549 20,
2275 1490 2325 1538 2.
2380 1488 2595 1539 Gaetula

429 1576 605 1624 leaena
654 1574 722 1623 ad
757 1571 1001 1622 Gaetulos
1035 1570 1198 1622 1111188
1251 1570 1340 1621 filii
1393 1585 1563 1635 aeque
1613 1571 1894 1622 reserenda
1935 1572 2182 1622 videntur
2222 1573 2382 1635 atque
2424 1570 2591 1621 verba

432 1658 576 1708 Plinii
615 1658 691 1720 (H.
729 1658 791 1706 N.
829 1660 878 1718 5,
921 1655 968 1706 4.
1005 1655 1150 1706 med.
1190 1655 1368 1719 ibique
1413 1654 1599 1719 Hard.)
1636 1657 1690 1705 et
1734 1656 1931 1706 Horatii
1966 1657 2059 1720 Ep.
2096 1656 2155 1717 2,
2192 1656 2254 1717 2,
2299 1656 2410 1706 484.
2444 1660 2598 1705 vestes

433 1742 640 1792 Gaetzao
671 1741 860 1790 mur-ico
892 1741 1074 1790 tinctae
1106 1739 1176 1789 ad
1210 1740 1575 1789 Mauritaniam
1613 1742 1931 1804 partemque
1972 1753 2093 1790 eam
2129 1738 2394 1790 Gaetuliae
2427 1740 2595 1805 perti-

433 1827 587 1886 nent,
626 1837 763 1889 quae
798 1825 895 1875 sita
930 1823 1000 1874 ad
1032 1823 1367 1874 occidentem
1401 1825 1500 1873 est.
1562 1825 1640 1887 (V.
1667 1824 1881 1873 Schmid
1906 1827 1961 1874 et
1993 1823 2127 1875 Obb.
2154 1822 2188 1874 l.
2215 1824 2284 1886 c.)
2320 1824 2396 1875 Cf.
2434 1824 2593 1873 etiam

434 1911 618 1972 Pomp.
656 1907 773 1958 Mel.
812 1908 868 1969 3,
921 1908 1008 1968 40,
1053 1907 1104 1958 4.
1172 1908 1494 1971 Nigr-itam
1535 1909 1955 1971 Gaetulorumque
1981 1909 2172 1970 passim
2206 1909 2503 1974 vagantium
2534 1921 2596 1957 nc

432 1993 607 2042 littora
639 1992 836 2054 quidem
867 1992 1135 2054 infecunda
1165 1996 1305 2054 sunt,
1351 2004 1593 2054 purpura
1625 1997 1674 2043 et
1704 1994 1893 2043 mun-ico
1925 1993 2275 2057 efficacissimis
2306 1993 2374 2042 ad
2405 1994 2597 2055 tingen-

434 2078 568 2126 dian.

563 2158 653 2208 His
690 2159 941 2222 expositis
975 2160 1021 2209 si
1060 2159 1181 2222 quis
1220 2160 1381 2210 situm
1419 2162 1771 2224 naturamque
1810 2158 2049 2210 locorum
2089 2162 2143 2210 et
2171 2163 2411 2223 tempora
2434 2170 2597 2208 accu-

436 2242 552 2290 rate
586 2244 908 2306 respexerit,
944 2242 1110 2292 verba
1147 2244 1273 2293 Hor.
1298 2243 1449 2293 Iubae
1481 2243 1622 2293 teum
1644 2246 1776 2303 818,
1813 2245 1924 2294 sive
1960 2242 2028 2293 ad
2052 2242 2297 2293 Gaetulos
2320 2242 2595 2292 Numidiae

435 2324 643 2376 accolas
692 2327 804 2376 sive
854 2325 923 2375 ad
965 2326 1332 2377 Mauritaniam
1383 2339 1642 2390 oramque
1694 2328 1859 2377 maris
1898 2324 2142 2378 Atlantici
2192 2325 2466 2385 retuleris,
2527 2325 2598 2375 ad

436 2408 627 2460 Iubam
661 2408 826 2459 fllium
859 2410 1127 2473 pertinere
1160 2407 1436 2473 probabile
1461 2412 1557 2460 est.
1609 2409 1883 2461 Accedunt
1906 2409 2039 2459 aliae
2064 2422 2257 2460 causae
2280 2410 2453 2459 minus
2477 2422 2600 2471 gra-

435 2507 548 2544 ves.
618 2495 711 2544 Est
744 2495 885 2544 enim
920 2495 1270 2555 notissimum,
1309 2495 1544 2544 carmina
1569 2494 1851 2544 Horatiana
1885 2508 2069 2544 rerum
2094 2492 2305 2558 publice
2329 2494 2598 2556 gestarum

437 2578 755 2627 memoriam
804 2575 890 2627 vel
946 2575 1183 2627 recolere
1233 2575 1318 2627 vel
1357 2578 1671 2641 significare.
1759 2578 1895 2628 Cum
1937 2589 2097 2642 supra
2138 2577 2429 2627 viderimus
2461 2590 2600 2627 anno

437 2661 551 2710 729.
591 2662 648 2712 U.
688 2662 747 2711 C.
824 2659 987 2710 Iubae
1032 2659 1136 2713 filio
1179 2663 1234 2710 et
1271 2664 1478 2726 partem
1523 2662 1678 2725 patrii
1722 2662 1868 2724 regni
1902 2661 2200 2710 restitutam
2234 2662 2288 2710 et
2319 2662 2601 2724 utramque

438 2745 801 2797 Mauritaniam
836 2743 904 2793 ab
938 2746 1172 2808 Augusto
1205 2744 1346 2795 dono
1381 2744 1560 2794 datam
1585 2757 1736 2806 esse,
1774 2758 1879 2794 non
1903 2743 2087 2794 dubito
2110 2745 2237 2807 quin
2260 2745 2362 2793 1108
2384 2756 2603 2793 carmen

439 2827 634 2880 eodem
675 2841 814 2878 anno
858 2830 1115 2892 scriptum
1160 2829 1256 2890 sit,
1311 2842 1416 2893 quo
1449 2831 1715 2891 Augustus
1747 2830 2027 2892 paternum
2062 2828 2113 2877 in
2147 2826 2334 2877 Iubam
2367 2827 2601 2877 animum

439 2910 717 2977 splendide
759 2911 1066 2976 probasset,
1122 2912 1271 2963 cuius
1313 2912 1390 2963 rei
1435 2913 1750 2962 memoriam
1784 2913 1940 2975 poeta
1973 2923 2189 2961 servare
2223 2909 2386 2961 voluit
2418 2912 2472 2960 et
2506 2924 2604 2960 no-

440 2997 585 3045 mine
619 2995 783 3046 Iubae
818 2993 1079 3059 appellato
1114 2998 1170 3046 et
1198 2998 1386 3045 natura
1419 2997 1592 3046 terrae
1619 2995 1862 3046 indicata.
1917 2995 2155 3058 Denique
2180 2996 2237 3044 ut
2260 2997 2315 3044 G.
2344 2994 2396 3044 1².
2425 2997 2606 3044 Grote-

441 3078 569 3129 i'end
605 3079 823 3143 (Erscbii
858 3078 1073 3140 Encycl.
1109 3080 1171 3129 X.
1209 3090 1263 3142 p.
1302 3079 1435 3142 47⁴.)
1473 3092 1692 3129 carmen
1726 3078 1837 3129 Lib.
1878 3080 1933 3141 4,
1972 3079 2053 3128 23.
2092 3091 2217 3130 cum
2250 3076 2363 3128 aliis
2397 3081 2604 3129 amato·

441 3164 533 3213 riis
569 3176 707 3214 anno
741 3163 852 3213 729.
889 3161 1256 3227 probabilibus
1291 3163 1482 3214 ductus
1516 3165 1690 3215 causis
1725 3164 2030 3228 adscripsit,
2076 3164 2146 3213 ita
2181 3163 2309 3214 mihi
2333 3162 2400 3213 de
2424 3165 2605 3213 nostro

441 3248 679 3298 carmine
715 3245 869 3312 plane
903 3259 1221 3310 persuasum
1256 3250 1387 3298 est.»

1303 3739 1741 3760 ti
