3234 4975
1172 416 1289 466 Lm.
1330 418 1366 466 1.
1440 417 1497 466 C.

649 573 936 659 Pugnae,
984 573 1122 639 sive
1164 593 1330 661 opus
1373 583 1473 639 est
1513 574 1883 661 imperitare
1929 575 2148 661 equis„

1537 417 1641 467 XV.

649 695 785 760 Non
829 694 1052 781 auriga
1094 694 1308 782 piger3
1354 695 1684 762 Merionen
1724 716 1990 783 quoque

647 817 906 882 NosceS.
987 817 1151 882 Ecce
1193 816 1342 881 furit
1384 827 1446 883 te
1489 816 1778 903 reperire
1822 826 2002 883 atrox

733 936 1015 1025 Tydides
1057 936 1285 1004 melior
1326 948 1536 1025 patre,

650 1060 860 1137 Quem
903 1069 1000 1135 tu,
1047 1079 1280 1126 cervus
1322 1059 1412 1125 uti
1458 1058 1641 1126 vallis
1686 1060 1750 1125 in
1802 1060 2001 1127 altera

647 1180 865 1245 Visum
907 1190 1089 1266 parte
1131 1179 1352 1269 lupum
1394 1180 1699 1269 graminis
1743 1182 2104 1259 immemor,

2471 1186 2552 1247 30

648 1299 914 1367 Sublimi
960 1301 1164 1389 fugies
1207 1301 1416 1368 mollis
1460 1301 1787 1380 anhelitu,

734 1425 873 1490 Non
913 1421 1039 1490 hoc
1083 1423 1400 1512 pollicitus
1449 1435 1616 1491 tuae.

522 1631 604 1680 26.
639 1618 861 1682 morton}
892 1633 948 1681 T.

391 1831 516 1867 num
546 1816 614 1867 -?
676 1819 761 1869 Sic
806 1820 948 1869 enim
1002 1817 1441 1885 respondendum

394 1894 567 1943 esset:
629 1894 784 1945 «Non
837 1893 1130 1959 respicio.»
1175 1921 1229 1928 —
1287 1895 1441 1943 «Non

392 1967 599 2028 respicis
647 1980 776 2027 eos,
829 1969 920 2033 qui
969 1967 1063 2018 tibi
1111 1970 1324 2021 iamiam
1365 1968 1442 2018 fu-

393 2042 553 2103 gienti
588 2042 859 2092 instanti»

459 2115 541 2166 24.
596 2117 776 2166 Teucer
813 2118 874 2183 et]
922 2118 984 2169 H.
1026 2116 1061 2167 l.
1098 2119 1153 2167 et
1183 2131 1234 2166 v.
1268 2118 1348 2168 36.
1385 2118 1438 2167 in

394 2187 511 2239 basi
544 2192 629 2239 est
654 2191 937 2242 trochaeus
964 2205 1063 2256 pro
1096 2191 1250 2243 solito
1282 2204 1442 2255 spon-

396 2263 531 2323 deo;
579 2264 727 2328 quod
770 2278 876 2315 non
922 2265 1096 2317 solum
1140 2266 1442 2316 defenditur

397 2341 720 2390 Graecorum
769 2341 1049 2403 poetarum
1098 2354 1249 2391 more
1270 2378 1282 2401 ,
1340 2341 1438 2391 sed

391 2414 571 2475 etiam,
610 2414 757 2477 quod
787 2413 1070 2478 utrobique
1104 2415 1311 2465 licentia
1336 2415 1439 2465 hac

393 2501 521 2539 usus
579 2491 660 2539 est
725 2489 779 2538 in
832 2490 1136 2541 nominibus
1191 2493 1436 2555 propriis.

398 2561 583 2612 Fulcra
617 2565 773 2613 metri
807 2564 1121 2615 invenerunt
1168 2567 1441 2629 corrigen-

396 2639 476 2687 tes
511 2639 706 2701 partim
738 2639 934 2700 Teucer,
985 2645 1050 2702 te,
1086 2654 1190 2703 qua
1234 2643 1437 2692 ratione

391 2712 552 2762 nimia
595 2714 677 2763 vis
721 2713 969 2764 tribuitur
1030 2717 1332 2779 pronomini
1387 2721 1441 2767 et

393 2799 458 2835 ex
490 2788 687 2837 Horatii
720 2788 1105 2839 consuetudine
1139 2792 1315 2853 potius
1350 2805 1440 2841 re-

393 2862 696 2924 quireretur
729 2868 902 2927 urae&
936 2866 1129 2928 partim
1166 2867 1441 2928 Teucer-que

393 2941 456 2996 et,
492 2937 736 2986 iunctura
768 2939 897 2988 satis
926 2938 1128 3002 ingrata
1155 2954 1253 3003 pro
1286 2941 1440 2991 Sala—

392 3012 671 3073 miratusque
703 3013 897 3062 Teucer.
938 3040 992 3047 —
1035 3013 1302 3080 Sthenelus]
1345 3017 1441 3066 Ca-

393 3087 549 3149 panei
598 3085 768 3147 filius,
821 3088 1000 3150 auriga
1051 3089 1338 3141 Diomedis.
1380 3118 1435 3127 —-

390 3160 559 3225 sciens]
603 3162 811 3212 «scitus
858 3161 1166 3225 pugnandi»
1213 3163 1440 3228 explicat

393 3235 601 3295 Quintil.
657 3237 705 3297 9,
758 3237 805 3296 3,
862 3237 939 3287 ⁴0.
1010 3236 1150 3288 Iliad.
1209 3253 1253 3298 ε,
1308 3239 1433 3290 549ε

390 3306 589 3376 μάχης
621 3301 689 3361 εὖ
720 3307 903 3360 εἰδότε
934 3307 1149 3398 mium-3
1176 3313 1368 3377 odyss.
1393 3329 1433 3375 ι,

395 3384 488 3436 49:
537 3381 910 3449 ἐπιστάμενοι
952 3383 1063 3449 μὲν
1112 3381 1215 3449 ἀφ’
1251 3385 1437 3436 ἵππων

383 3453 501 3509 ’Ave
580 3476 642 3511 σι
642 3457 1025 3548 μάρνασθαι,
1058 3462 1156 3511 καὶ
1191 3453 1289 3511 ὅτε
1321 3457 1434 3533 χρὴ

388 3456 621 3597 xegg‘
590 3532 782 3586 ἐόντα.

453 3610 532 3659 26.
623 3610 898 3675 Merionen]

388 3677 588 3733 ὀπάων
658 3678 1017 3751 Ἰδομενῆος,
1118 3681 1431 3755 Μηριόνης,

385 3750 706 3822 ἀτάλαντος
723 3754 1004 3826 Ἐνυαλίῳ
1026 3752 1428 3832 ἀνδρειφόντῃ.

387 3833 563 3897 Eurip.
603 3836 767 3899 Iphig.
794 3835 909 3885 Aul.
937 3835 1064 3884 2⁴0:
1111 3816 1429 3906 Μηριόνην,

372 3900 576 3978 Ἄρεως
610 3903 762 3972 ὄζον,
795 3906 1000 3977 θαῦμα
1028 3910 1345 3982 βροτοῖσιν.

452 3984 534 4033 27.
599 3984 726 4047 furit
781 3991 828 4036 te
878 3987 1117 4049 reperire]
1174 3987 1258 4036 Sic
1312 3986 1426 4037 scil.

385 4058 743 4121 iungendum,
814 4074 921 4112 non
983 4067 1138 4112 atron:
1189 4063 1426 4123 reperire.

383 4131 526 4182 Iliad.
559 4148 610 4194 ν,
648 4135 769 4184 ⁴82:
803 4132 1041 4201 μεμαώς
1071 4130 1189 4186 ἀπὸ
1221 4130 1429 4195 τεύχεα

384 4202 572 4257 δῦσαι.
664 4210 892 4273 Euripid.
945 4211 1218 4262 Phoeniss.
1267 4211 1423 4262 ⁴247:

382 4280 666 4354 μαργῶντ’
730 4286 816 4337 ἐπ’
882 4279 1219 4352 ἀλλήλοισιν
1279 4285 1426 4337 ἱέναι

969 3608 1113 3660 lliad.
1181 3609 1240 3670 θ,
1305 3611 1431 3661 263:

1513 1814 2125 1889 ddpv.'1'heocrit.in
2168 1820 2407 1871 Adonide
2457 1822 2554 1873 30:

1514 1888 1748 1959 Γυμνὸν
1779 1889 1882 1944 τὸν
1913 1890 2033 1955 εἶχε
2061 1891 2254 1966 μηρὸν
2280 1890 2560 1962 Ἔμαινό-

1512 1984 1632 2035 μαν
1664 1967 1926 2031 φιλᾶσαι,
1979 1971 2032 2019 in
2066 1970 2263 2034 quibus
2305 1986 2356 2021 v.
2392 1973 2563 2036 furere

1513 2056 1788 2094 summum
1833 2044 2079 2109 cupiendi
2124 2045 2348 2107 gradum
2387 2049 2560 2111 expri-

1514 2119 1625 2168 mit.
1689 2146 1744 2155 —-
1796 2120 1967 2183 atron]
2018 2113 2219 2189 ἄγριον
2267 2117 2559 2187 αἰχμητὴν

1515 2206 1641 2242 eum
1673 2196 1831 2243 vocat
1862 2196 2058 2245 Hector
2086 2193 2141 2244 11.
2179 2197 2223 2257 ζ,
2257 2196 2337 2245 97.

1578 2268 1661 2317 28.
1707 2268 1903 2329 melior,
1956 2268 2156 2329 fortior,
2194 2269 2357 2333 patre]
2410 2268 2553 2320 Iliad.

1513 2338 1563 2402 δ,
1599 2341 1713 2392 405.
1766 2341 2072 2393 Sthenelus:
2125 2337 2293 2408 ἡμεῖς
2319 2357 2412 2394 τοι
2444 2358 2556 2394 πα-

1513 2416 1691 2486 τέρων
1744 2418 1868 2482 μέγ’
1934 2411 2235 2481 ἀμείνονες
2284 2412 2556 2482 εὐχόμεθ’

1515 2487 1679 2541 εἶναι.
1721 2520 1775 2528 -
1812 2492 2087 2556 Egregiam
2120 2493 2391 2543 Diomedis
2424 2495 2559 2543 ima-

1514 2567 1693 2628 ginem
1724 2567 1961 2616 invenies
1986 2568 2037 2615 in
2062 2579 2273 2629 gemma
2296 2569 2558 2632 (canuno-o)

1515 2639 1862 2702 Worsleyana
1907 2641 2049 2704 apud
2097 2641 2381 2704 Inghirami
2425 2643 2555 2692 Gall.

1578 2789 1755 2838 29-34.
1794 2807 1819 2833 α
1841 2791 1902 2841 Ut
1933 2802 2125 2838 cervus
2148 2802 2347 2852 pascuo
2377 2789 2563 2841 celeri-

1516 2864 1598 2912 ter
1626 2862 1808 2913 relicto
1842 2863 1986 2925 fugit,
2024 2861 2114 2911 ubi
2136 2862 2218 2913 vel
2244 2865 2297 2913 in
2321 2867 2562 2928 opposita

1513 2936 1662 2988 vallis
1695 2941 1846 3001 parte
1878 2937 1996 3001 (sibi
2030 2951 2060 2987 e
2092 2939 2324 3000 regione)
2376 2937 2561 3003 lupum

1516 3013 1844 3076 conspexit.»
1928 3010 2169 3074 Virgilius
2224 3011 2332 3064 Ecl.
2382 3014 2447 3074 8,
2497 3017 2552 3066 2:

1511 3089 1772 3136 immemor
1801 3086 2069 3136 herbarum
2099 3113 2128 3124 -
2158 3114 2189 3124 -
2220 3088 2445 3138 iuvenca
2502 3118 2557 3126 -

1512 3162 1738 3225 Sublimi]
1770 3158 2054 3232 μετεώρω.
2126 3163 2256 3222 «Qui
2306 3164 2357 3213 in
2401 3177 2560 3226 prae-

1514 3237 1656 3301 cipiti
1690 3236 1808 3299 fuga
1844 3234 2055 3287 anhelat
2088 3237 2137 3287 in
2168 3235 2333 3287 altum
2383 3241 2560 3288 erecta

1513 3313 1723 3362 cervice
1759 3315 1812 3362 et
1841 3326 1932 3362 ore
1967 3310 2175 3362 sublato
2209 3313 2278 3362 ad
2316 3314 2559 3376 spiritum

1513 3385 1889 3450 captandum.»
1959 3388 2085 3435 stat.
2122 3386 2287 3436 Theb.
2323 3388 2403 3447 ⁴⁴,
2439 3387 2553 3436 239:

1511 3462 1729 3511 Nuntius
1774 3462 1999 3512 emanant
2043 3474 2304 3522 suspensus
2348 3466 2559 3521 pectora

1510 3550 1678 3586 morsu.
1768 3537 2071 3601 (Comparat
2114 3536 2402 3587 Meinekius
2450 3537 2557 3586 Me-

1511 3612 1697 3661 nandr.
1729 3625 1781 3675 p.
1831 3612 1910 3662 ⁴2.
1957 3606 2222 3679 μετεώρῳ
2255 3604 2551 3673 πνεύματι.

1509 3687 1715 3749 Reum.)
1771 3714 1825 3723 —
1867 3686 2041 3748 mollis]
2085 3686 2386 3746 «ignavus,»
2423 3699 2548 3748 non,

1508 3764 1566 3810 ut
1610 3761 1695 3812 alii
1741 3760 1952 3820 volunt,
2013 3772 2205 3810 «cursu
2242 3759 2546 3823 exhaustuS,

1508 3836 1871 3899 defatigatus.»

1572 3912 1651 3962 32.
1689 3910 1819 3973 luae]
1857 3912 2050 3960 Amaro
2083 3906 2311 3972 probro:
2350 3908 2546 3972 «longe

1505 3985 1602 4036 alia
1637 3987 1867 4037 facinora
1899 3982 2159 4047 pollicitus
2191 3997 2312 4034 eras
2346 3982 2548 4034 adulte-

1504 4074 1594 4112 rae
1631 4062 1804 4110 tuae.»
1868 4057 2013 4107 Iliad.
2064 4075 2117 4124 y,
2170 4058 2294 4114 430·
2358 4050 2400 4122 ἧ
2434 4057 2544 4122 μὲν

1502 4130 1574 4200 δὴ
1605 4135 1735 4204 πρίν
1766 4134 1814 4198 y
1847 4125 1995 4192 ευχε’
2022 4126 2350 4204 Ἀρηῐφίλου
2373 4133 2545 4182 Μενε-

1502 4208 1646 4261 λάου
1695 4206 1778 4281 Σῇ
1828 4222 1889 4258 τε
1935 4206 2042 4296 βίῃ
2084 4208 2185 4258 καὶ
2230 4208 2393 4278 χερσὶ
2441 4209 2542 4258 καὶ

1501 4279 1663 4352 εγχεὶ
1687 4285 1960 4356 φέρτερος
1991 4298 2154 4333 ειναι.
2196 4283 2326 4333 Tuae
2358 4285 2537 4331 autem
