3234 4975
1179 427 1296 477 LIB.
1334 426 1418 477 lV.
1491 427 1549 477 C.
1586 426 1694 477 xll.

2488 424 2611 487 607

697 580 893 649 Velox
938 601 1156 647 merce
1199 581 1387 648 veni:
1435 601 1565 646 non
1609 601 1734 667 ego
1779 591 1841 646 te
1886 580 2049 646 meis

699 703 1053 768 Immunem
1097 700 1373 768 meditor
1415 701 1663 789 tingere
1707 701 1991 789 poculis,

865 821 1062 890 Plena
1106 821 1290 888 dives
1336 831 1404 887 ut
1449 822 1513 886 in
1558 821 1774 888 domo.

696 982 932 1047 Verum
979 999 1150 1067 pone
1193 1000 1410 1045 moras
1454 988 1520 1045 et
1562 977 1848 1044 studium
1890 977 2091 1056 lucri,

2530 981 2612 1045 25

694 1101 1168 1188 Nigrorumque
1213 1120 1487 1177 memor,
1535 1098 1692 1165 dum
1731 1097 1910 1177 licet,
1959 1100 2201 1188 ignium

696 1223 894 1289 Misce
938 1219 1264 1287 stultitiam
1307 1219 1590 1287 consiliis
1637 1219 1932 1287 brevem:

862 1341 1067 1408 Dulce
1112 1350 1212 1408 est
1253 1340 1557 1428 desipere
1603 1341 1670 1407 in
1713 1341 1884 1409 loco.

575 1560 658 1611 23.
694 1561 955 1611 Ιπηιυηοηι
987 1562 1044 1610 T.
1087 1585 1142 1596 —
1179 1560 1406 1623 linquere
1437 1558 1531 1609 Td.
1577 1581 1633 1594 -
1671 1558 1753 1608 25.
1790 1571 1955 1609 moros
1985 1560 2041 1609 T.

446 1755 609 1807 ⁴485:
663 1750 1028 1824 βοτρυώδεος
1067 1746 1239 1824 Ἁβρὰ
1285 1754 1494 1823 παρηί-

444 1827 565 1892 δος.
624 1830 731 1879 Sat.
773 1830 834 1889 2,
875 1829 935 1889 2,
973 1829 1072 1878 25ε
1123 1828 1270 1877 vanis
1300 1840 1490 1877 ronan.

446 1906 507 1953 A.
552 1906 608 1954 P.
644 1903 737 1955 49:
775 1902 948 1952 abdita
983 1915 1173 1953 rerum.
1221 1929 1277 1938 —
1314 1902 1491 1966 oluere]

445 1978 541 2028 Od.
568 1977 627 2038 3,
655 1978 744 2039 42,
770 1978 825 2028 2;
862 1977 1006 2027 Mala
1023 1978 1141 2027 vino
1162 1977 1346 2027 lavere.
1383 1978 1494 2026 Iam

447 2051 501 2100 in
525 2051 767 2115 Cypricis
790 2051 997 2114 Fragm.
1025 2051 1073 2101 8.
1100 2049 1275 2102 Muell.
1302 2052 1496 2101 Nestor

445 2124 516 2174 ad
559 2123 892 2178 Menelaum:
948 2120 1118 2175 Οἷνόν
1158 2140 1279 2187 τοι,
1314 2125 1494 2175 Μενέ-

443 2196 572 2261 λαε,
606 2200 735 2249 θεοὶ
776 2200 1029 2264 ποίησαν
1066 2192 1308 2285 ἄριστον
1340 2198 1495 2263 Smy-

445 2276 569 2335 τοῒς
633 2266 1029 2343 ἀνθρώποισιν
1091 2268 1496 2322 αποσκεδάσαι

448 2339 787 2410 μελεδῶνας.
829 2346 977 2397 Conf.
1000 2346 1095 2395 Od.
1116 2346 1165 2406 3,
1186 2346 1270 2407 24,
1293 2346 1353 2396 43
1372 2358 1492 2408 sqq.

512 2420 631 2469 22-
652 2419 735 2470 24.
803 2418 992 2482 merce]
1053 2421 1352 2482 «unguento
1408 2417 1493 2470 illo

446 2494 697 2554 nardino,
724 2508 754 2544 e
772 2495 922 2557 Syria
949 2496 1171 2545 Romam
1193 2495 1412 2545 misso.»
1435 2521 1491 2531 -

445 2567 735 2631 Immunem]
775 2561 1173 2632 «ἀσύμβολον,
1212 2566 1337 2618 nihil
1371 2567 1497 2618 affe·

448 2643 713 2692 rentem.»
756 2642 968 2691 Terent.
994 2641 1207 2692 Phorm.
1233 2643 1292 2704 2,
1317 2643 1375 2703 2,
1400 2642 1489 2691 25;

452 2716 549 2766 Ten
581 2715 890 2777 asyntbolwn
916 2716 1123 2766 venire!
1158 2717 1359 2765 cet.-

448 2803 538 2854 oqo
566 2815 591 2826 -
619 2815 644 2826 -
676 2789 913 2853 meditor]
977 2788 1175 2854 «probe
1220 2789 1352 2840 scito
1387 2801 1494 2838 ιιοιι

446 2864 592 2915 hunc
626 2864 753 2914 mihi
778 2864 1014 2914 animum
1050 2876 1226 2915 esse.»
1278 2863 1381 2927 (Ich
1412 2862 1496 2911 bin

448 2951 550 3001 aar
564 2938 699 2988 nicht
717 2937 965 3002 Wium.)
987 2964 1042 2975 —
1069 2937 1275 3001 tinqere]
1298 2939 1360 2987 ut
1377 2937 1498 3002 τέγ-

446 3025 568 3079 γειν
580 3048 596 3074 ,
629 3009 862 3083 βρέχειν
876 3047 892 3073 ,
918 3010 1254 3063 madefacere
1269 3048 1282 3072 ,
1308 3011 1497 3073 irriga-

449 3100 529 3137 re.
561 3114 617 3123 -
640 3087 795 3138 Plena
814 3112 845 3123 -
864 3113 894 3125 -
916 3085 1084 3150 amno]
1120 3083 1402 3149 locuplete,
1438 3084 1499 3133 ut

449 3159 544 3211 Od.
569 3162 620 3224 2,
649 3162 731 3223 42,
750 3159 1287 3213 24:1²10nasArabum
1308 3159 1494 3209 domos.

513 3246 735 3297 25-28.
795 3245 996 3310 Verum]
1052 3244 1188 3295 «Sed
1240 3242 1498 3307 quidquid

453 3323 506 3370 te
528 3333 672 3371 nunc
695 3323 950 3385 occupat,
976 3320 1192 3379 venies;
1229 3331 1329 3382 ego
1354 3319 1498 3369 onim

450 3396 504 3442 te
553 3405 651 3457 pro
702 3396 851 3444 certo
899 3396 1205 3458 exspecto.»
1262 3419 1316 3429 —
1367 3405 1501 3455 pone

449 3466 638 3530 moras]
675 3467 770 3517 Od.
798 3467 849 3530 3,
873 3468 955 3529 29,
980 3469 1012 3518 5
1035 3482 1046 3516 :
1082 3469 1219 3530 oripo
1240 3472 1496 3517 temerae.

455 3568 510 3576 —
547 3545 595 3590 et
630 3541 850 3590 studitam
892 3540 1045 3604 lucri]
1098 3542 1211 3590 Hoc
1246 3552 1460 3603 quoque
1484 3576 1497 3601 ,

449 3616 511 3663 ut
542 3612 693 3664 facile
729 3615 812 3665 est
844 3612 1141 3675 intellectu,
1190 3626 1290 3678 per
1321 3614 1501 3663 iocum

452 3687 581 3737 dicit
627 3700 761 3751 pro:
834 3687 1093 3750 «negotiis
1143 3686 1355 3736 omissis
1403 3698 1504 3750 per

451 3762 610 3812 horas
643 3760 845 3825 aliquot
884 3761 1193 3812 subsecivas
1227 3760 1382 3824 genio
1415 3759 1501 3810 in-

452 3834 663 3898 dulge.»
707 3836 852 3886 Mitto
883 3835 1011 3886 loves
1029 3848 1139 3897 spos
1157 3834 1503 3885 “certamina

451 3910 747 3960 divitiam
795 3907 925 3959 item
972 3909 1183 3973 scripsit
1232 3909 1500 3972 Torquato

451 3984 583 4048 Epp.
620 3984 677 4046 4,
712 3984 771 4044 5,
808 3983 857 4033 8.
900 4010 955 4019 -
993 3983 1091 4043 Qui
1126 3980 1195 4039 ad
1228 3981 1502 4033 Maronem

453 4059 555 4109 hoc
605 4070 823 4108 carmen
892 4056 1152 4118 referunt,
1229 4055 1383 4106 caute
1449 4053 1504 4105 et

1568 1751 1755 1803 callide
1804 1754 2221 1818 interpretantur
2264 1754 2332 1804 de
2365 1754 2615 1819 prudenti

1567 1828 1728 1890 atque
1803 1829 2028 1879 honesta
2102 1830 2425 1893 parsimonia
2502 1831 2615 1881 sive

1569 1902 1895 1970 οἰκονομίᾳ.
1974 1905 2198 1954 Prorsus
2248 1905 2430 1954 autem
2477 1904 2617 1953 anti-

1568 1988 1800 2039 quorum
1845 1976 2086 2027 moribus
2130 1990 2195 2027 ac
2237 1978 2420 2028 sensui
2451 1990 2618 2041 repu-

1567 2053 1732 2113 gnant
1763 2050 1895 2101 aliae
1930 2050 2336 2115 explicationes:
2394 2065 2492 2101 «ne
2526 2052 2620 2101 de-

1568 2125 1785 2175 tinearis
1856 2124 1988 2176 lueri
2053 2126 2105 2175 in
2161 2125 2391 2175 emenda
2445 2125 2617 2175 nardo

1568 2198 1794 2249 faciendi
1845 2199 2019 2250 studio
2040 2237 2053 2260 ‚
2118 2201 2179 2248 ut
2236 2198 2459 2250 lucreris
2522 2197 2619 2248 ali-

1568 2270 1906 2334 quantulum,
1990 2270 2190 2322 salubri
2245 2286 2367 2323 eam
2423 2286 2619 2335 parans

1567 2347 1800 2409 pretio»;
1852 2344 1971 2396 vel:
2029 2360 2136 2396 «ne
2182 2346 2272 2395 diu
2308 2347 2615 2410 expendas,

1567 2421 1689 2468 uter
1723 2421 1963 2471 nostrum
1994 2420 2048 2469 in
2083 2419 2184 2468 hac
2214 2418 2491 2469 collatione
2520 2419 2620 2471 ali-

1568 2494 1697 2556 quid
1718 2492 1890 2545 luoelli
1914 2495 2119 2545 faciat.»
2146 2520 2205 2530 —
2240 2495 2519 2558 Mororum
2538 2520 2569 2531 -
2589 2521 2620 2532 -

1566 2569 1777 2634 ignium]
1815 2568 2085 2633 «lugubris
2117 2570 2294 2631 rogim
2331 2570 2393 2619 ut
2419 2570 2615 2631 omnia,

1568 2656 1708 2707 quae
1743 2642 1813 2692 ad
1847 2646 2078 2694 mortem
2112 2643 2412 2706 pertinent,
2449 2643 2615 2705 nigra,

1569 2720 1701 2768 atra.
1761 2717 1846 2767 Sic
1891 2717 2032 2780 virg.
2075 2719 2206 2766 Aen.
2251 2716 2343 2776 44,
2389 2716 2501 2767 486.
2566 2718 2621 2765 et

1568 2791 1717 2841 ovid.
1746 2791 1882 2841 Fast.
1910 2791 1968 2852 2,
1995 2790 2108 2840 559.
2147 2789 2291 2839 busti
2313 2789 2453 2853 iones
2473 2793 2616 2839 atros

1569 2864 1832 2915 dixerunt.
1879 2889 1937 2900 -
1997 2864 2117 2913 dum
2148 2862 2287 2928 licet]
2347 2862 2498 2922 Quod
2549 2864 2620 2913 ad

1568 2939 1887 2990 sententiam
1921 2938 2135 2999 attinet,
2172 2934 2517 2987 referendum
2550 2936 2620 2987 ad

1567 3026 1622 3063 v.
1674 3013 1847 3073 nasce,
1913 3024 2020 3062 non
2077 3010 2146 3060 ad
2201 3023 2253 3060 v,
2310 3023 2517 3061 mernor.
2561 3039 2615 3047 —

1568 3085 1813 3151 consiliis]
1851 3086 2141 3136 «severiori
2173 3085 2517 3149 sapientiae.»
2560 3112 2618 3123 —

1570 3161 1806 3226 desipere]
1843 3160 2044 3211 «effusa
2075 3172 2203 3210 cum
2235 3158 2431 3210 laetitia
2464 3159 2621 3222 genio

1569 3235 1863 3298 indulgere.
1873 3252 1898 3280 ιι
1953 3260 2011 3271 -
2064 3234 2120 3283 in
2152 3232 2275 3298 loco]
2316 3245 2446 3283 «suo
2480 3232 2617 3294 loco,

1571 3312 1871 3374 opportuno
1923 3309 2195 3373 tempore,
2267 3307 2329 3357 ἐν
2383 3304 2620 3377 καιρῷ.»

1571 3384 1782 3435 Terent.
1809 3380 2032 3446 Adelph.
2059 3383 2118 3442 2,
2155 3382 2213 3442 2,
2247 3381 2312 3431 8.
2352 3379 2623 3443 pecuniam

1570 3460 1627 3507 in
1659 3459 1766 3508 loco
1797 3457 2063 3520 maliano.
2139 3454 2271 3518 Epp.
2321 3454 2378 3514 4,
2422 3453 2477 3512 7,
2519 3452 2617 3501 57:

1564 3544 1848 3595 properare
1868 3530 1975 3580 loco
1997 3534 2044 3579 at
2075 3540 2283 3578 cessare.
2322 3527 2524 3575 Seneca
2550 3524 2618 3573 de

1573 3608 1766 3669 Tranq.
1794 3617 1880 3656 an.
1909 3605 1999 3654 45:
2053 3602 2168 3652 Sive
2207 3601 2401 3651 Graeco
2438 3602 2624 3661 poetae

1572 3682 1852 3739 credimus,
1895 3676 2170 3739 aliquando
2203 3678 2250 3724 ot
2282 3674 2507 3724 munire
2537 3674 2622 3723 tw

1571 3756 1794 3805 eundum
1823 3756 1910 3803 ost.
1948 3748 2208 3812 Theognis
2227 3746 2357 3797 343.
2388 3739 2482 3797 Ἔν
2512 3746 2623 3813 μὲν

1573 3827 1952 3895 μαινομένοις
1972 3819 2134 3890 μάλα
2151 3822 2455 3887 μαίνομαι.
2515 3823 2623 3874 Μο-

1575 3901 1782 3953 nander
1823 3900 1981 3952 Mein.
2024 3911 2078 3962 p.
2123 3896 2248 3946 45οε
2286 3889 2368 3945 Οὔ
2404 3907 2622 3945 παντα-

1574 3973 1688 4036 χοῦ
1710 3970 1779 4025 τὸ
1803 3969 2094 4056 φρόνιμον
2116 3963 2390 4042 ἁρμόττει
2411 3966 2619 4041 παρόν,

1575 4050 1675 4101 καὶ
1709 4043 2084 4114 συμμανῆναι
2116 4043 2164 4095 δ’
2198 4037 2324 4095 ἔνια
2356 4041 2458 4095 δεῖ.
