3234 4975
1230 409 1432 459 LIBER.
1505 410 1701 461 CARM.
1740 410 1821 461 lx.

705 564 1005 649 Interque
1053 564 1235 649 signa
1281 574 1466 649 turpe
1512 562 1807 630 militaria

792 682 900 748 Sol
947 682 1221 769 adspicit
1268 683 1633 770 conopium.

696 807 771 868 At
821 802 946 869 hoc
995 803 1339 869 frementes
1384 793 1715 870 §ei-terunt
1747 803 1850 870 bis
1883 805 2054 872 mille
2085 827 2292 894 equos

575 1020 650 1067 45.
690 1020 871 1079 turpe!
905 1019 1155 1067 militaria
1189 1022 1225 1068 t.
1261 1048 1312 1055 —
1355 1021 1436 1069 46.
1474 1034 1745 1083 conopeum
1780 1021 1957 1082 bScd‚
1997 1024 2128 1071 Pott.
2169 1035 2358 1072 omnes
2391 1036 2552 1087 prae-

513 1095 596 1141 ter
631 1093 896 1156 primum,
933 1093 1056 1142 LCt.
1098 1120 1153 1129 —-

1195 1093 1272 1142 47.
1311 1095 1372 1143 At
1405 1094 1495 1144 hoc
1529 1095 1633 1145 Fea
1669 1097 1844 1146 eoni.:
1889 1095 1951 1146 At
1983 1097 2078 1145 huc
2113 1097 2431 1159 «Cruquiani
2466 1096 2554 1146 ali-

510 1170 641 1229 quot
676 1180 802 1216 cum
837 1166 1050 1217 duobus
1085 1166 1251 1217 Pulm.
1291 1170 1345 1217 et
1377 1166 1515 1231 δψ,»
1554 1168 1661 1218 duo
1694 1169 1960 1230 Pottierii,
2001 1170 2283 1232 CruquiuS,
2319 1171 2394 1219 Aa
2426 1170 2554 1220 huuc

510 1238 606 1300 bc,
642 1239 719 1301 βκ
769 1253 925 1290 «cum
959 1254 1054 1291 sex
1091 1240 1269 1302 aliis»,

509 1329 573 1374 χ,
614 1315 784 1365 Codd.
812 1313 1094 1380 Bamberg.
1115 1354 1126 1376 ‚

1322 1242 1555 1292 Pottierii
1606 1242 1830 1306 aliquot,
1885 1244 1976 1295 LtJ
1998 1282 2008 1304 ,
2064 1244 2232 1292 Adhuc
2266 1245 2325 1302 S,
2378 1257 2458 1307 pr.
2486 1261 2550 1310 y,

1187 1315 1314 1365 item
1337 1316 1572 1368 Pottierii
1606 1315 1662 1376 3,
1692 1316 1779 1376 44,
1810 1317 1901 1366 Ed.
1930 1318 2059 1367 Ven.
2092 1316 2235 1366 4484.
2254 1356 2265 1378 ,
2293 1318 2549 1376 Meineke‚

515 1391 591 1439 Aa
624 1390 714 1439 hoc
748 1404 904 1441 meus
939 1391 974 1439 d
999 1430 1010 1450 ‚
1049 1392 1104 1440 et
1137 1389 1404 1441 Bentleius
1439 1392 1576 1440 coni.
1604 1429 1615 1450 ,

1675 1390 1751 1440 Aa
1783 1391 1903 1441 haec
1938 1390 2102 1440 altera
2140 1393 2254 1441 eius
2288 1391 2549 1455 suspici0‚

520 1464 591 1513 Ab
624 1465 715 1514 hoc
749 1467 809 1515 N.
839 1465 1084 1516 Heinsius
1106 1503 1118 1524 ,
1156 1465 1380 1515 Hoiman
1414 1464 1750 1529 Peerlkamp,
1787 1466 1849 1514 At
1882 1465 1994 1514 hinc
2019 1466 2308 1529 Cuningh.‚
2345 1466 2406 1516 Al
2427 1466 2555 1515 hunc

511 1551 570 1586 ex
609 1552 716 1588 uno
750 1538 1137 1603 vanderburgii
1175 1539 1306 1589 cod.
1347 1538 1523 1601 Regel.

443 1734 808 1796 emancipamt
839 1732 1180 1799 Cleopatrae;
1225 1734 1323 1783 sed
1357 1746 1494 1795 qua-

445 1808 598 1856 tenus
643 1807 805 1870 ipsius
851 1807 1045 1858 milites
1088 1808 1142 1857 in
1176 1808 1291 1857 eius
1324 1806 1492 1857 verba

441 1881 701 1941 iurarent,
772 1882 824 1930 hi
894 1894 1107 1945 quoque
1177 1880 1491 1944 Cleopatrae

443 1955 704 2018 mancipia
738 1958 887 2005 recte
922 1954 1174 2019 appellari
1214 1956 1489 2018 poterant3

445 2028 833 2092 indignitasque
886 2031 1046 2080 totius
1089 2030 1166 2078 rei
1214 2030 1266 2078 in
1308 2042 1375 2079 eo
1407 2026 1491 2077 vel

444 2103 674 2153 maxime
698 2103 1044 2164 cernebatur,
1083 2103 1252 2166 quod,
1291 2115 1416 2152 cum
1440 2103 1492 2152 iu

443 2179 637 2227 ceteris
681 2179 973 2227 Romanam
1008 2175 1340 2240 disciplinam
1374 2189 1495 2226 ser-

443 2253 655 2310 varent,
697 2251 888 2299 vallum
921 2252 1111 2310 etiam,
1156 2249 1336 2313 palum
1370 2262 1494 2299 mu-

446 2323 652 2373 niendis
687 2324 876 2373 castris
899 2323 1224 2373 destinatum
1244 2361 1256 2383 ‚
1295 2323 1495 2372 ferrent

445 2398 569 2455 (Cic.
608 2397 761 2447 Tusc.
798 2398 856 2454 2,
895 2397 1016 2458 46.),
1063 2399 1244 2446 tamen
1277 2398 1491 2460 reginae

443 2471 663 2534 eiusque
684 2471 944 2521 eunuchis
963 2470 1367 2534 ignominiosam
1383 2484 1496 2533 ser-

443 2546 668 2594 vitutem
708 2545 986 2594 servirent.
1046 2546 1244 2595 Caesar
1278 2547 1329 2595 in
1370 2558 1493 2594 ora-

445 2619 588 2668 tione
609 2620 731 2668 ante
755 2630 989 2682 pugnam
1015 2619 1287 2668 Actiacam
1314 2618 1491 2669 habita

444 2693 586 2756 apud
604 2693 754 2741 Dion
776 2693 858 2751 50,
879 2695 968 2742 25:
1008 2693 1106 2753 Τίς
1126 2691 1235 2755 μὲν
1256 2688 1384 2778 γὰρ
1383 2686 1490 2742 οὐκ

443 2761 520 2815 ἄν
544 2761 863 2836 ὀδύραιτο
832 2764 984 2837 ορῶν
1006 2765 1357 2836 στρατιώτας
1367 2761 1494 2815 Ῥω-

443 2843 658 2906 μαίους
681 2838 1152 2912 δορυφοροῦντας
1183 2838 1289 2907 τὴν
1320 2840 1491 2901 βασι-

443 2913 571 2967 λίδα
597 2910 821 2974 αὖτῶν,·
856 2944 910 2952 -
949 2914 1082 2965 Male
1114 2916 1198 2966 alii
1233 2916 1301 2966 de
1325 2918 1493 2966 Anto-

445 2992 531 3041 nio
576 2992 690 3055 ipso
730 2991 1145 3053 interpretantur
1188 2989 1386 3040 vallum
1439 2992 1492 3039 et

443 3078 593 3115 arma
619 3066 823 3115 serente
847 3064 1075 3127 gregarii
1098 3062 1273 3113 militis
1305 3063 1488 3122 instar,

445 3143 504 3189 ut
532 3141 699 3189 risum
735 3141 976 3189 moveret
1009 3138 1213 3188 amicae
1254 3138 1486 3199 reginae.

443 3215 667 3263 omnino
681 3216 880 3273 autem,
902 3211 1358 3276 quemadmodum
1377 3210 1493 3260 ubi-

444 3300 577 3350 que,
630 3289 708 3337 sic
742 3288 903 3337 etiam
940 3287 1027 3336 bic
1061 3300 1226 3350 quam
1258 3285 1488 3335 maxime

443 3360 612 3421 potuit
643 3362 886 3423 pepercit
906 3361 1007 3423 ipsi
1031 3360 1271 3411 Antonio.
1300 3385 1355 3395 -
1374 3372 1493 3421 spa-

443 3433 665 3496 donibus]
701 3433 1014 3497 Cleopatrae
1048 3432 1393 3484 familiaribus
1426 3447 1492 3483 ac

445 3508 780 3557 necessariis.
818 3507 914 3556 Od.
937 3508 992 3564 4,
1020 3506 1108 3566 37,
1136 3508 1182 3557 9.
1222 3506 1486 3557 Plutarch.

446 3582 562 3630 Ant.
611 3580 703 3629 60:
764 3584 1043 3664 προσεῖπε
1091 3580 1347 3666 Καῖσαρ,
1411 3576 1492 3642 ὥς

440 3649 733 3715 Ἀντωνιος
752 3652 860 3717 μὲν
884 3647 1001 3703 ὑπὸ
1023 3649 1352 3722 φαρμάκων
1375 3649 1492 3705 οῦδ

445 3726 654 3779 ἑαυτοῦ
678 3729 940 3813 κρατοίη,
977 3725 1297 3791 πολεμοῦσι
1321 3726 1369 3778 δ
1394 3724 1495 3780 αὖ-

445 3808 566 3864 τοῖς
599 3799 865 3871 Μαρδίων
888 3795 923 3850 ὁ
948 3795 1227 3864 εὐνοῦχος
1248 3804 1349 3852 καὶ
1366 3803 1491 3854 Πο-

442 3871 637 3937 θεινός
680 3877 780 3925 καὶ
829 3871 1005 3946 Εἰρὰς
1039 3870 1077 3940 ἧ
1119 3873 1491 3965 Κλεοπάτρας

444 3946 783 4037 κουρεύτρια
815 3950 914 3999 καὶ
945 3946 1244 4021 Χάρμιον,
1283 3947 1382 4012 ὑφ’
1408 3940 1491 4001 ὦν

445 4021 517 4074 τὰ
548 4026 794 4090 μέγιστα
824 4021 1123 4074 διοικεῖται
1144 4022 1249 4088 τῆς
1273 4019 1490 4089 ἡγεμο-

445 4102 588 4162 νίας.
627 4099 724 4150 Dio
749 4099 896 4149 Cass.
923 4099 1019 4159 50,
1043 4100 1105 4147 5:
1145 4092 1180 4147 ὁ
1199 4094 1492 4162 Ἀντώνιος

447 4170 729 4226 αὐτοποδὶ
769 4166 918 4243 αὐτῇ
951 4169 1098 4236 μετὰ
1142 4170 1254 4222 τῶν
1289 4167 1492 4225 εὐνού-

1564 1539 1642 1601 (Ut
1677 1552 1802 1599 neS,
1841 1538 2248 1601 Dillenburger.)

1568 1734 1700 1783 Eun.
1727 1732 1785 1794 4,
1812 1732 1872 1793 4,
1898 1732 1979 1783 2⁴.
2019 1734 2087 1783 de
2127 1735 2400 1784 eunucho:
2437 1736 2531 1785 Hic
2550 1740 2621 1785 est

1565 1812 1736 1869 vetus,
1770 1808 1957 1868 vicem,
1992 1812 2278 1857 veternosus
2308 1822 2486 1869 sonan,
2524 1811 2620 1860 Co—

1566 1881 1673 1931 lore
1691 1881 1969 1931 mustelino.
1996 1907 2046 1918 -
2093 1882 2275 1945 potest]
2316 1884 2376 1932 H.
2402 1881 2434 1932 l.
2456 1896 2617 1944 posse,

1567 1957 1628 2004 ut
1658 1953 1889 2019 τλῆναι,
1946 1956 2212 2005 sustinere:
2268 1955 2366 2006 «ab
2412 1970 2472 2007 se
2518 1957 2621 2007 im-

1567 2030 1768 2093 petrat,
1806 2032 1864 2079 ut
1900 2029 2150 2079 serviat.»

1637 2140 1715 2189 45.
1743 2140 1821 2189 46.
1850 2138 2011 2203 turpe]
2036 2139 2227 2190 adiect.
2255 2153 2307 2189 v,
2334 2141 2614 2202 canapium,

1568 2226 1675 2263 non
1710 2213 1877 2275 magis
1912 2216 1995 2263 est
2030 2213 2363 2273 exclamati0,
2401 2215 2459 2262 ut
2495 2227 2617 2263 cum

1567 2287 1720 2349 parte
1759 2286 2097 2347 antiquorum
2132 2287 2488 2350 Interpretum
2512 2286 2622 2336 volt

1567 2359 1877 2409 Torrentius
1922 2359 1976 2407 et
2014 2359 2263 2419 VossiuS,
2318 2373 2480 2422 quam
2519 2361 2614 2409 Od.

1566 2434 1628 2494 2,
1655 2433 1712 2494 7,
1743 2433 1821 2481 ⁴2.
1854 2460 1907 2467 -
1953 2431 2041 2480 Sol
2062 2432 2292 2496 adspicit]
2338 2427 2437 2495 «ὃς
2460 2429 2619 2482 πάντ’

1566 2502 1757 2577 ἐφορᾷ
1796 2506 1895 2555 καὶ
1947 2502 2110 2555 πάντ’
2141 2503 2439 2567 ἐπακούει,
2494 2509 2620 2557 tunc

1566 2585 1677 2632 tam
1722 2580 1935 2644 indigno
1982 2579 2288 2644 spectaculo
2331 2581 2618 2632 offensus.»

1571 2686 1626 2693 —
1665 2657 1991 2719 Scripturam
2024 2654 2288 2715 conopeum
2325 2655 2618 2719 penultima

1566 2730 1719 2780 brevi
1769 2728 1996 2794 praebet
2054 2727 2233 2778 Codex
2285 2729 2408 2791 Reg.
2468 2731 2615 2779 7900.

1566 2807 1683 2854 Sec.
1710 2805 1794 2866 X„
1822 2805 1988 2854 nostri
2006 2816 2291 2864 conopeum,
2332 2805 2423 2853 Est
2438 2807 2619 2854 autem

1567 2878 1749 2928 velum
1794 2878 1993 2928 lineum
2040 2878 2363 2928 tenuissimis
2398 2876 2619 2928 maculis

1567 2953 1900 3013 distinctum,
1940 2953 2120 3002 Latine
2163 2951 2382 3000 eulicare
2426 2951 2616 3013 (Schol.

1566 3029 1746 3079 luven.
1775 3028 1831 3087 6,
1859 3027 1938 3076 80.
1960 3065 1971 3085 ,
2010 3025 2102 3075 ubi
2127 3028 2307 3076 tamen
2333 3028 2415 3076 est
2437 3031 2621 3076 testu-

1567 3103 1743 3150 dineo
1765 3127 1794 3136 -
1816 3126 1845 3136 -
1866 3101 2121 3165 conopeo),
2159 3101 2227 3149 ad
2250 3099 2467 3161 culices,
2506 3097 2619 3150 κώ-

1565 3190 1760 3238 νωπας
1804 3173 2110 3240 (mazare),
2157 3189 2187 3225 a
2229 3173 2381 3227 lectis
2427 3191 2621 3227 areen-

1566 3249 1691 3311 dos,
1742 3249 1809 3299 de
1847 3263 1952 3313 quo
1988 3249 2223 3301 mollitiei
2266 3251 2619 3301 instrumento

1567 3324 1866 3388 indignatur
1917 3324 2078 3374 etiam
2122 3326 2361 3388 Propert.
2407 3325 2468 3384 3,
2528 3326 2615 3385 44,

1565 3398 1646 3450 45.
1676 3438 1688 3459 ,
1724 3400 1984 3460 Foedaque
2021 3399 2227 3460 Tarpeio
2266 3399 2479 3458 conopia
2511 3403 2621 3446 ten-

1565 3475 1682 3523 dere
1702 3487 1829 3522 saro
1854 3472 2195 3536 Cleopatram
2218 3473 2472 3520 minatam
2497 3478 2643 3521 esse·

1565 3560 1890 3597 memorans
1946 3546 2153 3595 Laudes
2189 3546 2375 3594 contra
2409 3546 2618 3607 conopii

1566 3622 1758 3671 cecinit
1802 3619 1993 3670 Paulus
2040 3617 2217 3668 Silent
2257 3616 2465 3667 Anthol.
2507 3618 2614 3667 Pal.

1561 3697 1625 3745 Π.
1647 3709 1700 3759 p.
1722 3696 1835 3745 258.
1864 3695 1926 3743 N.
1952 3691 2075 3743 764:
2113 3691 2215 3753 Εἰς
2236 3689 2613 3741 κωνωπεῶνα.

1555 3761 1759 3819 ’Ττνου
1793 3764 1838 3817 δ’
1871 3761 2296 3828 ἆστυφέλικτον
2338 3758 2460 3832 ἄγω
2506 3762 2618 3826 χά-

1565 3859 1671 3915 ριν.
1732 3843 1806 3892 Id.
1848 3842 1919 3892 ib.
1958 3842 2071 3891 765.
2112 3843 2166 3891 et
2207 3840 2456 3903 Agathias
2499 3841 2612 3891 766.

1566 3918 1903 3981 (Etiamnunc
1961 3916 2184 3980 conopia
2236 3915 2288 3965 in
2342 3927 2442 3965 usu
2494 3918 2620 3964 sunt

1566 3991 1708 4055 apud
1754 3990 1912 4041 Italos
1953 3988 2225 4040 molliores
2266 3992 2319 4039 et
2359 3991 2619 4039 vocantur

1564 4063 1902 4128 zanzariem'.)

1635 4174 1715 4223 47.
1755 4174 1836 4223 48.
1888 4176 1949 4224 At
1982 4174 2090 4238 hoc]
2135 4175 2331 4239 Recepi
2376 4186 2518 4222 nunc
2553 4186 2617 4221 ex

253 4316 305 4330 .-
330 4316 373 4335 η
447 4264 566 4307 χων
603 4243 928 4313 ἠκολούθει.
988 4276 1041 4287 -
1089 4247 1313 4313 rugosis]
1370 4249 1487 4298 Ter.
1569 4249 1705 4298 Feae
1741 4248 2144 4309 emendatione,
2203 4262 2309 4299 non
2344 4249 2522 4298 tamen
2562 4248 2622 4294 ut
