3234 4975
1283 403 1400 452 ua.
1442 404 1477 451 ι.
1551 404 1609 451 c.
1651 403 1800 452 xxx.
2492 398 2604 464 169

786 558 994 625 Thure
1039 569 1102 625 te
1148 557 1346 624 multo
1394 557 1712 646 Glycerae
1755 557 2060 624 decoram

1035 679 1330 746 Transfer
1372 680 1438 743 in
1481 679 1732 746 aedem.

781 838 1093 904 Fervidus
1140 848 1353 943 tecum
1396 859 1561 926 puer
1605 849 1670 904 et
1715 838 1938 904 solutis
2571 843 2608 901 5

784 960 1039 1025 Gratiae
1084 961 1263 1025 zonis
1306 970 1787 1048 properentque
1831 959 2165 1048 Nymphae

782 1082 856 1145 Et
898 1102 1128 1168 parum
1172 1081 1376 1146 comis
1422 1081 1564 1146 sine
1610 1091 1672 1147 te
1723 1083 2019 1148 luventas

1038 1202 1545 1290 Mercuriusque.

573 1404 619 1452 3.
662 1403 788 1452 Ture
820 1404 876 1452 T.
920 1431 972 1437 —-
1012 1404 1059 1451 7.

444 1593 615 1644 nuper
669 1579 873 1630 Silenus
930 1592 1190 1643 perquam
1245 1578 1418 1630 bellus
1442 1580 1482 1642 ‚)

445 1654 587 1703 haud
620 1667 742 1704 raro
777 1654 1137 1718 reperiuntur,
1184 1655 1340 1703 unius
1377 1654 1486 1703 fere

444 1728 595 1791 pedis
618 1732 710 1778 aut
731 1727 1142 1791 sesquipedalia:
1179 1729 1374 1792 partim
1396 1741 1489 1792 pa-

444 1815 566 1851 rum
610 1805 792 1866 aptum
836 1805 919 1853 est
959 1802 1223 1853 ἐπίθετον
1256 1804 1489 1852 decoram

446 1878 695 1927 sacrario.
775 1878 1111 1941 Quamquam
1152 1879 1297 1928 aedos
1339 1890 1483 1926 num.

446 1953 578 2013 sing.
604 1965 702 2015 pro
725 1952 885 2002 domo
911 1953 1181 2002 rarissime
1206 1953 1485 2002 invenitur.

449 2025 595 2076 Ovid.
617 2028 752 2077 Fast.
774 2028 823 2086 2,
845 2027 967 2077 6⁴6:
998 2028 1063 2076 Et
1081 2029 1294 2092 viyilant
1314 2033 1491 2077 nostra

449 2115 641 2164 semper
679 2102 733 2150 in
773 2102 895 2150 aedo
926 2102 1096 2151 Lares.
1135 2101 1261 2152 Gell.
1300 2102 1358 2163 4,
1397 2102 1484 2154 ⁴4:

450 2191 561 2228 oum
591 2176 682 2225 sibi
711 2177 793 2239 fas
823 2177 1044 2238 recipere
1070 2192 1171 2227 non
1200 2178 1350 2241 fuisse
1370 2179 1492 2227 aede

449 2266 559 2301 sua.
598 2250 703 2301 Sed
736 2251 824 2299 hic
857 2252 1028 2314 quivis
1061 2251 1219 2302 sentit
1249 2251 1385 2316 plur.
1411 2253 1492 2300 do-

447 2339 593 2375 coras
613 2352 642 2362 -
663 2351 692 2361 -
714 2326 860 2374 aedos
881 2327 1095 2376 omnino
1127 2325 1392 2390 pedestris
1416 2325 1493 2375 fu-

449 2403 628 2449 turum
664 2399 821 2449 fuisse
856 2401 1122 2450 orationis.
1154 2427 1208 2435 —-
1236 2400 1339 2450 Sed
1364 2398 1491 2463 quid

449 2474 643 2524 diutius
666 2474 717 2522 in
740 2472 1169 2525 hariolationibus
1192 2477 1491 2525 moramur?

451 2561 573 2598 cum
625 2550 731 2596 tota
778 2549 874 2598 ista
920 2549 1140 2599 Veneris
1185 2546 1494 2611 ἐπιφάνεια

452 2625 502 2672 in
538 2621 792 2684 Glycerae
826 2621 910 2672 vel
951 2622 1238 2674 coenaculo
1270 2623 1355 2674 vel
1394 2625 1493 2673 do-

453 2697 699 2747 muncula
734 2710 839 2746 non
874 2699 941 2747 sit
974 2698 1073 2776 nisi
1106 2698 1341 2763 lepidum
1368 2704 1495 2763 poe-

456 2776 541 2821 tae
580 2768 914 2837 φάντασμα.

519 2922 565 2969 5.
621 2921 668 2970 6.
722 2922 892 2970 solutis
912 2948 941 2958 -
961 2923 1118 2987 zonis]
1172 2922 1276 2972 Cfr.
1328 2925 1495 2973 Sene-

456 3009 549 3047 cae
574 2994 749 3046 locum
772 2996 839 3046 ad
864 2996 959 3046 Od.
990 2999 1046 3052 4.
1081 2996 1139 3058 4,
1177 2997 1225 3047 6.
1258 2996 1491 3048 allatum.

458 3071 734 3134 (Boettiger
764 3071 1232 3122 Aldobrandinischo
1268 3073 1499 3123 Hochzoit

454 3157 506 3208 p.
546 3144 656 3196 ⁴47.
697 3145 879 3208 Hm.)
920 3147 1372 3211 —propermtqeoej
1398 3150 1499 3198 Per

456 3216 707 3283 syllepsin
742 3219 824 3271 bis
848 3220 1183 3284 cogitandum
1209 3225 1293 3273 est
1318 3236 1500 3285 propo-

1095 1404 1297 1452 iwvonca
1331 1416 1393 1451 ex
1429 1402 1758 1451 correctione
1794 1402 1845 1450 d.

1560 1583 1689 1628 rent.
1750 1578 1826 1628 Cs.
1866 1579 1960 1628 od.
1999 1579 2055 1638 3,
2094 1580 2182 1639 Η,
2221 1580 2312 1629 43ε
2367 1581 2436 1630 Tu
2469 1588 2609 1644 potos

1560 1655 1714 1718 tim-os
1744 1654 2039 1714 comitesque
2070 1653 2221 1703 silvas
2241 1655 2434 1705 ducere.

1627 1730 1675 1777 7.
1722 1740 1914 1788 parum
1962 1728 2130 1792 comis]
2184 1729 2336 1779 «siue
2382 1729 2606 1781 Veneris

1563 1802 1766 1866 gaudiis
1807 1799 1961 1864 longe
2007 1803 2182 1853 minus
2225 1806 2370 1866 grata
2415 1805 2609 1854 Iuven-

1564 1880 1663 1937 tas»,
1691 1869 1891 1941 “Ηβη.»
1929 1877 2082 1926 Hom.
2123 1877 2316 1939 Hymn.
2355 1879 2406 1928 in
2436 1877 2603 1942 Apoll.

1566 1951 1686 2001 ⁴95:
1719 1945 1985 2020 Ἁρμονίη
2016 1950 2072 2000 θ’
2100 1946 2247 2017 ’Ήβη
2271 1967 2332 2002 τε
2354 1948 2489 2015 Διὸς
2510 1952 2611 2003 θυ-

1563 2021 1745 2095 γάτηρ
1777 2026 1824 2074 τ’
1855 2018 2176 2096 Ἀφροδίτη.

1631 2102 1678 2150 8.
1715 2100 2106 2165 Morem-iusque]
2132 2100 2391 2151 Plutarch.
2420 2102 2611 2151 Coniu-

1565 2174 1698 2237 galia
1732 2177 1913 2224 Praec.
1952 2177 2226 2225 Prooem..
2276 2175 2337 2224 οἱ
2376 2174 2609 2225 παλαιοὶ

1564 2247 1635 2319 τῇ
1664 2243 1966 2336 Ἀφροδίτη
2009 2245 2112 2299 τὸν
2138 2243 2315 2321 Ἕρμ
2284 2267 2353 2315 ην
2394 2265 2609 2317 συγκα-

1564 2322 1863 2412 θίδρυσαν,
1899 2341 1980 2387 ως
2012 2321 2115 2389 τῆς
2150 2327 2275 2393 περὶ
2297 2322 2398 2375 τὸν
2421 2323 2609 2391 γάιιον

1566 2394 1782 2465 ἡδονῆς
1813 2397 2068 2464 μάλιστα
2100 2396 2278 2465 λόγου
2311 2398 2606 2466 δεομένης,

1565 2471 1672 2540 τήν
1714 2490 1775 2525 τε
1815 2471 2008 2526 Πειθώ
2044 2476 2142 2524 καὶ
2183 2471 2288 2537 τὰς
2335 2472 2605 2546 Χάριτας,

1570 2551 1668 2599 ἵνα
1689 2550 1983 2612 πείθοντες
2012 2547 2461 2620 διαπράττωνται
2483 2566 2522 2601 π

1568 2619 1849 2689 ἀλλήλων,
1887 2620 1924 2673 ἅ
1947 2622 2276 2684 βούλονται,
2311 2622 2395 2690 μὴ
2416 2641 2610 2690 μαχο-

1567 2714 1734 2763 μενοι
1765 2698 1912 2764 μηδὲ
1933 2697 2410 2762 φιλονεικοῦντες.
2449 2702 2612 2751 Phur-

1570 2777 1729 2825 nutus
1765 2775 1855 2824 ⁴6:
1907 2768 2166 2863 ἡγεμόνα
2199 2771 2611 2844 παραδιδόασιν

1569 2844 1684 2899 τῶν
1717 2849 1985 2918 Χαρίτων
2017 2845 2119 2899 τὸν
2147 2844 2375 2919 Ερμῆν.
2415 2851 2488 2900 ld.
2525 2851 2608 2901 24:

1564 2918 1868 3012 Ἀφροδίτη
1902 2922 2215 2994 παρέδρους
2247 2940 2307 2975 τε
2341 2927 2440 2975 καὶ
2473 2940 2611 2977 συν-

1571 2996 1773 3069 ε’δρους
1805 2995 1907 3062 τὰς
1941 2996 2200 3087 Χάριτας
2232 2993 2352 3061 ἔχει
2384 3001 2482 3050 καὶ
2504 2997 2611 3066 τὴν

1572 3070 1765 3123 Πειθώ
1829 3075 1927 3124 καὶ
1986 3071 2089 3123 τὸν
2137 3069 2351 3146 Ἑρμῆν
2399 3071 2493 3126 διὰ
2541 3073 2609 3127 τὸ

1574 3148 1772 3199 πειθοῖ
1791 3145 2187 3273 πτξοσάγεσθαι
2210 3153 2306 3202 καὶ
2331 3148 2481 3219 λόγῳ
2516 3152 2612 3201 καὶ

1574 3219 1772 3293 χάρισι
1879 3240 1945 3287 υς
1978 3224 2315 3295 ἐρωμένους

1416 3705 1748 3713 *mv-wa..
