3234 4975
1253 338 1372 387 Lm.
1410 338 1471 387 11.
1544 338 1603 388 C.
1642 338 1747 388 XV.

2524 336 2650 401 295

907 492 1384 579 Praescriptum
1427 502 1492 557 et
1537 491 1769 558 intonsi
1814 491 2073 559 Catonis

990 612 1310 700 Auspiciis
1354 624 1781 699 veterumque
1823 633 2068 679 norma.

817 771 1113 837 Privatus
1159 770 1282 837 illis
1326 791 1562 837 census
1607 780 1746 836 erat
1787 769 2036 845 brevis,

816 892 1173 957 Commune
1217 912 1556 977 magnum:

898 1013 1132 1079 Metata
1175 1011 1441 1098 privatis
1485 1031 1757 1098 opacam

1604 890 1780 956 nulla
1824 890 2243 977 decempedis

2566 1010 2592 1075 i
2607 1013 2646 1075 5

980 1133 1272 1199 Porticus
1316 1131 1679 1219 excipiebat
1720 1134 1985 1208 Arcton,

807 1294 940 1358 Nec
980 1291 1308 1357 fortuitum
1357 1312 1666 1379 spernere
1715 1291 2067 1377 caespitem

475 1592 623 1641 cuius
658 1593 838 1640 tamen
881 1590 1025 1640 notio
1068 1591 1207 1640 inest
1239 1591 1292 1640 in
1329 1602 1379 1638 v.
1414 1590 1522 1653 sor—

476 1666 631 1715 vidoS.
668 1666 956 1727 Propterea
979 1662 1214 1713 nonnulli
1236 1663 1525 1714 substitue-

473 1741 596 1790 runt
627 1736 785 1801 gloss.
824 1743 1001 1787 assetus.
1044 1764 1099 1774 —
1131 1738 1344 1802 Romuli]
1382 1751 1520 1801 «quo

470 1813 727 1876 regnante
774 1810 898 1861 bina
944 1811 1126 1874 iugera
1171 1811 1370 1877 populo
1414 1815 1523 1862 Ro-

472 1900 632 1937 mano
657 1886 785 1936 satis
804 1887 1006 1934 erant.»
1033 1884 1159 1934 Plin.
1183 1886 1244 1935 H.
1266 1887 1327 1935 N.
1351 1886 1438 1944 ⁴8,
1464 1886 1514 1935 2.

538 1960 618 2009 Η.
656 1960 854 2023 intonsi]
891 1959 1052 2023 prisci
1087 1958 1222 2009 illius
1259 1960 1513 2010 Censorii.

471 2035 622 2083 Anno
668 2033 888 2082 demum
933 2046 987 2082 u.
1036 2047 1083 2082 c.
1121 2032 1236 2084 454.
1274 2034 1517 2085 tonsores

470 2121 500 2157 e
547 2105 716 2156 Sicilia
760 2109 984 2157 Romam
1032 2108 1314 2158 venerunt.
1386 2106 1511 2157 Plin.

471 2182 531 2232 H.
559 2182 621 2231 N.
661 2180 720 2241 7,
757 2180 837 2231 59.

535 2257 615 2305 ⁴2.
668 2254 936 2320 Auspiciis]
992 2255 1314 2320 «exemplis,
1374 2269 1513 2320 quae

467 2328 621 2379 nobis
655 2342 870 2392 quoque
902 2329 1041 2379 vitae
1076 2328 1286 2392 regulas
1320 2343 1516 2393 suppe-

466 2404 636 2454 ditare
688 2402 1007 2454 deberent.»
1075 2405 1308 2454 Primam
1358 2417 1513 2456 suam

464 2476 907 2541 significationem
961 2478 1179 2538 retinet,
1250 2480 1511 2541 quatenus

462 2552 623 2615 prisci
657 2550 727 2602 illi
762 2552 929 2601 duces
962 2565 1080 2602 rem
1104 2551 1374 2617 publicam
1397 2566 1514 2615 ges-

463 2627 646 2676 serant
694 2627 942 2691 auspiciis
999 2627 1136 2688 suis,
1199 2641 1266 2676 ex
1316 2627 1510 2691 quibus

464 2712 706 2749 summae
726 2700 932 2750 virtutis
950 2700 1191 2764 exempla
1211 2702 1506 2762 ediderant,

464 2787 632 2836 «quae
684 2775 1060 2837 etiamnunc»,
1114 2777 1313 2839 inquit,
1369 2789 1510 2827 «nos

462 2849 615 2910 sequi
648 2861 747 2911 par
780 2850 947 2898 erat.»

527 2921 606 2971 ⁴3.
662 2920 740 2972 44.
811 2922 987 2987 brevis]
1049 2924 1102 2973 in
1159 2935 1320 2986 prosa
1371 2927 1503 2974 orat.

464 2996 693 3057 «tenuis,
733 2997 1004 3059 exiguus.»
1047 3023 1102 3033 -
1130 2998 1412 3063 Conwnune]
1439 2994 1506 3048 τὸ

461 3066 676 3130 κοινόν,
713 3072 1008 3132 aerarium,
1061 3084 1191 3134 ager
1229 3071 1504 3138 publicus,

460 3143 751 3207 vectigalia.
791 3145 1146 3209 (Gemeinqut.)

524 3218 603 3267 ⁴5.
634 3219 866 3282 privatis]
902 3231 1007 3268 non
1038 3232 1139 3284 per
1159 3233 1219 3270 se
1243 3220 1508 3284 accipien-

458 3289 589 3341 dum
622 3304 817 3354 genere
840 3291 1085 3355 mascul.,
1122 3293 1233 3343 vel:
1274 3297 1505 3345 «metata

457 3378 487 3414 a
521 3366 739 3428 privatis
772 3367 1147 3428 hominibus»;
1200 3368 1309 3418 vel:
1367 3383 1505 3419 «ex-

457 3439 688 3504 cipiebat
719 3442 936 3504 privatis
974 3441 1242 3504 (dativ.)»;
1290 3442 1386 3494 sed
1419 3446 1505 3494 est

455 3511 719 3563 ἐπίθετον
751 3528 803 3564 v.
842 3515 1158 3576 decempedis,
1195 3517 1411 3579 perticis
1437 3518 1498 3567 X.

453 3587 655 3651 pedum
691 3588 925 3652 «quibus
959 3587 1012 3639 in
1048 3590 1340 3652 magnificis
1374 3605 1504 3656 por-

454 3662 649 3713 ticibus
717 3663 1053 3714 exstruendis
1111 3665 1305 3725 privati
1360 3679 1502 3716 nunc

453 3737 731 3786 utuntur.»
801 3739 1040 3788 Porticus
1074 3738 1332 3800 significat
1364 3741 1501 3792 adeo

454 3807 638 3872 longas
672 3812 726 3859 et
757 3809 917 3871 latas,
954 3815 1014 3861 ut
1045 3811 1116 3861 ad
1149 3824 1243 3862 eas
1266 3825 1503 3865 comme-

454 3883 662 3933 tiendas
695 3884 1042 3950 decempedis
1076 3898 1211 3950 opus
1244 3887 1335 3945 sit;
1371 3901 1502 3952 por-

453 3958 590 4007 ticus
617 3957 847 4019 publicae
880 3961 1020 4010 circa
1051 3960 1257 4010 theatra
1281 3974 1345 4010 ac
1367 3964 1502 4011 tem-

453 4030 540 4095 pla
576 4032 622 4082 si
656 4033 766 4081 tam
800 4033 1010 4097 amplae
1046 4037 1252 4095 essent,
1289 4047 1394 4084 non
1418 4035 1501 4085 in-

454 4105 778 4170 dignaretur.

520 4180 599 4230 46.
654 4181 934 4245 eoecipiebat
976 4183 1187 4248 Arcton]
1243 4181 1500 4248 «patebat

1595 1602 1789 1640 versus
1823 1590 2274 1652 Septentrionem,
2313 1590 2404 1653 qui
2437 1587 2552 1639 loca
2576 1588 2644 1639 ad

1596 1676 1655 1713 se
1691 1676 1846 1713 versa
1881 1677 2044 1725 opaca
2077 1675 2140 1712 ac
2172 1665 2457 1728 propterea
2503 1663 2645 1726 frigi-

1596 1737 1744 1787 diora
1779 1736 2005 1787 reddit.»
2050 1738 2107 1786 ln
2141 1737 2446 1788 huiusmodi
2476 1739 2645 1802 porti-

1595 1811 1747 1861 cibus
1780 1823 1880 1875 per
1913 1812 2124 1861 aestum
2158 1810 2348 1874 frigore
2389 1811 2642 1862 frueban—

1593 1887 1695 1935 tur.
1766 1886 1970 1935 Seneca
2006 1884 2100 1948 Ep.
2137 1886 2232 1945 55,
2279 1885 2339 1935 6:
2398 1886 2479 1947 (in
2520 1884 2639 1936 villa

1592 1959 1739 2022 mea)
1798 1960 2062 2022 speluncae
2112 1964 2228 2009 sunt
2282 1961 2413 2010 duae
2466 1962 2642 2024 maqni

1592 2036 1781 2097 operis,
1819 2035 1975 2084 cuivis
2009 2034 2131 2084 ὶαωο
2165 2035 2300 2083 atrio
2313 2047 2494 2096 pares,
2529 2048 2641 2085 ma-

1589 2122 1663 2157 nu
1693 2108 1887 2171 sactae,
1925 2120 2144 2169 quarum
2177 2108 2341 2158 altera
2369 2108 2520 2158 solem
2540 2123 2641 2158 non

1587 2182 1789 2243 recipit,
1843 2182 2010 2231 altera
2050 2194 2207 2243 usquc
2247 2183 2302 2230 in
2342 2183 2640 2232 occidentem

1588 2260 1798 2304 tenetur.
1886 2255 2129 2305 Sidonius
2178 2252 2489 2318 Apollinaris
2539 2258 2633 2317 22,

1590 2329 1712 2378 ⁴79:
1764 2329 1990 2379 Porticus
2030 2330 2099 2377 ad
2141 2328 2328 2391 gelidos
2350 2334 2492 2389 pacet
2523 2330 2637 2378 hinc

1585 2404 1777 2453 aestiva
1796 2404 1995 2453 triones.
2024 2403 2218 2452 Contra
2238 2402 2305 2452 de
2325 2404 2634 2454 coenatione

1585 2474 1798 2528 hiemali
1822 2478 2002 2528 Iuven.
2030 2477 2087 2538 7,
2123 2476 2242 2527 ⁴83:
2280 2477 2638 2542 lonqisNumi-

1584 2553 1770 2602 darum
1812 2552 1943 2615 fulta
1974 2553 2215 2602 columnis
2246 2552 2438 2616 Surqat
2469 2559 2516 2602 et
2554 2555 2636 2603 al-

1583 2631 1778 2689 qentcm
1808 2628 1983 2687 rapiat
2012 2625 2239 2674 coenatio
2269 2625 2434 2675 solem.
2480 2626 2630 2676 Adde

1584 2701 1735 2749 Varr.
1774 2701 1831 2749 R.
1870 2701 1927 2749 R.
1968 2700 2024 2758 i,
2064 2699 2152 2758 ⁴3,
2189 2699 2245 2747 7:
2294 2698 2345 2746 hi
2378 2698 2629 2762 laborant,

1581 2778 1639 2823 ut
1681 2778 1895 2835 spectent
1943 2785 2039 2822 sua
2084 2773 2276 2821 aestiva
2325 2772 2633 2824 tricliniaria

1582 2849 1651 2897 ad
1682 2848 1847 2911 frique
1877 2847 2106 2906 orienti-3,
2142 2845 2350 2895 hiberna
2381 2847 2450 2896 ad
2480 2848 2631 2897 sotem

1581 2924 1907 2983 occidentem,
1937 2921 2106 2982 potius
2129 2932 2299 2982 quam,
2334 2925 2392 2968 ut
2412 2923 2626 2982 antiqui,

1579 2998 1635 3046 in
1685 3010 1840 3059 quam
1879 3000 2083 3058 partem
2125 2995 2250 3044 cella
2291 2995 2499 3044 vinaria
2539 3003 2631 3046 aut

1580 3072 1775 3121 olearia
1791 3071 2035 3134 fenestras
2054 3069 2253 3119 haberet
2269 3071 2372 3118 cet.
2411 3070 2623 3120 Lucian.

1580 3147 1734 3209 Hipp.
1773 3147 1828 3195 7:
1868 3137 1903 3193 ὁ
1939 3138 2132 3205 σοφὸς
2164 3137 2243 3205 ὦς
2276 3137 2509 3209 ἀληθῶς
2524 3140 2630 3193 Ἰπ-

1580 3222 1716 3283 πίας
1748 3214 1851 3269 τὸν
1882 3217 1992 3283 μὲν
2034 3214 2419 3288 ψυχροδόχον
2461 3213 2626 3267 οἶκον

1578 3296 1660 3357 εἰς
1692 3288 1915 3365 βοῤῥᾶν
1948 3288 2438 3363 προκεχωρηκότα
2470 3291 2629 3342 ἐποί-
2708 3339 2715 3346 .

1576 3384 1746 3435 ησεν,
1784 3362 1892 3419 οὐκ
1924 3361 2174 3439 ἄμοιρον
2207 3361 2343 3417 οὐδὲ
2374 3362 2479 3415 τοῦ
2519 3380 2625 3430 με-

1576 3439 1904 3513 σημβρινοῦ
1938 3437 2126 3512 ἀέρος·
2161 3437 2300 3502 τοὺς
2320 3438 2382 3489 δὲ
2405 3437 2621 3489 πολλοῦ

1574 3515 1679 3569 τοῦ
1714 3513 1976 3578 θάλπους
2007 3514 2319 3580 δεομένους
2348 3509 2497 3579 νότῳ
2520 3514 2622 3563 καὶ

1575 3584 1724 3662 εῧρῳ
1757 3591 1858 3640 καὶ
1889 3586 2115 3659 ζεφύρῳ
2151 3582 2454 3652 ὑπέθηκεν.

1645 3667 1724 3715 47.
1766 3665 1847 3714 48.
1884 3662 2171 3727 fortuitum]
2209 3660 2441 3723 «ubique
2469 3659 2621 3710 facile

1572 3738 1958 3803 reperiundum
1979 3776 1992 3798 ,
2044 3736 2221 3786 vilem.
2241 3754 2267 3780 »ι
2346 3735 2622 3785 Petronius

1574 3815 1752 3865 Carm.
1791 3814 1917 3863 min.
1964 3809 2021 3870 4,
2067 3811 2127 3861 8:
2181 3810 2243 3859 At
2279 3809 2456 3871 paries
2486 3811 2626 3860 eirca

1565 3888 1723 3950 palca
1742 3887 1956 3936 satiatus
1986 3885 2130 3934 inani
2151 3884 2475 3946 Fortuitoque
2495 3885 2615 3934 luto.

1572 3961 1820 4011 Similiter
1842 3960 2097 4011 Pindarus
2132 3958 2284 4021 Pyth.
2311 3958 2360 4019 4,
2399 3958 2479 4008 35.
2507 3957 2621 4021 gle-

1571 4032 1699 4084 bam
1733 4035 1891 4083 vocat
1911 4027 2202 4103 προτυχὸν
2223 4028 2428 4096 ξένιον.
2468 4034 2623 4082 «For-

1571 4108 1726 4156 mim
1769 4108 1788 4155 i
1833 4110 1888 4156 et
1939 4106 2186 4169 producit
2240 4109 2294 4157 et
2349 4107 2617 4170 corripit.»

1572 4183 1720 4232 Serv.
1749 4180 1815 4230 ad
1860 4181 1989 4232 Aen.
2039 4180 2095 4241 6,
2152 4180 2263 4231 469.
2317 4179 2402 4231 vel
2443 4181 2618 4244 potius
