3234 4975
663 396 786 461 446

1422 397 1676 448 nolum
1710 396 2042 448 emulum(

917 1089 1159 1163 Faune,
1204 1086 1642 1175 Nympharum
1684 1085 2033 1172 fugientum
2076 1094 2349 1158 amator,

914 1210 1037 1274 Per
1079 1228 1259 1275 meos
1303 1206 1463 1274 fines
1507 1217 1572 1273 et
1612 1207 1829 1294 aprica
1873 1226 2024 1272 rura

914 1329 1103 1398 Lenis
1147 1329 1412 1396 incedas
1456 1328 1787 1417 abeasque
1832 1328 2044 1416 parvis

1081 1453 1342 1539 Aequus
1387 1449 1660 1517 alumnis
1684 1502 1698 1529 ‚

915 1609 980 1675 Si
1024 1619 1206 1675 tener
1248 1607 1438 1695 pleno
1480 1607 1653 1676 cadit
1695 1607 1943 1675 haedus
1988 1627 2185 1685 anno,
2772 1631 2811 1670 o

792 1788 966 1839 xvm.
1002 1789 1165 1838 Inscr.
1202 1786 1338 1851 volg.
1373 1786 1450 1837 Aa
1480 1787 1725 1838 Faunum.
1768 1813 1825 1823 —
1860 1787 1937 1838 Aa
1967 1788 2197 1838 Fannium
2228 1788 2373 1837 decem
2405 1788 2510 1848 BT,
2555 1787 2747 1850 quibus

730 1861 766 1912 b
800 1861 947 1912 addit
989 1867 1259 1926 cyre-rm.
1309 1874 1340 1912 c
1372 1863 1661 1926 agrestiun.
1714 1889 1767 1898 —
1811 1862 1860 1912 2.
1894 1863 2010 1926 finis
2049 1863 2107 1912 B.
2150 1889 2207 1899 —
2244 1862 2291 1912 3.
2329 1863 2576 1924 adeasquo
2607 1862 2743 1911 B.—

729 1939 779 1987 5.
816 1937 957 1986 cadet
990 1937 1040 1986 S.
1080 1936 1202 2000 (non
1236 1935 1462 1998 Bchd.)

730 2094 902 2143 xvm.
934 2094 1172 2156 Hymnus
1196 2094 1249 2144 in
1271 2094 1526 2155 Faunum,
1553 2094 1702 2144 cuius

666 2167 782 2218 dies
816 2166 982 2218 festus
1014 2168 1174 2218 Nonis
1207 2165 1594 2218 Decembribus
1617 2180 1706 2217 ce-

665 2240 972 2293 lebrabatur
1005 2243 1072 2305 (v.
1107 2242 1204 2305 40).
1258 2242 1488 2292 Carmen
1523 2244 1703 2293 tamen

667 2317 1018 2381 compositum
1062 2315 1273 2379 fingitur
1315 2329 1422 2367 non
1461 2314 1704 2367 Faunali-

668 2390 773 2442 bus
796 2392 921 2456 ipsis
936 2429 948 2452 ,
986 2390 1084 2442 sed
1105 2405 1204 2456 per
1224 2393 1485 2442 aestatem
1505 2392 1699 2456 potius,

669 2466 722 2518 id
755 2465 901 2530 quod
933 2464 1190 2530 colligitur
1233 2479 1299 2517 ex
1329 2479 1380 2515 v.
1419 2466 1478 2516 3:
1524 2465 1705 2529 parvis

667 2541 898 2592 ohannis.
937 2541 1067 2605 (Quo
1089 2544 1331 2605 tempore
1351 2541 1705 2605 compositum

667 2617 758 2678 sit,
796 2616 1137 2680 ignoramus.)

734 2692 781 2741 4.
817 2691 1162 2753 Νυηιρὴαπυπ
1188 2691 1466 2755 simiorum
1485 2689 1702 2754 ornator]

667 2766 879 2816 Servius
932 2766 984 2815 in
1035 2766 1359 2816 centimetro
1407 2777 1526 2829 pag.
1585 2764 1700 2813 376.

668 2838 853 2890 Gaisi'.:
895 2840 1090 2902 Famae,
1114 2840 1462 2902 Nympharum
1481 2844 1639 2888 metus
1659 2842 1706 2888 ot

664 2915 910 2977 voltaptas.
955 2915 1039 2966 Sic
1088 2913 1156 2964 de
1199 2915 1421 2977 Syringe
1459 2926 1490 2962 a
1533 2914 1699 2972 Pane,

669 3000 900 3051 quocum
944 2989 1110 3037 Latini
1143 2988 1376 3037 Faunum
1410 2986 1705 3037 confunde-

669 3059 824 3122 bant,
870 3062 1076 3124 captata
1120 3060 1265 3111 Ovid.
1309 3061 1430 3112 Met.
1469 3063 1526 3122 4,
1572 3061 1699 3111 70⁴:

668 3137 735 3186 Et
767 3135 999 3198 precibus
1028 3136 1204 3197 spretis
1240 3135 1425 3200 fugisse
1458 3150 1553 3198 per
1584 3135 1706 3185 wia

668 3209 968 3272 Nympham.
997 3209 1189 3273 (Eurip.
1211 3208 1323 3260 Hel.
1345 3211 1457 3260 ⁴87:
1483 3205 1705 3274 Νύμφα

669 3298 758 3346 τις
781 3275 880 3332 οἷα
900 3282 1043 3345 Νοᾶς
1054 3277 1248 3370 ’Opem
1267 3280 1500 3350 φυγάδα
1520 3280 1705 3349 νόμον

673 3359 824 3409 ἱεῖσα
855 3354 1085 3429 γοερόν,
1131 3353 1246 3408 Υπὸ
1266 3356 1329 3409 δέ
1351 3359 1580 3430 πέτρινα
1598 3353 1708 3423 μύ-

670 3448 822 3494 χατα
868 3428 1053 3500 γύαλα
1095 3430 1292 3496 Πανὸς
1333 3426 1561 3499 ἀναβοᾷ
1601 3427 1706 3498 γά-

668 3523 836 3574 μους.
894 3507 1066 3558 Schol.
1102 3508 1218 3558 Vat.
1267 3508 1335 3558 ad
1377 3508 1610 3558 Rhesum
1650 3520 1702 3557 V.

670 3584 762 3635 36:
808 3580 871 3633 ἐν
901 3587 1021 3645 τοῖς
1053 3575 1215 3654 ὄρεσι
1236 3609 1265 3620 -
1285 3609 1315 3619 -
1334 3575 1478 3631 ἔνθα
1510 3575 1545 3629 ὁ
1576 3575 1707 3630 Πὰν

670 3650 796 3725 ἅμα
839 3662 964 3720 ταῖς
1005 3647 1280 3723 Νύμφαις
1321 3657 1547 3724 συριζει.
1619 3657 1708 3705 In-

671 3734 885 3797 scriptio
941 3734 1077 3783 antri
1132 3733 1339 3795 Corycii
1386 3732 1437 3781 in
1485 3731 1709 3781 Ausland

672 3807 818 3860 ⁴840.
855 3821 974 3872 pag.
1001 3807 1125 3858 495:
1160 3803 1523 3857 ΕΤΚΡΑΊἩΣ
1551 3810 1559 3864 ι
1588 3802 1709 3854 ΑΛ-

672 3880 989 3934 ΚΙΔΑΜΟΤ
1019 3887 1029 3942 Ι
1064 3879 1464 3932 ΑΜΒΡΤΣΙΟΣ
1491 3884 1499 3938 Ι
1536 3880 1708 3929 ΣΥΜ-

671 3956 1119 4009 ΠΈΡΙΠΟΑΟΙΣ
1140 3954 1352 4015 ΙΠΑΝΙ
1367 3953 1705 4006 ΝΤΜΦΑΙΣ.

672 4032 1094 4084 pulcherrimum
1155 4031 1313 4082 Fauni
1369 4029 1709 4082 simulacrum

675 4108 939 4171 Pompeiis
971 4108 1242 4170 repertum
1274 4106 1327 4156 in
1358 4106 1529 4156 Museo
1558 4105 1707 4155 Borb.

678 4182 759 4231 IX.
796 4182 852 4230 T.
879 4180 982 4241 424
1018 4181 1144 4230 item
1178 4182 1384 4231 Faunus
1410 4181 1712 4245 nympham

1775 2091 2153 2145 Herculanensi
2205 2096 2258 2145 in
2323 2097 2491 2145 Μωόο
2549 2101 2702 2145 secret
2754 2097 2814 2144 de

1773 2169 1959 2231 Napies
1989 2169 2044 2217 T.
2072 2168 2174 2228 323
2212 2170 2382 2234 Satyri
2418 2171 2690 2234 Nymphas
2730 2169 2813 2219 fu-

1774 2243 1979 2305 gientes
2012 2243 2362 2306 insequuntur
2387 2244 2531 2310 apud
2553 2242 2812 2308 Millingen

1776 2316 1948 2366 Gohill.
1984 2318 2040 2367 T.
2080 2317 2149 2379 3.)

1840 2391 1887 2440 3.
1915 2390 1962 2442 4.
1999 2391 2156 2456 Leni-s]
2182 2386 2395 2463 πρᾷος,
2423 2389 2613 2455 ἵλεως,
2639 2392 2817 2456 propi-

1774 2464 1894 2515 tius.
1951 2465 2010 2515 lli
2034 2466 2176 2516 enim
2198 2465 2268 2516 dii
2292 2469 2526 2530 agrestes
2549 2466 2815 2517 interdum

1775 2539 2012 2590 iracundi
2034 2542 2155 2592 sunt
2177 2543 2233 2592 et
2248 2543 2441 2593 acriter
2452 2543 2692 2606 puniunt,
2720 2542 2812 2605 qui

1775 2615 1837 2666 iis
1871 2614 2206 2679 displicuere.
2244 2618 2462 2667 Theocr.
2491 2617 2546 2677 4,
2585 2617 2673 2667 463
2710 2614 2812 2665 τὸν

1772 2686 1941 2739 Πᾶνα
1972 2687 2322 2756 δεδοίκαμες·
2359 2718 2388 2729 -
2418 2716 2449 2727 -
2480 2689 2596 2741 ἐντὶ
2628 2687 2692 2741 δὲ
2726 2704 2815 2741 πι-

1773 2762 1911 2836 κρὸς
1934 2765 2046 2816 Καί
2071 2766 2132 2815 οἱ
2150 2759 2241 2817 ἀεὶ
2262 2764 2488 2837 δριμεῖα
2508 2761 2656 2825 χολὰ
2681 2765 2813 2815 ποτὶ

1772 2834 1885 2910 ῥινὶ
1925 2837 2190 2906 κάθηται.
2226 2839 2419 2892 Plinius
2440 2842 2502 2891 H.
2530 2843 2589 2890 N.
2622 2841 2714 2901 25,
2752 2839 2810 2891 4:

1773 2917 1907 2966 Haec
1931 2917 2183 2980 (paeonia)
2205 2918 2427 2966 medetur
2457 2922 2504 2966 et
2525 2917 2816 2966 Famem

1771 2992 1827 3040 in
1848 2991 2008 3053 quiete
2027 2991 2270 3040 ludibriis.
2295 3018 2350 3027 —
2371 2990 2586 3055 incedas]
2607 2991 2814 3041 Faunus

1774 3060 1924 3129 (Πὰν
1971 3058 2164 3134 ἀγρῶν
2211 3066 2420 3129 ταμίας
2475 3064 2707 3128 Euripidi
2762 3066 2813 3116 in

1775 3138 1849 3190 El.
1887 3138 2021 3200 704.)
2046 3152 2144 3203 pro
2167 3138 2334 3189 lubitu
2357 3139 2517 3189 modo
2540 3140 2628 3189 hic
2653 3139 2813 3190 modo

1773 3212 1876 3264 illic
1920 3226 2044 3262 rura
2088 3212 2460 3277 perambulare
2494 3213 2807 3278 fingebatur-3

1775 3300 1950 3352 neque
1974 3300 2104 3337 vero
2127 3289 2205 3338 sic
2228 3287 2475 3352 explicari
2509 3286 2650 3348 licet,
2688 3301 2813 3339 eum

1776 3360 2089 3413 Faunalibus
2123 3363 2176 3413 in
2209 3363 2347 3414 Urbe
2370 3361 2653 3414 celebratis
2676 3362 2808 3413 ldib.

1777 3435 1928 3487 Febr.
1983 3436 2148 3498 (ovid.
2197 3439 2331 3488 Fast.
2379 3439 2436 3496 2,
2476 3437 2600 3488 ⁴93:
2651 3437 2816 3488 Idibus

1777 3510 1987 3575 amosiis
2018 3512 2215 3574 nunant
2247 3513 2439 3563 anana
2469 3512 2675 3578 Fauni.)
2718 3512 2817 3562 ad-

1776 3586 2013 3646 venisse,
2082 3585 2256 3637 abisse
2319 3588 2478 3638 Nonis
2523 3586 2808 3637 Decembr.

1780 3687 1837 3698 -
1865 3661 2044 3723 pao-vis
2062 3689 2091 3700 -
2111 3661 2341 3725 almis]
2377 3662 2451 3712 Ex
2473 3662 2689 3725 antiquo
2720 3660 2816 3711 ali-

1779 3748 1885 3798 quo
1958 3737 2244 3800 interprete
2316 3737 2541 3801 petitum
2606 3735 2816 3786 videtur

1778 3811 1997 3861 Acronis
2044 3808 2172 3860 illud
2220 3813 2274 3861 et
2318 3811 2525 3861 Comm.
2569 3810 2816 3873 Cruquii:

1780 3886 1948 3935 «ruris
1969 3883 2224 3944 vernulis,
2261 3897 2396 3948 quos
2419 3886 2578 3935 Fauni
2603 3883 2815 3935 laedere

1780 3957 2050 4019 dicuntum
2067 3977 2092 4003 ι
2144 3958 2198 4009 id
2243 3959 2386 4023 quod
2431 3959 2624 4023 probat
2656 3959 2818 4008 etiam

1779 4033 2028 4084 Bosscba.
2118 4033 2316 4083 Verum
2374 4033 2654 4083 manifesto
2709 4045 2816 4082 non

1782 4107 1850 4158 de
1883 4109 2085 4166 vernis,
2133 4106 2231 4158 sed
2265 4106 2333 4157 de
2366 4106 2565 4168 vitulis,
2601 4107 2813 4168 inedie,

1781 4181 1928 4244 agnis
1950 4180 2178 4245 loquitur
2207 4182 2390 4245 poeta,
2427 4183 2486 4230 ut
2508 4179 2602 4230 Od.
2629 4180 2686 4239 3,
2719 4180 2814 4241 23,

675 4255 889 4305 basians
945 4255 1152 4317 egregie
1207 4256 1377 4318 pictus
1433 4255 1484 4303 in
1537 4253 1708 4304 tabula
1782 4255 1831 4304 7.
1870 4253 2056 4304 collato
2078 4254 2195 4305 loco
2219 4255 2312 4305 Od.
2341 4255 2512 4316 4,47,
2538 4255 2585 4304 3.
2625 4256 2817 4304 Contra
