3234 4975
652 372 773 437 214

1410 377 1664 427 floaAru
1701 378 2066 459 omninum·
2157 449 2160 451 ,

1072 512 1358 578 Paullum
1402 535 1670 580 severae
1715 516 1894 581 Musa
1940 515 2306 602 tragoediae

1068 636 1245 702 Desit
1288 634 1581 701 theatris:
1630 657 1776 702 mox
1819 636 1931 702 ubi
1975 635 2265 723 publicas

2717 639 2799 703 110

1153 759 1275 824 Res
1321 757 1669 833 ordinaris,
1716 758 1957 845 grande
2001 780 2233 823 munus

1237 879 1548 965 Cecropio
1594 890 1849 965 repetes
1894 879 2242 957 cothurnO,

1074 1039 1323 1125 Insigne
1366 1039 1631 1104 maestis
1675 1038 2071 1125 praesidium
2119 1043 2247 1107 reis

648 1332 897 1383 debebat.
980 1330 1140 1382 Simul
1192 1333 1372 1381 autem
1423 1330 1682 1389 ostendit,

646 1410 842 1471 quanta
878 1406 946 1457 de
981 1405 1220 1457 Pollionis
1260 1405 1474 1457 historia
1511 1418 1688 1470 popu-

645 1482 834 1533 larium
869 1483 938 1532 sit
972 1481 1311 1545 exspectatio,

711 1557 759 1605 9.
786 1557 1014 1605 Paullum
1032 1555 1158 1619 cet.]
1175 1554 1279 1606 Cfr.
1301 1555 1513 1605 omnino
1537 1552 1686 1604 Wel-

645 1631 866 1681 ckerum
907 1631 1059 1692 Trag.
1105 1631 1167 1678 V.
1212 1631 1274 1679 11.
1325 1631 1381 1679 Τ.
1430 1630 1513 1679 111.
1559 1641 1681 1692 pag.

645 1705 759 1756 424.
813 1731 867 1739 —
910 1705 1141 1755 Paullum
1191 1706 1359 1754 rarius
1408 1716 1531 1768 pro:
1580 1717 1684 1765 pa-

642 1791 867 1840 rumper,
903 1779 1002 1841 aas
1025 1779 1130 1827 eine
1149 1778 1305 1827 kleine
1331 1778 1507 1839 Weile‚
1536 1777 1687 1839 paul-

641 1853 810 1914 lisper,
845 1853 953 1902 eine
982 1852 1141 1901 kleine
1176 1852 1327 1902 Weile
1358 1852 1494 1916 lang.
1548 1852 1685 1901 Doe-

643 1925 845 1977 derlein
886 1926 1073 1986 Synon.
1119 1927 1156 1975 Ι.
1202 1927 1251 1975 S.
1301 1927 1413 1975 445.
1471 1926 1684 1976 «Donec

642 2000 885 2051 absoluta
908 2002 976 2051 sit
997 2000 1213 2051 historia
1244 2003 1332 2050 tua
1347 2039 1359 2060 ,
1393 2013 1492 2064 per
1514 1999 1681 2050 breve

642 2079 854 2140 tempus
896 2077 1078 2138 utique
1122 2089 1310 2126 vacare
1350 2075 1442 2125 tihi
1474 2074 1686 2139 placeat

643 2163 675 2198 a
731 2149 1113 2213 componendis
1169 2149 1505 2212 tragoediis.»
1574 2150 1680 2199 Sat.

635 2225 700 2283 ,4,
740 2224 828 2284 40,
866 2223 956 2275 42:
990 2225 1143 2274 Pollio
1172 2237 1349 2288 requam
1369 2225 1527 2273 Facta
1547 2225 1686 2274 canit

636 2299 763 2359 pede
793 2304 869 2349 ter
889 2313 1141 2361 pereussa.
1178 2300 1318 2363 Virg.
1354 2298 1459 2350 Ecl.
1494 2299 1552 2361 3,
1589 2300 1679 2349 86:

641 2373 794 2422 Pollio
836 2379 885 2423 et
923 2374 1028 2436 ipse
1069 2375 1193 2437 facit
1234 2388 1366 2424 nova
1413 2374 1680 2433 cananeum

644 2446 870 2512 intellige
921 2449 1040 2499 novi
1097 2451 1307 2514 generis
1363 2448 1678 2513 tragoedias,

644 2521 750 2572 Ecl.
788 2524 845 2583 8,
883 2525 970 2573 40:
1008 2524 1129 2574 Sola
1161 2525 1425 2587 Sophocleo
1457 2530 1547 2574 tua
1569 2537 1684 2572 car-

638 2597 782 2646 mina
797 2597 953 2661 digna
967 2600 1221 2649 cothurno.
1248 2601 1475 2663 Utraque
1500 2601 1680 2647 autem

640 2671 833 2735 Virgilii
857 2672 1045 2737 Ecloga
1068 2676 1190 2724 ante
1212 2675 1541 2739 triumphum
1564 2670 1685 2722 Del-

642 2748 893 2798 maticum
938 2750 1229 2812 composita
1272 2752 1378 2808 est;
1432 2748 1585 2798 tertia
1629 2761 1677 2797 a.

640 2822 755 2883 7⁴2,
794 2826 979 2873 octava
1015 2837 1062 2872 a,
1088 2825 1202 2874 745.
1256 2825 1399 2873 «Non
1435 2823 1685 2873 videntur

640 2900 826 2959 postea
839 2898 1081 2949 Pollionis
1096 2898 1400 2962 tragoediae
1418 2897 1682 2960 frequenti

641 2969 869 3022 lectione
902 2974 1055 3022 tritae
1091 2972 1277 3034 fuisse,
1316 2973 1368 3022 id
1405 2971 1548 3035 quod
1583 2983 1682 3033 ap-

641 3048 796 3109 paret
840 3045 927 3095 vel
976 3060 1041 3094 ex
1092 3045 1385 3106 Quintiliani
1442 3045 1678 3105 silentio,

642 3131 766 3169 cum
816 3133 954 3170 unus
1004 3121 1212 3172 Tacitus
1262 3122 1315 3171 in
1360 3119 1565 3183 dialogo
1612 3118 1680 3169 de

643 3196 728 3245 Or.
769 3208 860 3245 eas
902 3198 1216 3246 memoret.»
1272 3197 1570 3245 Tnonnscxr,
1612 3193 1681 3243 de

641 3271 728 3319 As.
766 3269 889 3319 Poll.
936 3271 1040 3320 vita
1080 3284 1133 3335 p,
1180 3270 1291 3320 ⁴28.
1341 3297 1395 3305 —
1440 3267 1573 3319 Nihil
1616 3281 1682 3318 ex

643 3345 704 3395 iis
737 3357 1021 3409 superesse
1055 3345 1266 3395 videtur
1297 3345 1394 3394 nisi
1429 3344 1563 3393 haec
1592 3357 1679 3392 vv.

642 3420 784 3484 apud
835 3420 1131 3471 charisium
1183 3421 1219 3469 Ι.
1265 3432 1319 3483 p.
1362 3419 1443 3470 56.
1497 3417 1678 3469 Lind.:

648 3497 843 3546 Veneris
875 3497 1101 3546 antistita
1132 3508 1334 3558 caprae,
1371 3494 1425 3544 id
1459 3497 1557 3554 est,
1589 3492 1684 3542 bo-

642 3585 771 3631 nae,
815 3571 1101 3634 benignae;
1157 3584 1222 3620 ex
1264 3568 1459 3632 quibus
1500 3572 1682 3618 tamen

642 3647 771 3710 ipsis
804 3648 1002 3710 antiqui
1039 3646 1300 3696 sermonis
1323 3645 1589 3708 quaedam
1610 3644 1684 3693 af-

644 3721 852 3771 fectatio
904 3720 1093 3770 elucet.
1172 3721 1364 3770 Contra
1418 3720 1561 3782 quod
1613 3720 1679 3769 ad

644 3798 937 3857 argumenti
961 3796 1329 3858 tractationem
1351 3796 1559 3856 attinet,
1595 3810 1685 3844 no-

638 3883 757 3919 vum
791 3869 1090 3932 tragoediae
1114 3882 1281 3932 genus
1303 3873 1537 3920 sectatus
1560 3883 1682 3921 esse

640 3942 868 4002 videtur,
901 3943 951 3992 id
977 3947 1074 4004 est,
1103 3946 1400 4009 oppositum
1426 3945 1679 4006 Ennian0,

645 4019 955 4080 Pacuviano,
992 4020 1239 4081 Accian0,
1265 4020 1516 4084 quodque
1539 4020 1684 4069 devi-

642 4095 781 4142 taret
807 4095 1128 4144 Graecorum
1156 4097 1500 4146 imitationem
1527 4097 1682 4145 nimis

642 4170 810 4218 artam
847 4173 900 4218 et
921 4173 1177 4233 apertam.
1212 4198 1263 4206 -
1289 4171 1503 4235 severae]
1529 4171 1676 4220 Ovid.

642 4247 817 4295 Amor.
867 4245 922 4303 3,
971 4247 1025 4305 4,
1081 4247 1166 4294 44ε
1230 4247 1363 4295 Venit
1405 4251 1450 4295 e!
1496 4245 1684 4307 ingenti

1756 1330 1974 1379 violenta
2040 1332 2302 1395 tragoedia
2360 1347 2550 1395 passm
2620 1337 2802 1385 Fronte

1758 1418 1930 1454 comae
1977 1410 2173 1466 torvae,
2220 1406 2366 1467 palla
2407 1408 2601 1458 iacebat
2643 1410 2794 1460 humi.

1762 1506 1817 1514 —
1856 1478 2014 1529 Multa
2058 1493 2181 1529 cum
2221 1483 2334 1530 arte
2369 1481 2653 1534 Pollionem
2694 1498 2797 1535 nou

1758 1552 1931 1603 solum
1948 1566 2069 1621 esse
2088 1553 2414 1616 historicum,
2434 1570 2624 1608 verum
2641 1560 2798 1608 etiam

1758 1629 2017 1690 tragicum
2052 1629 2303 1679 eximium
2333 1630 2415 1681 his
2440 1634 2689 1694 quattuor
2709 1646 2795 1683 vv.

1757 1702 1910 1762 dicit,
1960 1716 2122 1765 quam
2156 1706 2328 1753 artem
2369 1718 2473 1754 non
2507 1720 2802 1771 perspexe-

1757 1779 1904 1836 runt,
1959 1778 2049 1839 qui
2094 1789 2187 1827 eos
2231 1777 2488 1830 delendos
2529 1792 2649 1830 esse
2684 1782 2798 1831 sine

1757 1850 1859 1900 ulla
1894 1864 2052 1902 causa
2087 1853 2282 1915 opinati
2316 1856 2453 1903 sunt.

1822 1926 1998 1976 40-42.
2025 1927 2164 1976 Desit
2184 1927 2402 1992 theatris]
2427 1941 2578 1979 «sese
2595 1929 2803 1981 subtra-

1757 2000 1848 2049 hat
1870 2012 2081 2061 scenae,
2107 2005 2312 2052 remota
2335 2006 2596 2054 maneata
2618 2017 2797 2065 scena,

1757 2077 2008 2141 quoniam
2022 2077 2239 2141 quidem
2257 2079 2466 2141 utrique
2484 2080 2634 2143 operi
2645 2079 2800 2130 simul

1756 2164 1946 2201 vacare
2003 2164 2112 2201 non
2169 2153 2347 2215 quis.»
2423 2154 2802 2204 Demonstrant

1755 2225 1892 2275 haec
1914 2238 2000 2274 w.
2027 2224 2242 2289 publice
2264 2229 2427 2285 actas,
2465 2240 2571 2277 non
2595 2230 2798 2278 tantum

1755 2297 1966 2349 lectioni
2014 2298 2301 2350 destinatas
2347 2299 2511 2351 fuisse
2557 2300 2801 2352 Pollionis

1755 2374 2071 2436 tragoedias,
2108 2387 2232 2424 eum
2266 2372 2392 2425 illud
2416 2389 2683 2426 nonnemo
2708 2389 2803 2426 ne-

1756 2449 1904 2511 garit.
1940 2474 1994 2484 -—
2019 2462 2141 2500 moa:
2167 2448 2253 2499 ubi
2270 2449 2393 2514 cet]
2420 2449 2556 2503 «ubi
2570 2451 2800 2513 publicas

1752 2538 1851 2584 rea,
1871 2524 1922 2574 id
1942 2528 2040 2585 est,
2063 2538 2150 2575 res
2164 2526 2301 2576 inter
2314 2527 2458 2576 cives
2472 2528 2527 2575 et
2543 2527 2595 2576 in
2609 2530 2797 2577 senatu

1756 2601 1811 2649 et
1836 2600 1889 2649 in
1924 2598 2037 2648 foro
2068 2603 2122 2650 et
2148 2601 2201 2650 in
2230 2602 2347 2665 ipso
2378 2600 2519 2651 bello
2551 2601 2800 2652 intestino

1755 2676 1956 2736 gestaS,
1995 2687 2061 2723 eo
2084 2675 2270 2725 ordine
2290 2712 2302 2735 ,
2339 2689 2445 2740 quo
2468 2679 2650 2738 gestae
2678 2678 2803 2726 sunt

1754 2751 1914 2812 atque
1946 2749 2083 2798 inter
2105 2762 2165 2799 se
2190 2763 2459 2800 connexae
2484 2753 2666 2810 erant,
2704 2763 2800 2800 ex-

1754 2824 2048 2885 posuerism
2127 2825 2392 2873 ordinaris
2439 2824 2519 2886 (ut
2553 2821 2800 2876 συντάτ-

1755 2898 1899 2960 τειν)
1951 2900 2134 2962 utique
2191 2899 2258 2948 de
2310 2899 2526 2949 historia
2577 2913 2800 2964 compo-

1757 2973 1962 3032 nenda,
2017 2977 2077 3023 ut
2119 2975 2292 3024 Lucae
2335 2975 2391 3034 4,
2447 2976 2495 3023 4.
2553 2974 2794 3038 volgata:

1758 3047 2007 3107 Quoniam
2053 3048 2250 3109 quidem
2291 3048 2436 3097 muti
2476 3051 2644 3099 conati
2686 3055 2799 3099 sum

1756 3121 1994 3172 ordinare
2027 3123 2374 3173 narrationem
2408 3126 2510 3173 cet.
2527 3160 2540 3182 ,
2590 3138 2695 3174 non
2728 3124 2797 3174 de

1757 3197 1967 3246 civitate
2003 3197 2313 3248 ordinanda.
2383 3199 2458 3247 Ac
2486 3211 2708 3262 prorsus
2731 3200 2800 3247 si—

1757 3269 1893 3320 milis
1917 3274 2001 3321 est
2021 3284 2153 3322 usus
2175 3285 2227 3321 v.
2254 3285 2560 3334 conmonere.
2595 3274 2796 3323 Seneca

1757 3347 1922 3398 Praei.
1961 3346 2030 3396 ad
2075 3348 2290 3407 Quaest.
2326 3349 2432 3397 nat.
2468 3348 2525 3397 L.
2564 3347 2622 3397 3:
2676 3361 2799 3397 con—

1753 3435 2004 3484 sumpsere
2023 3435 2075 3471 se
2096 3423 2318 3483 quidam.
2344 3423 2464 3471 dum
2484 3426 2602 3471 acta
2621 3435 2800 3486 roffam

1756 3503 2080 3548 externorum
2100 3501 2398 3559 componunt
2419 3507 2642 3558 quaeque
2660 3500 2800 3558 pam·

1755 3573 1966 3622 invicem
1998 3572 2206 3633 ausique
2238 3575 2351 3620 sunt
2377 3571 2567 3632 populi.
2624 3573 2802 3621 Neuti-

1758 3661 1921 3712 quam
1955 3649 2134 3697 autem
2156 3645 2433 3710 probanda
2454 3643 2618 3695 altera
2642 3647 2801 3696 inter-

1756 3722 2005 3787 pretatio:
2048 3722 2362 3773 «Historiam
2394 3720 2462 3768 ad
2497 3719 2551 3769 id
2587 3723 2798 3784 tempus

1755 3798 2033 3862 perduxit,
2081 3809 2188 3860 quo
2230 3796 2546 3845 Octavianus
2588 3808 2637 3844 a.
2680 3795 2792 3845 725.

1756 3885 1946 3936 paoem
1993 3874 2047 3920 et
2091 3873 2298 3920 rectum
2344 3882 2523 3919 rerum
2556 3869 2797 3919 ordinem

1757 3948 2002 4005 restituit,
2041 3958 2205 4008 quare
2242 3945 2353 4006 ipse
2386 3942 2547 3993 Pollio
2574 3944 2802 4005 publiea-s

1754 4036 1834 4071 res
1870 4021 2124 4070 ordinasse
2157 4019 2398 4068 dicitur.»
2469 4018 2632 4080 (Quae
2666 4018 2798 4068 ratio

1756 4095 1975 4145 defensa
1994 4108 2024 4143 a
2043 4094 2239 4144 Rittero
2257 4090 2481 4156 (Wiener
2494 4091 2800 4142 :aaronem

1755 4170 1927 4220 XCIX,
1965 4183 2018 4232 p.
2058 4169 2189 4229 439.)
2227 4166 2310 4217 vel
2348 4168 2469 4217 ideo
2512 4168 2796 4218 reiieienda

1757 4247 1856 4303 est,
1895 4244 2016 4306 quia
2052 4242 2295 4293 Pollionis
2330 4255 2454 4292 cura
2491 4244 2798 4306 neutiquam
