3234 4975
650 367 771 432 204

1410 372 1665 422 HORATII
1701 371 2036 423 CARMINUM

1201 529 1478 615 Tempus
1527 538 1666 593 erat
1709 526 2014 614 dapibuS,
2065 526 2340 592 sodales,

986 685 1266 752 Antehac
1310 685 1488 752 nefas
1532 685 1918 773 depromere
1966 685 2333 753 Caecubum
2769 687 2807 747 5

988 806 1178 875 Cellis
1223 807 1436 884 avitis,
1483 807 1640 873 dum
1686 806 1995 894 Capitolio

1116 929 1357 1017 Regina
1400 927 1735 995 dementes
1780 929 1997 994 ruinas

1192 1053 1409 1116 Funus
1454 1061 1517 1116 et
1561 1049 1831 1137 imperio
1875 1049 2143 1137 parabat

781 1204 829 1253 ὅ.
868 1203 1109 1264 deponere
1140 1202 1198 1251 B.
1242 1228 1295 1237 —-
1333 1202 1382 1250 7.
1420 1202 1653 1250 ‹ternanti-3
1684 1201 1741 1250 B.
1773 1228 1826 1236 —
1853 1201 1901 1250 9.
1927 1214 2042 1250 cum
2062 1202 2225 1265 grege]
2256 1215 2496 1266 coum-090
2517 1215 2547 1252 e
2572 1202 2736 1253 C3dd.

717 1280 839 1341 (non
872 1276 1075 1338 Bland.)
1113 1278 1172 1335 C,
1209 1278 1269 1326 ut
1300 1275 1515 1327 voiebat
1545 1278 1647 1326 Ios.
1685 1273 1916 1338 Scaliger
1949 1277 2074 1326 Aus.
2112 1277 2255 1326 Lect.
2299 1277 2354 1336 4,
2396 1277 2475 1326 47.

647 1411 982 1459 viderentur.»
1023 1411 1168 1465 ΛΕΜ
1207 1407 1272 1457 de
1298 1420 1404 1470 quo
1426 1406 1543 1457 loco
1567 1419 1692 1457 con-

650 1490 887 1534 troverso
923 1481 1137 1533 consule
1176 1480 1424 1544 Dobrezy
1454 1483 1603 1532 Rome
1624 1483 1686 1531 11.

648 1571 701 1622 p.
728 1557 841 1608 436.
895 1555 1338 1621 Supplicationem
1372 1556 1526 1619 igitur
1553 1555 1688 1607 illico

654 1630 957 1681 habendam
992 1644 1110 1681 esse
1146 1630 1287 1681 dicit.

714 1704 762 1755 4.
805 1706 1009 1767 Tempus
1048 1706 1181 1770 erat]
1219 1706 1441 1756 Concisa
1476 1706 1689 1768 tempo-

651 1792 771 1830 rum
804 1780 1145 1829 attractione:
1185 1780 1411 1829 «factum
1433 1777 1560 1829 illud
1581 1779 1688 1827 iam

649 1852 853 1902 dudum
877 1853 1157 1917 oportebat
1177 1855 1336 1917 atque
1366 1855 1524 1904 etiam
1547 1866 1688 1903 nuno

648 1929 933 1991 oportet3»
1001 1941 1107 1991 quo
1163 1927 1278 1991 ipso
1334 1928 1688 1978 cessationem

646 2000 1005 2064 reprehendit.
1058 2002 1322 2065 Aristoph.
1372 2001 1510 2052 Eccl.
1560 2002 1683 2051 877:

646 2075 703 2126 τί
735 2075 867 2125 ποθ’
896 2067 1097 2164 ἄνδρες
1123 2069 1232 2136 οὔχ
1254 2068 1532 2141 ἥκουσιν,·
1565 2091 1689 2147 ωρα

646 2147 721 2199 δ’·
711 2141 803 2215 ἦν
836 2146 1029 2200 πάλαι.
1069 2153 1171 2201 Pax
1210 2151 1361 2202 4044;
1416 2153 1688 2215 Trygaeus

648 2224 717 2274 ad
773 2237 1015 2276 servum:
1084 2218 1206 2275 ἀλλ’
1264 2241 1426 2291 ηκειν
1487 2223 1682 2298 ἐχρῆν.

649 2298 797 2349 Ovid.
834 2300 984 2350 Trist.
1012 2300 1071 2362 4,
1109 2301 1169 2361 8,
1207 2304 1267 2351 5:
1303 2304 1449 2352 Nunc
1469 2307 1596 2363 erat,
1631 2306 1688 2351 ut

638 2375 803 2435 posito
844 2375 1067 2425 deberem
1102 2378 1202 2439 fine
1233 2377 1461 2427 laborum
1496 2377 1682 2427 Vivere.

647 2447 851 2498 1112&
910 2450 1113 2512 Tempus
1155 2455 1267 2502 erat
1303 2465 1393 2502 nec
1432 2464 1687 2514 mopere-

645 2524 849 2586 gm‘nmn
899 2526 1076 2575 ducere
1123 2525 1316 2575 caelum
1357 2527 1459 2576 Nec
1502 2528 1688 2577 siccam

648 2598 816 2648 Getico
861 2599 996 2662 fonte
1051 2600 1219 2650 kvaro
1272 2601 1421 2650 sitm.
1511 2603 1684 2665 Atque

646 2672 951 2723 etiamnunc
998 2676 1075 2725 sic
1120 2674 1260 2725 Itali:
1320 2690 1414 2726 ora
1457 2676 1549 2727 bon
1596 2690 1688 2726 era

646 2751 806 2809 tempo
839 2749 1076 2799 d’ornare
1109 2763 1222 2800 ecc.
1260 2751 1318 2800 In
1349 2764 1509 2816 prosa
1550 2753 1681 2801 orat.

644 2834 742 2884 pro
784 2836 918 2872 nnnc
959 2829 1070 2873 erat
1113 2824 1180 2875 de
1223 2839 1284 2875 re
1321 2828 1561 2889 proxime
1601 2827 1686 2875 in-

645 2898 814 2946 stante
860 2898 1098 2949 usitatius
1147 2901 1291 2950 esset
1321 2901 1428 2949 iam
1458 2901 1683 2962 iamque,

645 2971 705 3018 ut
737 2970 896 3020 Tacit.
934 2972 1067 3021 Ann.
1107 2973 1196 3033 42,
1235 2974 1322 3022 45ε
1360 2974 1687 3036 iamiamque

644 3044 921 3105 Bosporum
952 3047 1218 3096 invasurus
1246 3047 1535 3099 habebatur.

710 3119 759 3167 ὅ.
794 3119 1027 3184 Antehac]
1064 3120 1407 3184 bisyllabum‚
1450 3127 1510 3175 ut
1542 3126 1685 3189 apud

645 3192 869 3243 Ennium
892 3194 971 3243 Fr.
999 3208 1050 3258 p.
1080 3195 1193 3245 269.
1222 3197 1423 3247 Hessel.
1447 3199 1682 3263 Antehac,

646 3268 699 3317 in
734 3265 879 3317 luctu
910 3267 1141 3332 publico.
1183 3296 1238 3306 -·
1275 3271 1567 3339 Caecubum]
1603 3276 1685 3325 vi-

646 3354 776 3391 num
818 3343 1304 3404 generosissimum.
1353 3345 1502 3410 (Plin.
1530 3349 1591 3399 H.
1619 3351 1678 3399 N

646 3414 735 3476 44,
772 3414 842 3477 8.)
877 3416 1042 3480 Epod.
1080 3418 1135 3479 9,
1185 3419 1242 3468 ⁴:
1286 3425 1537 3482 repostum
1565 3422 1687 3473 Cae-

642 3490 824 3542 cubum
844 3493 912 3542 ad
930 3493 1081 3556 festas
1100 3494 1265 3556 dapes.
1302 3496 1442 3559 Ager
1458 3501 1541 3549 est
1556 3499 1683 3548 Latii

642 3580 810 3632 prope
844 3568 1053 3619 Fundos
1085 3569 1155 3620 ad
1185 3570 1327 3620 viam
1358 3574 1597 3636 Appiam.

710 3642 757 3691 6.
795 3644 937 3694 Celtis
984 3645 1157 3709 avitis]
1196 3648 1417 3698 «vinum
1463 3649 1569 3699 iam
1612 3650 1681 3700 ab

644 3717 755 3767 avis
779 3720 970 3771 nostris
991 3721 1044 3770 in
1067 3721 1340 3785 apothecis
1357 3723 1680 3774 conditum.»

647 3818 703 3827 —
730 3793 988 3859 Capitolio]
1016 3797 1208 3846 Lucan.
1238 3798 1300 3846 40
1318 3835 1329 3857 ,
1357 3798 1449 3848 62:
1490 3799 1686 3849 Temcit

642 3864 871 3928 illam,
906 3870 1072 3933 sifus,
1111 3871 1361 3934 Capitolia
1381 3874 1543 3923 sistro.
1582 3874 1682 3924 Ca-

642 3936 881 4002 pitolium
922 3945 1099 3995 autem
1141 3948 1532 3998 sanctissimum
1576 3949 1682 3999 Ro-

644 4014 813 4065 manis
855 4017 1042 4080 pignus
1087 4023 1410 4074 aeternitatis
1453 4024 1675 4088 imperii.

643 4087 741 4138 Od.
779 4088 836 4151 3,
874 4090 931 4152 3,
967 4091 1049 4143 42.
1087 4095 1145 4155 3,
1183 4096 1274 4160 30,
1310 4098 1359 4148 8.

709 4163 757 4213 7.
778 4165 827 4214 8.
847 4166 1051 4231 namna]
1066 4169 1381 4223 vocabulum
1395 4185 1494 4236 per
1510 4184 1569 4222 se
1583 4173 1682 4223 Ro-

644 4241 813 4292 manis
844 4242 1086 4293 invisum.
1123 4245 1181 4293 In
1204 4247 1343 4296 veris
1367 4245 1678 4311 Cleopatrae

1763 1406 1995 1465 nummis
2031 1406 2284 1469 (visconti
2317 1407 2447 1458 Icon.
2495 1408 2583 1458 Gr.
2631 1409 2686 1458 T.
2721 1408 2803 1468 54,

1762 1481 1843 1530 22.
1881 1479 2066 1530 Miiller
2097 1480 2305 1530 Denlcm.
2342 1482 2380 1530 Ι.
2419 1484 2478 1532 N.
2505 1483 2638 1543 257.)
2664 1481 2809 1546 apel·

1763 1554 1899 1605 latur
1919 1552 2328 1604 ΒΑΣΙΛΙΣΣΑ.
2356 1553 2802 1606 ΚΛΕΟΠΑΤΡΑ.

1764 1627 1924 1679 ΘΕΑ.
1973 1626 2336 1680 ΝΕΩΤΕΡΑ.
2384 1631 2601 1681 Exstant
2646 1632 2805 1681 etiam

1762 1706 1829 1755 M.
1848 1705 2053 1755 Antonii
2067 1705 2273 1754 nummi
2290 1717 2414 1754 cum
2432 1706 2771 1769 inscriptione
2790 1721 2801 1753 z

1762 1781 2097 1831 ezrom-ms.
2133 1781 2380 1830 Rsomffl.
2417 1781 2611 1830 lisam.
2638 1781 2805 1830 Fato-

1759 1867 1875 1904 ενι.
1929 1855 2121 1903 fleon.
2177 1851 2373 1903 Eckhel
2415 1854 2477 1903 D.
2525 1855 2587 1904 N.
2623 1855 2708 1903 VI.
2746 1866 2800 1918 p.

1762 1927 1842 1979 47.
1903 1931 2162 1978 Nummus
2208 1927 2352 1993 apud
2395 1928 2595 1978 Arneth
2637 1930 2699 1978 11.
2747 1942 2802 1992 p.

1761 2003 1850 2053 36:
1887 2004 1957 2052 Μ.
1992 2002 2203 2053 Aurem.
2240 2003 2489 2052 manu.
2521 2004 2745 2053 Diem-n
2774 2000 2799 2054 ΙΙ

1761 2078 2095 2128 Cmorarm.
2131 2078 2378 2127 Rssamffl.
2414 2077 2608 2127 Rssom
2642 2077 2807 2127 Fato-

1758 2164 1875 2201 ενι.
1931 2150 2036 2200 Cfr.
2082 2151 2257 2201 Riccio
2302 2151 2372 2199 M.
2417 2150 2474 2199 F.
2523 2152 2581 2200 R.
2625 2163 2680 2214 p.
2721 2151 2800 2201 49.

1762 2224 2108 2289 (Suppositicii
2141 2226 2290 2284 sunt,
2328 2237 2464 2288 quos
2487 2225 2806 2288 interpretes

1760 2299 1829 2349 ad
1861 2299 1916 2349 h.
1954 2297 1988 2347 l.
2028 2298 2290 2360 afferunt.)
2334 2324 2387 2333 —
2426 2299 2667 2348 dennentes
2694 2301 2805 2349 rui-

1757 2372 1867 2437 nas]
1907 2372 2227 2423 «dementer
2270 2373 2591 2435 cogitatas»;
2631 2386 2805 2436 «quas

1761 2448 1984 2500 demens
2051 2446 2305 2512 Capitolio
2381 2444 2802 2508 minitabatur3»

1757 2525 1870 2575 fere
1904 2527 1963 2574 ut
1995 2525 2136 2587 Virg.
2173 2526 2303 2574 Aen.
2336 2525 2398 2580 2,
2435 2524 2556 2573 576:
2594 2525 2806 2575 scelera-

1758 2604 1837 2648 tas
1878 2610 2070 2648 mero
2103 2609 2310 2659 poenas.
2373 2594 2653 2660 Cleopatra
2688 2599 2802 2663 ipsa

1759 2675 1975 2734 danen-3,
2026 2673 2210 2722 insana
2244 2670 2550 2722 dominandi
2585 2672 2801 2725 libidine

1758 2747 1980 2812 abrepta
2019 2744 2168 2797 urbis
2211 2748 2408 2797 Romae
2455 2749 2636 2811 regina
2688 2749 2802 2799 fieri

1756 2821 1997 2882 volebat,
2054 2820 2198 2884 quod
2249 2822 2292 2871 si
2339 2825 2584 2872 assecuta
2631 2826 2798 2882 esset,

1759 2908 2008 2947 eversum
2043 2894 2180 2945 foret
2201 2895 2483 2959 imperium
2506 2899 2801 2948 Romanum

1758 2973 1917 3034 atque
1975 2970 2027 3021 in
2097 2970 2435 3030 tyrannidem
2491 2970 2800 3022 orientalem

1757 3046 2036 3096 mutatum.
2108 3042 2375 3105 Hor-usk,
2415 3046 2502 3094 44;
2540 3047 2804 3096 Haecmn-

1756 3120 1850 3169 lter
1902 3118 2144 3182 Aomtia
2197 3118 2263 3168 ab
2318 3119 2452 3169 ebrio
2502 3121 2803 3182 imperatore

1749 3195 1969 3257 pretim
2018 3193 2278 3243 libidinum
2321 3195 2599 3245 Romanum
2642 3196 2801 3258 impo-

1753 3270 1889 3319 rium
1933 3270 2091 3331 petiit.
2151 3269 2248 3318 Dio
2292 3270 2440 3320 Casa.
2477 3270 2567 3328 50,
2616 3271 2673 3318 5:
2728 3263 2799 3321 οὗ

1755 3339 1864 3432 γὰρ
1898 3335 1990 3393 ὅτι
2021 3338 2126 3392 τὸν
2157 3337 2476 3404 Ἀντώνιον,
2521 3337 2667 3393 αλλὰ
2701 3346 2801 3395 καὶ

1753 3433 1891 3480 τους
1922 3410 2164 3479 ἄλλους,
2208 3413 2346 3479 τούς
2378 3432 2433 3467 τι
2466 3419 2595 3489 παρ’
2642 3411 2798 3485 αὔτῷ

1753 3490 2127 3558 δυναμένους,
2165 3485 2321 3543 οὕτω
2356 3493 2458 3543 καὶ
2490 3492 2799 3559 ἐγοήτευσε

1755 3569 1854 3618 καὶ
1897 3564 2237 3633 κατέδησεν,
2284 3558 2419 3617 ωστ’
2454 3563 2646 3633 αὐτὴν
2683 3565 2800 3619 τῶν

1748 3637 2041 3708 Ῥωμαίων
2082 3635 2277 3713 ἄρξειν
2317 3639 2546 3693 ἐλπίσαι
2584 3638 2692 3709 τήν
2736 3656 2797 3693 τε

1754 3712 1933 3782 εὐχὴν
1988 3713 2092 3782 τὴν
2145 3717 2454 3782 μεγίστην,
2514 3710 2691 3767 ὁπότε
2743 3733 2798 3769 τι

1754 3786 1990 3858 ὀμνύοι,
2037 3791 2330 3841 ποιεῖσθαι
2362 3787 2431 3840 τὸ
2464 3790 2527 3842 ἐν
2556 3790 2636 3858 τῷ
2672 3792 2794 3842 Κα-

1754 3865 2000 3934 πιτωλίῳ
2033 3862 2285 3917 δικάσαι.
2318 3894 2373 3902 -
2399 3868 2568 3917 Funus
2586 3868 2650 3932 et]
2675 3870 2797 3918 Par-

1752 3941 1910 3997 ticula
1943 3947 1989 3993 ct
2020 3955 2182 4006 saepe
2217 3942 2293 3992 sic
2325 3943 2673 4006 postponitur.
2715 3942 2792 3993 cf.

1753 4016 1848 4067 0d.
1886 4018 1943 4078 4,
1979 4018 2048 4078 2,
2085 4017 2132 4066 9.
2172 4018 2228 4076 4,
2267 4017 2359 4077 42,
2398 4017 2475 4066 44.
2515 4018 2574 4078 4,
2613 4017 2704 4078 43,
2743 4017 2791 4067 6.

1756 4092 1815 4153 4,
1855 4092 1945 4151 48,
1984 4091 2063 4141 39.

1819 4165 1865 4215 9.
1904 4166 2265 4230 contaminato]
2303 4178 2458 4216 «cum
2493 4165 2645 4215 turba
2676 4178 2797 4229 spa—

1754 4238 1952 4289 donum
1985 4241 2146 4304 atque
2171 4239 2498 4291 exoletorum
2521 4253 2792 4291 suorum.»
