3234 4975
1172 441 1288 490 Lm.
1329 442 1365 490 1,
1439 445 1495 490 (ἶ.
1534 443 1595 492 ΙΙ.

769 595 1000 681 Imperi
1047 594 1291 661 rebus?
1333 616 1531 684 prece
1575 617 1707 685 qua
1749 597 2007 684 fatigent

768 715 1056 802 Virgines
1102 727 1363 783 sanctae
1408 717 1620 783 minus
1664 718 2034 784 audientem

1019 837 1315 903 Carmina
1360 840 1611 904 Vestam
1633 840 1666 902 *Ρ

749 957 865 1022 Cui
911 955 1089 1022 dabit
1131 968 1349 1044 partes
1393 957 1609 1024 scelus
1655 958 1954 1046 expiandi

768 1077 1101 1164 luppiter?
1145 1078 1426 1144 Tandem
1473 1080 1696 1145 venias
1740 1099 2084 1166 precamur

2428 1085 2508 1145 :30

762 1196 946 1263 Nube
991 1196 1343 1264 candentes
1386 1196 1696 1265 humeros
1742 1199 2014 1265 amictus

1020 1322 1241 1405 Augur
1282 1317 1542 1406 Apollo;

466 1515 736 1576 29.th
754 1515 809 1563 B.
836 1541 889 1550 -
910 1515 1221 1577 expiandum
1237 1515 1330 1563 ST.
1358 1542 1409 1551 -
1434 1513 1515 1565 3⁴.
1539 1517 1799 1565 candentis
1822 1517 1934 1565 BTc
1958 1519 2012 1565 et
2034 1528 2113 1579 pr.
2132 1515 2188 1576 b,
2213 1520 2447 1568 candenti

397 1590 452 1648 S,
480 1591 639 1648 Acro,
664 1589 718 1638 F.
748 1589 854 1650 (uin
877 1587 1018 1638 nullo
1041 1586 1275 1638 melioris
1298 1589 1455 1638 notae
1480 1588 1609 1638 Cod.
1637 1590 1867 1640 candenti
1890 1593 1972 1639 est
1989 1590 2214 1640 visum.»
2241 1593 2442 1654 Banu..)

334 1755 703 1805 calamitatum
722 1753 1017 1804 futurarum
1038 1756 1282 1820 portenta
1306 1757 1390 1805 at-

335 1844 442 1893 que
484 1830 674 1879 indicia
710 1830 992 1879 memorat.

399 1924 488 1972 25.
520 1921 676 1986 vocet]
714 1923 777 1974 Ut
807 1923 1083 1972 succurrat
1104 1921 1285 1983 imperi
1304 1933 1391 1970 re-

336 1997 450 2054 bus,
494 1997 743 2060 imperio,
782 2008 909 2046 casu
944 1995 1125 2056 tertio,
1171 2007 1295 2056 non,
1331 1997 1392 2044 ut

337 2069 577 2195 {mgnum
630 2067 947 2130 voluerunt,
1006 2067 1167 2118 ablat.
1227 2067 1392 2119 abso-

402 2238 488 2286 26.
520 2237 685 2301 prece]
723 2237 988 2286 Numerus
1023 2234 1209 2297 singul.
1248 2233 1391 2298 apud

340 2314 526 2375 poetas
549 2311 841 2360 dumtaxat.
874 2338 928 2346 —
951 2310 1179 2374 fatigent]
1217 2308 1392 2359 «assi-

339 2386 459 2436 duis
482 2385 735 2449 precibus
758 2388 1031 2435 exorent.»
1067 2387 1194 2434 Stat.
1220 2382 1386 2434 Theb.

340 2461 390 2519 2,
438 2460 563 2512 244:
623 2461 842 2523 Superos
893 2461 948 2509 in
1000 2465 1120 2509 vota
1173 2459 1393 2522 fatigant

340 2535 621 2584 Inachidae.
694 2535 800 2584 Liv.
855 2534 938 2593 23,
997 2534 1086 2583 36:
1149 2534 1395 2597 fatigatus

342 2610 715 2671 campanmwn
726 2609 1030 2670 precibus„
1040 2608 1224 2658 Cumas
1238 2608 1387 2656 redit.

439 2705 489 2752 7.
525 2702 744 2767 sanctae]
782 2703 912 2762 Quia
945 2704 1261 2765 perpetuam
1299 2715 1391 2750 ca-

340 2778 643 2827 stimoniam
680 2790 898 2827 servare
942 2775 1230 2825 debebant.
1302 2777 1392 2825 Ci-

342 2866 468 2902 cero
489 2866 588 2917 pro
612 2852 827 2902 Fonteio
862 2852 948 2900 47:
994 2852 1142 2914 Vir-90
1169 2851 1389 2911 Vestalis,

343 2940 473 2989 quae
506 2941 605 2988 pro
644 2926 783 2975 vobis
823 2925 1085 2986 liberisque
1113 2926 1291 2973 vestris
1322 2929 1394 2973 tot

341 3014 500 3050 annos
531 3002 586 3049 in
618 3002 695 3049 dis
734 2999 1100 3049 immortalibus
1124 2998 1392 3059 placandis

340 3081 589 3137 occupata
635 3079 722 3123 est.
775 3101 830 3109 —-
874 3074 1041 3122 minus
1091 3072 1387 3135 audientem]

341 3152 479 3199 Cum
522 3150 653 3198 irata
689 3150 813 3197 tunc
847 3149 991 3197 esset
1032 3147 1084 3196 in
1127 3147 1392 3196 Romanos

341 3236 486 3273 suos.
555 3222 709 3285 Apud
745 3220 988 3271 Ovidium
1023 3221 1159 3270 Fast.
1197 3220 1245 3280 3,
1273 3220 1386 3269 699.

340 3298 527 3347 Vesta:
587 3298 662 3346 Ne
707 3296 897 3355 dubita,
947 3308 1086 3344 meus
1139 3295 1222 3344 ille
1273 3295 1388 3357 suit,

338 3385 479 3421 meus
517 3372 602 3420 ille
640 3372 896 3428 sacer-dou
947 3370 1238 3433 Sacrileqae
1286 3370 1394 3419 totis

337 3446 622 3506 mepetiere
642 3458 851 3493 manus.-
885 3443 953 3492 de
978 3445 1228 3503 Caesare,
1254 3456 1392 3507 pon-¹

338 3520 481 3569 tifice
525 3520 776 3569 maximo.
852 3519 1048 3567 Vestam
1091 3518 1144 3566 h.
1191 3516 1224 3566 l.
1271 3529 1390 3566 me—

340 3596 540 3653 morat,
586 3594 709 3657 quia
761 3606 959 3643 numen
1001 3594 1117 3642 erat
1166 3591 1388 3643 tutelare

340 3670 419 3719 rei
436 3667 679 3732 publicae
703 3669 990 3717 Romanae.
1028 3667 1171 3729 Virg.
1198 3669 1385 3729 Georg.

342 3745 399 3803 l,
439 3743 558 3794 499:
609 3745 848 3804 Vestaque
885 3747 1074 3803 mater,
1119 3755 1249 3804 quae
1292 3742 1391 3790 Tu—

338 3831 480 3867 scum
548 3818 757 3868 Tiberim
811 3823 857 3867 et
910 3818 1140 3867 Romana
1189 3816 1391 3867 Palatia

339 3894 543 3943 servas!

405 3984 488 4033 28.
526 3985 784 4047 Cumana]
821 3985 1060 4044 «varias,
1106 3982 1301 4046 quibus
1334 3984 1387 4032 in

336 4058 607 4120 precando
642 4056 946 4117 utebantur,
985 4057 1234 4109 formulas
1268 4056 1389 4121 plu-

337 4145 429 4181 res
450 4145 548 4196 per
569 4132 686 4183 dies
706 4134 1023 4196 repetitas»,
1062 4131 1164 4192 vel,
1201 4133 1244 4183 si
1270 4145 1389 4182 ma-

338 4208 445 4265 vis,
490 4206 669 4256 «idem
704 4219 921 4257 carmen
967 4207 1284 4267 identidem,
1330 4210 1389 4258 ut

339 4279 528 4339 flebat.
563 4283 898 4331 recitatum.»

511 4372 696 4417 Hoan.
732 4383 838 4415 voi..
872 4372 903 4418 1.
970 4385 1046 4417 so.
1080 4383 1232 4418 unca
1262 4372 1331 4417 111.

1526 1755 1608 1805 29.
1641 1756 1830 1820 partes]
1868 1758 2045 1807 «vices
2079 1768 2123 1806 s.
2164 1769 2412 1808 munus.»
2452 1786 2506 1795 —

1460 1828 1631 1893 scelus]
1670 1833 1755 1879 «et
1790 1843 1980 1880 necem
2017 1831 2262 1881 Caesaris
2296 1835 2350 1882 et
2371 1831 2510 1882 bella

1463 1902 1754 1953 domestica
1782 1904 1903 1953 inde
1928 1907 2094 1954 orta.»
2142 1905 2312 1954 Scelus
2333 1910 2512 1957 autem

1462 1973 1531 2026 u>
1564 1969 1726 2043 ἄγος.
1765 1980 1824 2028 ut
1856 1979 1997 2040 virg.
2027 1978 2132 2028 Eoi.
2159 1977 2208 2041 4,
2238 1979 2325 2028 43:
2363 1982 2515 2030 scole-

1460 2053 1535 2100 ris
1562 2053 1774 2115 vestigia
1805 2054 1988 2108 nostr-i,
2028 2053 2096 2102 de
2132 2052 2365 2116 reliquiis
2388 2053 2513 2104 belli

1462 2124 1646 2175 civilis.
1717 2126 1883 2189 Epod.
1923 2127 1971 2186 7,
2011 2127 2067 2176 4.
2115 2128 2240 2188 Quo,
2277 2141 2375 2189 quo
2408 2141 2515 2178 sce-

1460 2201 1567 2250 lesu
1605 2199 1791 2249 ruitis?
1837 2227 1890 2235 —-
1935 2201 2194 2264 etpiandi]
2239 2204 2352 2252 Non
2406 2206 2513 2252 tam

1462 2273 1751 2337 puniendo,
1773 2286 1936 2335 quam
1956 2274 2284 2325 removendo
2308 2273 2513 2326 scelera

1462 2350 1623 2410 atque
1673 2361 1866 2411 pacem
1909 2348 2265 2409 restituendo;
2312 2362 2416 2412 qua
2464 2351 2516 2400 in

1464 2423 1785 2486 perpetuum
1827 2421 2055 2472 stabilita
2102 2424 2348 2473 cunctam
2384 2425 2515 2473 civi-

1464 2499 1631 2546 tatem
1665 2496 1872 2560 piaculo
1907 2496 2121 2547 liberari
2146 2501 2353 2547 certum
2378 2501 2512 2548 erat.

1529 2571 1610 2620 32.
1672 2572 1863 2634 Augur]
1922 2572 2098 2635 Anqur
2138 2572 2312 2634 Apollo
2353 2573 2513 2621 etiam

1463 2646 1602 2707 Virg.
1641 2648 1771 2695 Aen.
1809 2644 1859 2704 4,
1899 2646 2041 2704 376.,
2086 2645 2140 2694 id
2183 2648 2290 2705 est,
2345 2648 2512 2705 vateS,

1463 2720 1553 2781 qui
1579 2718 1792 2769 oracula
1819 2719 2004 2768 tundit.
2043 2721 2143 2768 Pro
2161 2723 2311 2769 veste
2335 2723 2514 2768 autem

1462 2794 1719 2843 humeros
1752 2793 2025 2852 candidos,
2065 2794 2310 2853 nitenteS,
2347 2807 2514 2857 opaca

1463 2866 1608 2916 nube
1634 2866 1864 2928 obvelat,
1903 2880 1970 2915 ne
1994 2881 2023 2915 a
2050 2865 2361 2917 mortalibus
2384 2881 2516 2917 con-

1463 2941 1717 3004 spiciatur
1739 2978 1750 3000 ,
1790 2942 1919 2990 dum
1955 2941 2091 2990 inter
2124 2954 2217 2992 eos
2253 2945 2512 2992 versatur.

1466 3014 1609 3065 Iliad.
1673 3028 1718 3076 ε,
1776 3016 1899 3066 486τ
1953 3013 2163 3087 νεφέλῃ
2222 3014 2517 3081 εἰλυμένος

1464 3083 1681 3153 ὤμους.
1773 3092 2045 3140 Candaules
2111 3093 2233 3142 sunt
2302 3091 2515 3141 Homeri

1467 3164 1674 3226 (Odyss
1709 3162 1759 3224 λ,
1799 3165 1931 3226 427.)
1970 3168 2023 3215 et
2056 3164 2330 3228 Sophoclis
2353 3167 2406 3215 in
2430 3166 2511 3215 Fr.

1463 3238 1605 3301 apud
1642 3236 1886 3288 Welcker
1917 3253 1997 3302 qr.
2028 3240 2106 3288 Pr.
2145 3252 2196 3303 p.
2222 3239 2336 3290 240.
2373 3240 2514 3299 φαι-

1462 3309 1622 3375 ὄιμοι
1669 3303 1839 3376 ὦμοι.
1909 3312 1965 3361 ΙΙ.
2011 3327 2066 3372 ο,
2110 3313 2233 3363 308:
2287 3313 2516 3377 εἱμένος

1463 3380 1674 3450 ωμοιῖν
1705 3385 1973 3452 νεφέλην.
2029 3390 2138 3437 Nec
2160 3400 2290 3437 vero
2314 3389 2509 3436 constr.

1460 3461 1589 3510 nube
1637 3462 1924 3521 candentes,
1984 3461 2130 3524 quod
2180 3459 2516 3525 explicabant

1464 3535 1668 3585 «lucida
1705 3534 1846 3584 nube
1882 3534 2253 3597 refulgentes»
2278 3562 2332 3569 —
2369 3531 2517 3582 Alte-

1462 3622 1578 3659 ram
1611 3610 1734 3659 lect.
1770 3611 2002 3659 candenti
2046 3610 2113 3672 (in
2149 3622 2252 3672 qua
2293 3606 2514 3657 offendit

1462 3690 1517 3735 et
1549 3685 1724 3734 hiatus
1768 3687 1823 3733 et
1863 3684 2030 3733 forma
2073 3682 2330 3747 participii
2365 3682 2418 3730 in
2452 3684 2507 3741 ti,

1461 3774 1587 3810 cum
1638 3760 1690 3809 in
1743 3759 1845 3809 hoc
1895 3760 2011 3821 ipso
2053 3758 2292 3806 carmine
2337 3755 2506 3805 Codd.

1463 3833 1711 3895 meliores
1755 3830 2052 3897 praebeant
2107 3829 2335 3890 rubente,
2381 3844 2511 3892 pro-

1460 3909 1626 3970 bante)
1662 3908 1740 3957 sic
1775 3906 2210 3969 interpretantur:
2263 3905 2377 3954 «Ita
2410 3918 2512 3954 ve-

1461 3985 1601 4044 nias,
1641 3986 1700 4032 ut
1733 3995 1839 4032 non
1874 3981 2227 4045 conspiciare,
2274 3980 2371 4031 sed
2407 3993 2509 4029 nu-

1458 4059 1542 4110 bis
1576 4060 1784 4107 tantum
1818 4055 2049 4106 candore
2083 4056 2383 4121 praesentia
2417 4056 2508 4103 tua

1460 4133 1828 4196 agnoscatur.»
1880 4132 1957 4180 De
1991 4130 2156 4180 nimbo
2179 4131 2386 4187 autem,
2433 4128 2508 4176 si-

1459 4207 1793 4270 gnificatione
1883 4205 2121 4256 cadentis
2218 4201 2505 4253 Latinitatis

1461 4283 1601 4344 (equi
1637 4281 1861 4331 deorum
1894 4280 1978 4330 vel
2001 4278 2376 4342 imperantium
2410 4287 2505 4323 ca-

2137 4371 2164 4412 2
