3234 4975
701 373 828 441 436

1431 384 2057 455 nonArngcAnmNuu

1010 550 1232 615 Portas
1273 544 1371 611 vir
1411 541 1677 610 Macedo
1719 551 1785 609 et
1825 542 2076 608 subruit
2117 543 2403 611 aemulos

1007 671 1215 756 Reges
1257 663 1665 741 muneribus;
1710 683 1979 729 munera
2021 665 2279 731 navium

2743 668 2824 734 ⁴5

1172 788 1415 855 Saevos
1458 785 1805 874 illaqueant
1846 786 2064 853 duces,

1006 932 1412 998 Crescentem
1457 929 1749 1017 sequitur
1792 948 1947 994 cura
1989 927 2328 1015 pecuniam

1006 1053 1448 1139 Maiorumque
1488 1050 1709 1116 fames.

1797 1051 1943 1116 lure
1989 1047 2330 1136 perhorrui

1001 1176 1157 1241 Late
1198 1172 1619 1259 conspicuum
1664 1168 1888 1237 tollere
1930 1171 2268 1246 verticem,

1166 1296 1530 1371 Maecenas,
1588 1292 1880 1380 equitum
1922 1291 2144 1359 decus,

2737 1294 2820 1359 20

997 1437 1248 1516 Quanto
1292 1434 1569 1522 quisque
1614 1431 1737 1499 sibi
1779 1430 1964 1519 plura
2003 1432 2363 1520 negaverit,

1004 1557 1099 1623 Ab
1127 1549 1243 1624 'dis
1286 1554 1472 1644 plura
1514 1554 1709 1621 seret:
1755 1552 1843 1618 nil
1885 1552 2276 1640 cupientium

790 1739 873 1788 22.
908 1737 950 1788 Δ
983 1736 1202 1798 T,LCtF.

661 1884 940 1937 Φιλιππου
982 1884 1239 1956 χρυσίον.
1308 1884 1371 1933 Ει
1416 1883 1697 1933 vaticinata
1766 1884 2035 1946 rumpunt.
2050 1899 2076 1927 ι·
2139 1880 2298 1934 Multo
2350 1882 2676 1948 frequentius
2735 1888 2817 1937 est

660 1961 708 2011 ei
724 1961 840 2010 erat
850 1958 1035 2023 Pythia
1043 1960 1179 2008 teste
1192 1957 1513 2020 Diogeniano
1529 1956 1693 2020 Adag.

659 2035 809 2085 Ceut.
848 2033 906 2095 2,
943 2033 998 2083 84
1028 2047 1039 2080 :
1081 2025 1397 2102 Ἆργυρέαις
1428 2026 1698 2097 λόγχαισι

653 2103 851 2174 μάχου
884 2106 984 2156 καὶ
1015 2101 1202 2155 πάντα
1228 2102 1545 2176 κρατήσεις.
1585 2106 1694 2156 Cic.

656 2182 726 2234 ad
758 2183 861 2233 Αιι.
901 2182 922 2232 4
947 2220 959 2243 ,
987 2182 1078 2232 46;
1124 2181 1375 2243 Philippus
1406 2182 1575 2239 omnia
1605 2194 1698 2230 ca-

655 2257 798 2307 stella
846 2256 1131 2320 eaepuqnari
1172 2268 1317 2318 posse
1366 2255 1587 2317 dicebat,
1643 2255 1698 2304 in

657 2345 786 2395 quae
816 2332 962 2381 modo
995 2331 1174 2382 asouus
1206 2335 1409 2381 onustus
1439 2344 1569 2380 auro
1582 2343 1700 2392 pos-

656 2412 727 2458 set
759 2407 1034 2457 ascendere.
1098 2404 1329 2456 luvenali
1369 2405 1457 2467 42,
1495 2403 1575 2455 47.
1614 2405 1700 2453 est

653 2480 864 2532 callidus
893 2484 1085 2544 emptor
1117 2479 1328 2542 Olynthi.
1380 2506 1433 2515 —
1485 2478 1694 2543 subruit]

655 2556 947 2607 «subvertit
994 2569 1135 2620 reyes
1189 2555 1407 2605 annulos
1420 2592 1439 2616 ,
1495 2555 1696 2604 Pausa-

653 2632 823 2692 niam,
866 2632 1131 2694 Argaeum
1162 2631 1223 2680 11.
1249 2668 1261 2693 ,
1315 2631 1374 2679 ut
1406 2629 1462 2678 et
1491 2627 1697 2689 Arrhy-

651 2705 781 2757 bam
841 2703 1215 2767 Molossorum,
1275 2701 1695 2774 Chersoblepten

648 2779 915 2830 Thracum
947 2791 1156 2842 regem,
1194 2778 1454 2842 corruptis
1489 2778 1696 2827 exerci-

650 2856 802 2904 tuum
835 2853 1111 2905 ducibus.»
1180 2853 1339 2916 Quid,
1377 2852 1522 2917 quod
1551 2851 1696 2917 apud

649 2930 863 2993 poetam
913 2941 963 2978 v.
1013 2939 1155 2991 reyes
1203 2926 1485 2992 complecti
1536 2924 1693 2978 simul

651 3001 811 3051 etiam
850 3001 1025 3065 potest
1056 2999 1433 3062 Euthycratem
1494 3003 1547 3051 et
1592 3001 1695 3050 La-

649 3074 911 3136 sthenem,
949 3072 1315 3138 Olynthiorum
1335 3076 1622 3140 principes,
1659 3087 1690 3124 a

648 3154 926 3200 mercatore
959 3148 1202 3200 Graeciae
1236 3147 1362 3212 (val.
1401 3151 1535 3201 Max.
1562 3151 1611 3212 7,
1637 3151 1688 3201 2.

652 3226 758 3273 ext.
797 3222 899 3285 40.)
936 3223 1258 3287 corruptos?
1296 3250 1351 3258 —
1408 3225 1587 3288 Imago
1637 3225 1692 3275 in

648 3311 699 3347 v.
736 3296 928 3347 submit
959 3309 990 3347 a
1025 3295 1279 3348 cuniculis
1313 3298 1367 3348 in
1400 3297 1564 3350 urbes
1598 3297 1693 3350 ob-

649 3384 827 3424 sessas
859 3371 989 3421 actis
1021 3371 1247 3437 repetita
1282 3374 1381 3423 est.

715 3447 795 3497 45.
823 3446 904 3496 46.
939 3446 1147 3496 navium
1167 3472 1199 3483 -
1220 3473 1249 3484 -
1271 3447 1441 3512 duces]
1477 3447 1688 3509 Menas,

650 3521 744 3572 Cn.
780 3521 1016 3585 Pompeii
1053 3520 1276 3573 libertus
1298 3560 1310 3584 ,
1360 3523 1468 3573 dux
1507 3520 1693 3574 classis

650 3595 768 3645 Sex.
793 3596 1062 3661 Pompeii,
1098 3598 1202 3648 hoc
1238 3596 1452 3649 deserto
1483 3609 1533 3647 a.
1560 3610 1611 3648 u.
1640 3608 1687 3647 c.

648 3669 763 3720 746.
785 3670 854 3720 ad
869 3670 1214 3722 Octavianum
1231 3671 1545 3733 desciverat,
1565 3683 1692 3721 mox

650 3755 717 3793 eo
740 3742 918 3795 relicto
941 3745 1011 3796 ad
1032 3745 1267 3810 Pompeii
1300 3756 1485 3795 rursus
1508 3746 1691 3809 partes

648 3818 928 3869 transierat
945 3819 1174 3884 indeque
1193 3819 1388 3870 iterum
1405 3831 1529 3869 cum
1542 3820 1694 3870 Octa-

646 3892 803 3944 viano
821 3907 879 3945 se
897 3895 1256 3945 coniunxerat.
1282 3895 1495 3945 Poterat
1510 3896 1691 3945 autem

648 3967 795 4018 hunc
845 3968 1115 4020 hominem
1165 3968 1408 4021 Horatius
1450 3982 1517 4020 eo
1560 3967 1691 4020 faci-

646 4041 748 4094 lius
782 4044 993 4105 notare,
1032 4056 1155 4094 cum
1177 4042 1245 4093 ab
1268 4043 1383 4108 ipso
1406 4043 1689 4096 Octaviano

647 4115 915 4183 proditor,
983 4119 1042 4167 ut
1090 4117 1172 4181 fit,
1241 4119 1686 4170 contemneretur.

648 4191 748 4242 Dio
783 4189 875 4251 48,
912 4188 993 4242 45.
1030 4193 1086 4242 et
1117 4191 1207 4252 49,
1234 4193 1283 4244 4.
1321 4195 1533 4244 sueton.
1573 4193 1685 4242 Oct.

649 4263 730 4315 74.
764 4291 818 4302 -
853 4263 1151 4330 Quom]
1189 4265 1460 4319 «alliciunt
1492 4269 1548 4319 et
1577 4279 1691 4318 cor-

1769 1956 1986 2008 irretire.

1836 2032 1915 2081 47.
1960 2031 2040 2083 48.
2091 2032 2420 2098 cresc-enm]
2471 2034 2693 2084 Theocr.
2730 2035 2810 2093 46,

1770 2104 1833 2155 64
1855 2118 1867 2153 t
1904 2098 2227 2174 ἀνήριθμος
2249 2103 2312 2156 δέ
2334 2107 2396 2155 οἱ
2415 2103 2503 2172 εἴη
2520 2102 2811 2179 Ἄργυρος·

1768 2181 1881 2230 αἰεὶ
1897 2178 1960 2231 δὲ
1977 2178 2230 2232 πλεόνων
2250 2174 2380 2242 ἔχοι
2403 2179 2598 2254 ἵμερος
2615 2176 2809 2234 αὐτόν.

1766 2256 1945 2307 iuven.
1974 2255 2062 2319 44,
2100 2256 2229 2307 ⁴39:
2268 2257 2451 2308 Crescit
2483 2268 2628 2308 amor
2657 2271 2810 2309 ntun-

1765 2330 1866 2392 mi,
1905 2335 2149 2392 quanm
2169 2332 2509 2395 ipsapeounia
2528 2333 2717 2382 crescit.
2749 2359 2804 2368 —

1765 2403 2130 2468 Maiomnquo]
2167 2407 2469 2457 «maiorum
2504 2419 2718 2472 opum.»

1833 2478 1912 2530 48.
1967 2478 2048 2529 49.
2105 2480 2221 2530 Iure
2248 2480 2543 2545 perhorrui]
2579 2480 2811 2531 «Divitiis

1767 2554 2005 2603 eminere
2030 2554 2168 2604 inter
2189 2557 2397 2606 ceteros
2421 2569 2485 2605 ac
2522 2557 2808 2620 propterea

1767 2629 1927 2692 caput
1958 2626 2197 2678 attollere
2220 2667 2232 2691 ,
2290 2628 2570 2693 superbire
2615 2631 2808 2680 merito

1767 2715 1983 2767 semper
2027 2705 2338 2767 aspernatus
2372 2716 2546 2755 sum.»
2603 2731 2659 2741 —
2713 2704 2810 2754 tol-

1766 2776 1866 2827 lere
1895 2777 2151 2842 verticem]
2188 2777 2282 2828 Od.
2312 2777 2368 2839 4,
2396 2779 2484 2840 48,
2512 2779 2603 2828 ⁴5:
2641 2777 2813 2829 tollens

1763 2865 1980 2902 vacuum
2004 2852 2121 2914 plus
2161 2852 2318 2902 nimio
2361 2853 2528 2917 aleria
2556 2853 2814 2904 verticum

1769 2954 1825 2964 —
1861 2926 2203 2992 conspicuum]
2236 2940 2335 2991 per
2366 2927 2662 2993 prolepsin:
2707 2930 2806 2978 «ita

1763 2999 1948 3052 tollere
1963 3041 1975 3063 ,
2035 3004 2093 3052 ιιι
2126 3004 2407 3067 propterea
2452 3001 2556 3052 late
2597 3003 2808 3068 conspi-

1765 3087 1897 3127 cuus
1931 3076 2073 3126 flat.»

1828 3151 1910 3200 20.
1945 3151 2168 3214 equitum
2189 3150 2349 3215 decus]
2381 3152 2494 3202 Non
2512 3151 2626 3202 sine
2645 3164 2805 3202 causa

1763 3225 1818 3276 in
1851 3224 1940 3275 tali
1973 3225 2355 3276 sententiarum
2388 3225 2525 3276 serie
2571 3227 2672 3277 hac
2717 3240 2807 3291 ap-

1763 3297 2042 3364 pellatione
2086 3312 2216 3351 usus
2251 3303 2356 3361 est,
2410 3312 2515 3363 qua
2560 3301 2804 3364 quemvis

1765 3374 1999 3437 equitem
2031 3373 2329 3425 Romanum
2361 3372 2616 3425 illustrem
2661 3372 2806 3425 salu—

1761 3448 1876 3497 tare
1910 3449 2145 3512 poterat,
2191 3448 2491 3512 significans
2523 3451 2805 3499 Maecena-

1763 3523 1873 3572 tem
1906 3521 2062 3572 huius
2096 3521 2292 3574 ordinis
2314 3522 2418 3573 flne
2442 3535 2659 3587 semper
2679 3536 2804 3574 con-

1763 3597 1968 3646 tentum
1986 3596 2165 3657 fuisse,
2192 3610 2311 3659 nec,
2338 3596 2481 3661 quod
2499 3595 2802 3647 facillimum

1764 3670 1812 3721 ei
1845 3669 2058 3732 fuisset,
2102 3670 2332 3722 voluisse
2367 3671 2591 3721 transire
2625 3672 2679 3721 in
2714 3683 2805 3721 or-

1763 3743 1942 3794 dinem
1974 3747 2300 3796 senatorium
2333 3747 2425 3795 aut
2455 3743 2589 3796 ullos
2613 3757 2801 3808 gerere

1761 3819 2097 3883 magistratus
2156 3819 2480 3880 ordinarios3
2548 3817 2602 3869 id
2656 3819 2802 3883 quod

1761 3893 2033 3959 perspexit
2064 3894 2172 3944 iam
2203 3896 2395 3945 Acron.

1827 3968 1909 4018 2⁴.
1948 3967 2167 4032 Quanto]
2205 3969 2441 4029 «Quanto
2461 3967 2802 4033 paucioribus

1759 4043 1899 4093 vitae
1949 4041 2241 4094 commodis
2308 4043 2468 4093 homo
2522 4044 2801 4094 contentus

1762 4119 1877 4178 est,
1932 4129 1996 4167 eo
2046 4115 2285 4182 pluribus
2333 4116 2536 4180 gaudiis
2585 4115 2797 4176 fruitur,

1762 4204 1886 4242 cum
1917 4192 2234 4256 praesertim
2275 4189 2409 4241 liber
2440 4192 2508 4242 sit
2547 4189 2616 4240 ab
2651 4191 2796 4240 omui

1760 4265 1935 4318 taedio
1984 4278 2048 4317 ac
2097 4265 2337 4329 fastidio,
2394 4278 2530 4331 quae
2578 4263 2797 4328 quidem
