3234 4975
606 359 730 425 492

1373 358 1632 409 nolum
1668 357 2008 409 CARMlNUM

948 515 1050 581 Sis
1094 514 1244 580 licet
1284 512 1461 588 felix,
1508 511 1882 598 ubicunque
1927 511 2159 586 mavis,

943 636 1020 700 Et
1062 654 1309 701 memor
1350 632 1577 710 nostri,
1628 631 1919 708 Galatea,
1970 631 2180 706 vivaS,

944 756 1164 842 Teque
1208 773 1331 820 nec
1372 752 1598 819 laevus
1642 761 1815 817 vetet
1860 751 1954 818 ire
1999 751 2186 839 picus

2700 749 2779 814 ⁴5

1193 875 1327 941 Nec
1368 892 1533 959 vaga
1575 872 1816 938 cornix.

944 1031 1077 1100 Sed
1117 1030 1337 1108 vides,
1384 1037 1626 1117 quanto
1671 1027 1951 1115 trepidet
1995 1028 2271 1096 tumultu

943 1153 1194 1220 Pronus
1238 1152 1460 1219 Orion.
1547 1151 1683 1238 Ego
1730 1148 1887 1236 quid
1932 1149 2015 1216 sit
2065 1159 2204 1216 ater

944 1271 1226 1339 Hadriae
1269 1271 1418 1337 novi
1463 1270 1644 1337 sinus
1689 1278 1756 1336 et
1798 1269 1956 1357 quid
2002 1269 2188 1337 albus

741 1454 820 1503 45.
859 1452 1025 1502 lasum
1057 1451 1273 1513 antiqua
1308 1449 1567 1513 scriptura
1600 1448 1662 1497 B.
1703 1473 1758 1483 —
1792 1453 1923 1499 votet
1952 1448 2292 1511 BhSTc,CtF:
2339 1454 2478 1500 votat
2510 1462 2541 1500 e
2577 1450 2708 1501 Cod.

671 1527 925 1576 Vaticano
970 1526 1120 1588 (Pott.
1159 1522 1259 1585 47.)
1296 1525 1362 1583 L,
1414 1520 1581 1573 Bentl.
1617 1524 1685 1574 M.
1744 1520 1824 1583 (Ut
1865 1535 1993 1585 nos,
2040 1524 2108 1587 J.)
2149 1552 2204 1561 -
2243 1524 2324 1574 47.
2363 1525 2581 1587 ενορίᾶαι
2610 1525 2707 1574 Β8.

677 1601 799 1663 (non
832 1600 982 1663 ch.)

674 1756 753 1807 43.
806 1758 887 1806 Sis
933 1757 1061 1821 licet]
1111 1758 1433 1808 Tenerrimis
1476 1758 1652 1809 versi-

607 1830 736 1890 buS,
789 1829 1032 1881 dolorem
1067 1831 1136 1881 de
1170 1832 1373 1881 amicae
1407 1831 1652 1882 discessu

606 1916 887 1967 premens,
935 1904 1084 1964 huic,
1133 1905 1429 1955 dummodo
1456 1907 1654 1955 'aman—

610 1977 673 2026 tis
730 1978 1046 2026 memoriam
1102 1978 1359 2037 retineat,
1426 1977 1653 2029 liberam

606 2049 980 2113 proficiscendi
1003 2051 1273 2114 optionem
1297 2052 1414 2113 dat,
1452 2052 1657 2102 denuo-

608 2134 715 2186 que
748 2124 921 2186 optat‚
960 2136 1027 2173 ne
1063 2121 1229 2173 ullum
1263 2137 1422 2174 omen
1456 2125 1656 2174 adver-

610 2207 732 2245 sum
782 2195 1001 2246 abeunti
1048 2197 1287 2258 eveniat,
1341 2197 1440 2247 sed
1490 2198 1655 2247 maris

611 2267 972 2332 periculorum
1016 2271 1169 2320 anxie
1215 2284 1336 2321 eam
1379 2271 1651 2321 admonet.

614 2370 668 2378 —-
721 2343 856 2393 Licet
907 2344 960 2393 h.
1009 2342 1042 2392 l.
1085 2357 1191 2394 non
1250 2357 1615 2408 «quamquam
1639 2383 1651 2406 ,

610 2417 774 2476 etsi»,
811 2417 908 2467 sed
944 2418 997 2466 in
1030 2418 1303 2482 precando
1337 2420 1652 2482 usurpatur,

609 2491 669 2539 ut
718 2490 829 2541 sere
880 2491 1024 2542 idem
1073 2493 1143 2542 sit
1190 2494 1351 2557 atque
1394 2493 1447 2542 in
1491 2505 1652 2558 prosa

609 2567 743 2614 orat.
772 2579 910 2629 «per
936 2578 1075 2616 me».
1113 2566 1262 2616 Ovid.
1289 2567 1412 2617 Met.
1441 2567 1496 2627 3,
1523 2565 1652 2618 405:

608 2638 693 2687 Sic
727 2644 859 2689 cenet
888 2641 979 2689 iste
1011 2640 1146 2700 licet,
1197 2640 1270 2690 sic
1299 2653 1401 2690 non
1424 2642 1657 2703 potiatur

676 2788 755 2837 45.
782 2787 862 2836 46.
899 2787 1288 2852 laevus-picus]
1319 2787 1475 2852 Apud
1497 2786 1655 2838 Plau-

609 2864 723 2911 tum
748 2862 904 2923 (Asin.
931 2862 981 2921 2,
1011 2863 1057 2921 4,
1086 2862 1185 2923 42.)
1205 2861 1437 2912 faustum
1460 2863 1542 2911 est
1561 2874 1656 2911 au-

608 2935 834 2997 gurium.
889 2935 993 2984 Sed
1030 2948 1158 2984 num
1191 2936 1243 2984 in
1278 2935 1361 2985 his
1383 2933 1652 2985 ominibus

609 3008 907 3058 doctrinam
971 3007 1279 3069 auguralem
1341 3006 1476 3059 alter
1529 3010 1653 3059 uter

607 3084 765 3144 poeta
815 3082 1062 3130 accurate
1112 3082 1363 3143 servarit,
1417 3080 1651 3132 dubitari

607 3155 803 3219 potest.
877 3154 968 3217 (De
1010 3154 1111 3203 hac
1151 3168 1212 3204 re
1253 3156 1650 3206 accuratissime

608 3227 899 3292 disputatJ.
917 3227 1118 3277 Grimm
1137 3228 1305 3277 Gesch.
1323 3230 1372 3278 d.
1394 3229 1654 3279 deut-*ichen

607 3303 725 3365 spr.
763 3314 881 3365 cap.
920 3301 1021 3351 XL.
1061 3302 1207 3351 Recht
1248 3303 1354 3351 und
1384 3301 1552 3367 Link.)
1591 3331 1647 3339 —

604 3376 749 3442 velot]
787 3377 1041 3426 Tenerior
1073 3376 1158 3425 hic
1193 3388 1384 3427 sensus
1416 3378 1648 3439 videtur,

606 3453 667 3502 ut
721 3463 908 3501 rursus
967 3449 1191 3500 infausta
1250 3452 1397 3514 signa
1453 3450 1653 3516 depre-

608 3528 785 3586 cetur,
838 3537 1002 3588 quam
1036 3525 1081 3574 si
1116 3524 1368 3576 Lambino
1402 3527 1458 3575 et
1487 3526 1652 3575 Bent-

607 3598 710 3650 leio
763 3597 1113 3663 probantibus
1172 3612 1296 3649 cum
1354 3612 1461 3649 uno
1515 3598 1646 3648 Cod.

605 3672 771 3723 Vatic.
809 3672 954 3735 legas
984 3677 1134 3722 vetat.
1194 3673 1271 3723 lta
1302 3674 1445 3723 enim
1479 3674 1651 3722 totum

605 3746 801 3798 locum
816 3748 941 3798 inde
975 3760 1004 3797 a
1041 3761 1088 3796 v.
1119 3748 1166 3796 7.
1196 3748 1412 3812 exponit
1442 3748 1652 3797 Britan-

606 3834 734 3871 nus:
774 3822 937 3871 «Siste
967 3819 1280 3885 paullisper,
1319 3821 1450 3871 dum
1474 3821 1651 3871 omina

608 3895 863 3960 capimus.
902 3896 966 3945 Et
997 3895 1238 3958 profecto
1272 3894 1442 3945 fausta
1477 3895 1653 3945 conci-

608 3969 840 4020 nuerunt
861 3981 1006 4019 aves.
1037 3967 1205 4020 Salvis
1228 3969 1478 4033 auspiciis
1500 3968 1650 4018 abire

607 4043 808 4108 poteris
827 4045 906 4103 et,
928 4042 1208 4105 ubicunque
1223 4044 1403 4105 mavis,
1428 4041 1653 4094 feliciter

606 4118 771 4167 vitam
803 4128 979 4178 agere.
1049 4118 1159 4166 Nec
1192 4118 1363 4169 laevus
1388 4118 1533 4181 picus
1559 4131 1654 4169 ne-

608 4204 714 4257 que
746 4202 884 4255 vaga
914 4190 1095 4240 comi-v
1125 4196 1260 4243 vetat
1299 4196 1345 4243 to
1388 4192 1489 4255 iro,
1542 4205 1650 4256 quo

1725 1756 1873 1809 libet.
1944 1756 2050 1808 Sed
2084 1755 2216 1807 illud
2237 1755 2453 1805 interim
2474 1766 2581 1803 non
2603 1753 2776 1817 vides,

1728 1831 1874 1895 quod
1908 1830 2157 1882 omnibus
2187 1829 2437 1893 auspiciis
2462 1828 2634 1879 maius
2660 1830 2780 1878 est?

1727 1906 1865 1956 cet.»
1917 1933 1972 1941 —
2009 1903 2207 1968 cornix]
2251 1903 2394 1966 Virg.
2433 1900 2540 1951 Ecl.
2581 1901 2639 1961 9,
2686 1900 2774 1953 ⁴4:

1728 1976 2782 2041 Quodnisims--Antesinistracava

1724 2053 1992 2101 monuisset
2022 2051 2086 2100 ab
2117 2051 2228 2100 ilice
2258 2050 2456 2100 cornix.
2488 2075 2543 2084 —
2571 2050 2777 2099 Novem

1728 2127 1827 2176 ista
1877 2126 2055 2176 omina
2110 2123 2303 2189 partim
2353 2122 2492 2172 laeta
2510 2160 2522 2182 ,
2580 2122 2777 2184 partim

1727 2200 1955 2250 adversa
1974 2237 1986 2260 ,
2025 2199 2185 2248 nimia
2209 2194 2471 2246 nonnullis
2494 2197 2604 2246 visa
2625 2196 2775 2254 sunt;

1728 2274 1827 2323 sed
1872 2274 2013 2322 hanc
2072 2270 2506 2334 superstitionem
2550 2266 2778 2332 popula-

1725 2359 1846 2397 rem
1879 2342 2048 2396 semel
2091 2344 2315 2408 poeticis
2367 2340 2639 2392 coloribus
2679 2354 2778 2391 or-

1729 2434 1857 2472 nare
1894 2432 1993 2470 suo
2027 2419 2143 2468 iure
2182 2415 2352 2467 voluit
2384 2417 2559 2479 poeta.

1794 2496 1874 2545 47.
1898 2495 1979 2545 48.
2001 2493 2210 2555 trepidet
2224 2491 2453 2554 tumultu]
2473 2504 2555 2553 pr.
2579 2504 2778 2555 «quan-

1729 2572 1783 2619 to
1817 2569 1978 2618 Orion
2013 2568 2243 2629 agitetur
2276 2563 2559 2623 tumultu»,
2596 2564 2649 2613 id
2673 2569 2773 2626 est,

1730 2644 1987 2707 «quantas
2023 2640 2374 2704 tempestates
2409 2639 2643 2702 inquieta
2677 2651 2776 2689 sua

1726 2718 1780 2766 vi
1836 2717 2108 2766 concitans
2150 2727 2347 2777 pronus
2389 2713 2458 2762 ad
2522 2725 2776 2763 occasum

1729 2790 1964 2851 festinet,
2001 2790 2173 2838 ruat.»
2211 2815 2265 2824 —
2301 2789 2519 2849 Pronus,
2557 2790 2616 2837 ut
2636 2789 2780 2838 devo-

1724 2877 1826 2914 oeus
1866 2863 1960 2914 Od.
2006 2863 2062 2922 4,
2098 2861 2189 2923 28,
2225 2862 2308 2911 24.
2346 2861 2404 2910 Α.
2445 2861 2496 2910 d.
2535 2862 2595 2909 V.
2651 2861 2776 2911 idus

1726 2936 2037 2996 Novembr„
2062 2938 2200 2985 teste
2218 2933 2380 2985 Plinio
2400 2935 2481 2995 48,
2502 2934 2557 2984 34
2572 2971 2605 2993 .,
2631 2934 2779 2984 Orio-

1728 3012 1808 3062 nis
1843 3009 2049 3075 gladius
2082 3009 2330 3058 occidere
2353 3008 2548 3071 incipit.
2608 3008 2768 3057 Leon.

1726 3086 1846 3135 Tar.
1873 3084 2029 3135 Anth.
2055 3081 2164 3134 Pal.
2192 3084 2232 3131 1.
2251 3095 2304 3147 p.
2327 3082 2453 3132 385:
2489 3078 2776 3151 δνοφερῆς

1726 3155 1959 3223 κύματα
1982 3152 2302 3220 πανδυσὶης
2309 3148 2560 3218 Ἕβλαψ’
2579 3148 2778 3225 Ὠρίω-

1726 3247 1911 3295 νος.-
1932 3230 2060 3293 ater]
2078 3228 2368 3289 «funestuS,
2388 3226 2773 3292 periculosus.»

1794 3307 1874 3356 49.
1910 3301 2317 3366 Hadriae-sinus]
2353 3300 2670 3366 Simpliciter
2692 3303 2778 3351 est

1729 3392 1909 3431 «mare
1960 3378 2348 3437 Hadriaticum,
2402 3375 2547 3440 quod
2597 3377 2777 3426 sinum

1725 3454 1890 3505 maris
1938 3452 2101 3502 efficit
2143 3452 2282 3500 inter
2324 3448 2525 3499 ltaliam
2564 3451 2619 3499 et
2650 3449 2777 3512 Epi—

1725 3541 1846 3578 rum
1895 3525 2338 3590 lllyricumque»;
2393 3537 2524 3574 non:
2594 3536 2775 3574 «mare

1726 3601 2117 3661 Hadriaticum,
2178 3610 2302 3648 cum
2353 3599 2407 3647 in
2451 3603 2592 3648 atros
2639 3598 2778 3647 sinus

1727 3676 1980 3725 curvetur
1996 3711 2008 3735 ,
2033 3672 2283 3722 fluctibus
2305 3673 2685 3723 intumescat.»
2716 3697 2771 3707 —

1726 3750 1853 3798 Tota
1889 3748 2071 3797 autem
2106 3747 2369 3796 sententia
2405 3746 2457 3795 in
2490 3757 2651 3809 prosa
2690 3756 2770 3793 or.

1726 3823 1831 3871 hoc
1864 3820 2151 3883 significat:
2206 3819 2372 3882 «Ego,
2426 3831 2590 3882 quam
2627 3817 2775 3881 peri-

1726 3894 1972 3945 culosum
2005 3905 2224 3957 semper
2256 3893 2324 3943 sit
2357 3893 2459 3942 iter
2490 3905 2590 3956 per
2623 3902 2774 3940 mare

1727 3968 2118 4028 Hadriaticum,
2190 3967 2517 4030 experientia
2584 3964 2774 4014 doctus

1728 4043 1849 4093 novi
1864 4057 1909 4103 μ
1945 4043 2167 4106 propter
2188 4042 2373 4090 cautes
2395 4039 2539 4089 enim
2570 4039 2627 4087 et
2647 4050 2773 4087 saxa

1725 4115 1998 4178 naufragia
2033 4114 2394 4178 frequentiora
2428 4111 2542 4163 fere
2576 4111 2775 4162 suntin

1726 4192 1845 4242 sinu
1875 4190 2039 4241 maris
2074 4200 2236 4252 quam
2263 4190 2318 4239 in
2350 4188 2468 4253 ipso
2490 4184 2596 4237 alto
2618 4186 2770 4237 mari.
