3234 4975
657 407 783 472 596

1427 409 1682 459 HORATII
1719 409 2057 462 CARMlNUM

741 564 845 642 Et,
892 583 1061 651 quae
1104 584 1274 631 nunc
1318 562 1602 629 humeris
1649 563 2006 639 involitant‚
2055 564 2414 631 deciderint
2457 587 2700 643 comae,

740 686 919 751 Nunc
965 695 1029 750 et
1071 685 1183 771 qui
1230 683 1408 752 color
1450 693 1549 750 est
1590 685 1909 772 puniceae
1954 684 2115 752 flore
2160 688 2340 772 prior
2385 708 2609 764 rosae,

738 843 1012 908 Mutatus
1055 841 1430 929 Ligurinum
1473 841 1537 905 in
1579 840 1810 907 faciem
1851 843 2117 910 verterit
2161 842 2482 932 hispidam
2509 897 2522 922 ,
2645 838 2656 845 ’
2783 846 2823 907 5

786 1079 835 1127 5.
872 1076 1172 1140 Ligurinum
1201 1073 1539 1135 BbSc,LCtF:
1594 1075 1834 1139 Ligurine
1866 1075 1997 1126 Cod.
2036 1088 2189 1127 meus
2225 1075 2285 1137 d,
2330 1077 2438 1126 duo
2470 1078 2752 1139 Torrentii,

718 1149 987 1202 Bentleius
1021 1152 1076 1199 et
1108 1150 1175 1200 M.

650 1371 797 1416 νεττε
818 1360 1011 1429 Μηδὲν
1029 1355 1172 1433 ὑπὲρ
1194 1354 1464 1426 θνητούς,
1490 1376 1536 1409 ω
1515 1349 1694 1411 ’νέον
1773 1360 1844 1409 tia
1878 1362 2022 1411 esset
2042 1373 2291 1424 persona.
2338 1364 2436 1423 Qui
2459 1364 2733 1417 mutarunt
2765 1368 2820 1416 in

653 1440 796 1491 εἰσὶ
829 1438 987 1508 τρίχ
1004 1450 1092 1499 ες.

717 1514 765 1564 3.
791 1512 839 1564 4.
875 1511 1094 1562 timueris
1111 1508 1391 1572 involitant]
1426 1508 1697 1559 Eiusmodi

650 1588 796 1639 enim
847 1586 997 1650 pueri
1045 1582 1338 1648 puellarem
1388 1584 1440 1632 in
1487 1595 1696 1632 morem

649 1674 862 1713 comam
897 1659 1128 1710 alebant.
1178 1657 1273 1707 Od.
1300 1658 1356 1718 2,
1394 1658 1452 1717 5,
1489 1657 1544 1708 24
1571 1668 1692 1719 sqq.

648 1737 744 1788 Od.
767 1736 825 1796 3,
847 1736 930 1795 20,
952 1733 1032 1785 ⁴4.
1060 1732 1227 1796 Epod.
1251 1733 1304 1781 44
1327 1768 1339 1790 ,
1359 1731 1441 1781 28.
1471 1728 1691 1782 Martial.

648 1811 705 1871 4,
742 1809 833 1870 34,
870 1809 929 1858 6:
975 1809 1207 1866 Dumque
1238 1805 1581 1867 decentfioeao
1613 1805 1696 1853 la-

643 1888 757 1935 ctea
804 1882 934 1932 colla
988 1881 1168 1939 iubae,
1226 1881 1355 1930 item
1405 1879 1472 1928 de
1524 1892 1693 1942 puero

645 1955 893 2007 delicate.
963 1956 1041 2004 De
1076 1954 1273 2005 femina
1306 1953 1465 2002 Antb.
1504 1951 1612 2003 Pal.
1651 1953 1691 2001 1.

641 2043 697 2096 p.
752 2031 848 2080 92.
907 2023 1013 2090 τὰς
1060 2029 1262 2111 τρίχας
1302 2056 1333 2066 -
1356 2055 1387 2065 -
1428 2021 1544 2087 Τὰς
1599 2024 1694 2075 ἐπὶ

642 2108 770 2167 τοῖς
819 2101 1102 2173 σοβαροῖς
1144 2094 1352 2161 αὐχέσι
1402 2098 1691 2165 πλαζομέ-

641 2194 764 2241 νας.
824 2206 879 2215 -
931 2177 1224 2238 deciderint]
1276 2174 1467 2226 Adulta
1510 2177 1691 2225 autem

641 2256 816 2305 aetate
841 2251 1224 2312 tondebantur,
1263 2253 1342 2311 et,
1370 2251 1460 2314 qui
1485 2249 1691 2301 servilis

640 2328 965 2379 condicionis
982 2327 1150 2387 erant,
1176 2326 1228 2375 in
1247 2328 1549 2375 ceterorum
1568 2337 1694 2373 con-

637 2414 919 2454 servorum
968 2412 1187 2464 gregem
1231 2399 1444 2449 iamiam
1495 2398 1692 2447 transi-

637 2477 805 2536 bant3
840 2474 1072 2526 libertini
1099 2472 1261 2524 alium
1294 2469 1688 2536 quaesticulum

638 2549 1157 2614 circumspiciebant.
1211 2544 1433 2598 Martial.
1468 2546 1557 2605 44,
1584 2546 1682 2595 78:

640 2625 871 2677 Tondebit
885 2638 1071 2686 pueros
1090 2625 1198 2672 iam
1217 2635 1351 2671 nova
1372 2625 1533 2683 nupta
1554 2625 1682 2670 tuos.

636 2701 722 2751 Sic
776 2698 1048 2749 Smerdiae
1101 2695 1408 2760 Polycrates
1467 2697 1687 2759 propter

634 2772 981 2840 ζηλοτυπίαν
1012 2771 1270 2821 adversus
1291 2770 1684 2819 Anacreontem

635 2849 812 2900 crines
839 2845 1117 2897 detonderi
1150 2844 1321 2894 iussit.
1359 2843 1489 2893 Vide
1511 2842 1684 2904 Bergk

634 2922 702 2973 ad
751 2924 941 2971 Anacr.
999 2920 1082 2970 Fr.
1135 2917 1228 2968 46:
1281 2910 1601 2984 Ἀπέκειρας
1635 2914 1682 2964 δ’

633 2990 863 3059 ἁπαλῆς
910 2990 1104 3057 κόμης
1168 2984 1421 3056 ἄμωμον
1476 2987 1679 3052 ἄνθος.

634 3067 1038 3121 Pseudolucian.
1091 3067 1270 3115 Amor.
1319 3067 1412 3115 ⁴0:
1488 3061 1524 3115 ὁ
1571 3064 1682 3130 μὲν

627 3137 929 3208 Ἀθηναῖος
966 3132 1288 3223 εὐμόρφοις
1321 3140 1519 3189 παισὶν
1542 3136 1679 3205 ἐξή-

632 3230 844 3281 σκητο,
907 3213 1007 3264 καὶ
1062 3211 1173 3274 πᾶς
1200 3215 1469 3298 οἰκέτης
1519 3209 1677 3281 αὐτῷ

632 3284 845 3350 σχεδὸν
893 3282 1148 3354 ἀγένειος
1183 3277 1285 3351 ἧν,
1340 3289 1544 3373 μέχρι
1566 3286 1672 3339 τοῦ

631 3363 858 3449 πρῶτον
946 3356 1381 3432 ὖπογραφέντος
1471 3356 1676 3425 αὐτοῖς

630 3435 775 3499 χνοῦ
828 3439 1288 3510 παραμένοντες,
1341 3432 1570 3488 ἐπειδὰν
1614 3436 1677 3487 δὲ

632 3511 851 3576 ἰούλοις
898 3513 964 3563 αἱ
995 3512 1224 3595 παρειαί
1273 3509 1673 3572 πυκασθῶσιν,

631 3584 937 3653 οἰκονόμοι
969 3587 1070 3636 καὶ
1099 3582 1214 3635 τῶν
1242 3579 1516 3652 Ἀθήνησι
1555 3600 1676 3647 χω-

628 3665 769 3736 ρίων
802 3658 1113 3728 κηδεμόνες
1146 3653 1581 3711 ἀπεστέλλοντο.
1614 3688 1672 3697 -

623 3738 883 3801 puniceae]
935 3747 1256 3800 purpureae.
1325 3735 1475 3784 Idem
1529 3737 1676 3785 rota-

627 3824 749 3861 rum
797 3814 1034 3861 Aurorae
1085 3807 1349 3859 ἐπίθετον
1399 3810 1482 3858 est
1528 3808 1674 3872 apud

626 3886 767 3947 virg.
795 3888 925 3935 Aen.
954 3885 1042 3945 42,
1070 3884 1150 3932 77.
1198 3884 1485 3945 Usurpatur
1508 3882 1576 3932 de
1601 3883 1677 3932 vi-

624 3958 751 4009 vido
782 3957 959 4008 colore
993 3955 1183 4016 rubro,
1221 3956 1364 4006 unde
1390 3954 1583 4006 Gellius
1606 3958 1669 4007 N.

623 4034 686 4084 Α.
709 4032 766 4092 3,
792 4032 841 4081 9.
880 4030 1061 4081 dicere
1097 4043 1258 4081 ausus
1295 4034 1409 4081 est:
1448 4043 1670 4095 equum,

623 4107 789 4157 colore
834 4104 1306 4167 exuberantissime,
1363 4118 1510 4166 quem
1532 4131 1563 4142 -
1582 4116 1675 4154 nos

624 4208 652 4219 -
676 4208 704 4219 -
720 4180 993 4244 puniceum
1025 4179 1253 4229 dicinm.

687 4258 736 4307 ὅ.
774 4253 1090 4321 Limon-inum]
1124 4253 1365 4314 Dictum,
1392 4254 1543 4317 quasi
1569 4255 1675 4304 ter-

1771 1436 2073 1485 vocativum
2094 1473 2106 1495 ‚
2162 1450 2268 1486 non
2303 1439 2432 1489 satis
2465 1443 2823 1504 perceperant

1771 1507 2028 1560 acerbam
2060 1511 2252 1572 poetae
2287 1514 2641 1565 sententiam:
2702 1516 2815 1577 «te,

1769 1595 1999 1646 puerum
2023 1584 2133 1633 tam
2156 1584 2448 1636 formosum
2481 1589 2697 1650 tamque
2720 1602 2820 1639 su-

1768 1656 2001 1720 perbum
2025 1660 2163 1708 cet.»
2217 1660 2501 1712 Praeterea
2523 1663 2616 1724 qui
2637 1661 2822 1726 legunt

1767 1731 2039 1794 Ligna-ino,
2109 1735 2453 1785 construunt.
2518 1750 2634 1787 ctum
2679 1738 2821 1787 color

1765 1817 1915 1854 rosae
1959 1811 2182 1856 mutatus
2215 1810 2423 1858 verterit
2474 1810 2586 1873 (se)
2643 1811 2696 1860 in
2727 1813 2818 1875 fa-

1767 1879 1892 1927 eiem
1921 1879 2205 1942 hispidam,
2259 1894 2384 1932 cum
2418 1882 2585 1934 multo
2619 1884 2820 1949 simpli-

1769 1953 1881 2002 cior
1927 1953 1998 2003 sit
2045 1952 2209 2004 altera
2260 1957 2394 2006 ratio
2443 1959 2604 2021 atque
2657 1959 2816 2010 buius

1768 2027 2016 2077 carminis
2043 2026 2203 2077 indoli
2228 2031 2665 2081 convenientior:
2700 2046 2817 2082 συσπ

1765 2101 1903 2150 color
1931 2107 2156 2152 mutatus
2187 2106 2349 2166 atque
2384 2106 2643 2156 evanidus
2667 2107 2818 2169 Liqu-

1763 2175 1935 2225 rinum
1980 2177 2187 2226 verterit
2224 2178 2278 2226 in
2320 2178 2505 2240 faciam
2535 2180 2810 2242 hispidam,

1764 2248 1819 2299 id
1854 2251 1962 2311 est,
2014 2251 2063 2299 ei
2107 2251 2374 2301 induxerit
2418 2252 2609 2303 faciem
2642 2254 2813 2318 hispi-

1766 2323 1908 2373 dam.
1978 2323 2167 2374 Tibull.
2207 2325 2266 2384 4,
2304 2326 2361 2385 8,
2398 2325 2495 2375 34.
2485 2340 2496 2352 ·
2536 2327 2720 2377 Carior
2740 2333 2816 2378 est

1763 2410 1893 2447 auro
1924 2398 2139 2459 iuvenis,
2190 2400 2273 2448 cui
2320 2400 2451 2449 levia
2480 2400 2671 2465 βάματι
2704 2402 2814 2452 Ora

1760 2484 1851 2522 nec
1871 2472 2136 2534 amplavus
2166 2473 2364 2536 hispida
2397 2474 2556 2525 barba
2588 2477 2720 2527 tcn't.
2752 2504 2808 2514 —

1759 2546 2034 2610 hispidam]
2088 2547 2380 2598 «hirsutam
2432 2551 2592 2611 atque
2648 2563 2810 2615 aspe-

1760 2633 1907 2670 ram»
1931 2636 1943 2680 ;
1981 2633 2089 2671 non
2125 2634 2249 2672 cum
2283 2620 2424 2672 aliis:
2465 2624 2638 2686 «rugis
2674 2638 2809 2674 con-

1761 2697 1985 2745 tractam
2021 2697 2076 2745 et
2118 2695 2443 2746 horridam.»
2501 2699 2617 2748 Non
2663 2700 2808 2750 enim

1759 2782 1947 2821 senem
1989 2769 2138 2832 fingit
2179 2770 2281 2821 sibi
2316 2772 2559 2822 Horatius
2602 2774 2807 2837 Liguri-

1759 2858 1888 2894 num
1921 2845 2177 2908 pristinae
2213 2844 2498 2908 superbiae
2533 2850 2808 2911 poeniten-

1759 2923 1868 2970 tem
1943 2918 2101 2981 (quae
2173 2919 2393 2982 quidem
2451 2922 2804 2984 ingratissima

1759 2992 1948 3042 fuisset
1981 2992 2210 3055 imago),
2250 2992 2349 3043 sed
2389 2993 2636 3044 iuvenem
2675 3008 2806 3059 pue-

1756 3066 1941 3117 rilibus
1989 3067 2140 3117 bisce
2192 3067 2467 3119 amoribus
2529 3081 2636 3119 non
2695 3071 2802 3119 iam

1755 3143 1972 3204 aptum3
2022 3141 2274 3204 quocirca
2308 3155 2410 3191 uec
2445 3156 2494 3192 v,
2533 3143 2804 3193 deciderint

1757 3217 2005 3279 apropter
2053 3212 2288 3265 vetulam
2339 3218 2570 3266 aetatem
2628 3215 2804 3266 dessu-

1753 3290 1962 3339 xerint»
2039 3288 2411 3352 explicandum
2484 3294 2591 3351 est,
2664 3292 2797 3342 sed:

1754 3363 1954 3415 «cultro
1988 3366 2231 3414 resectae
2265 3364 2512 3414 fuerint.»
2552 3366 2802 3430 (opponi-

1750 3440 1838 3487 tur
1884 3451 2016 3499 puer
2075 3438 2237 3487 adhuc
2300 3438 2491 3489 lubrico
2551 3453 2801 3503 penarum

1749 3512 2005 3574 splendore
2047 3513 2340 3575 conspicuus
2380 3511 2532 3577 Apul.
2583 3514 2706 3563 Met.
2745 3515 2795 3576 9,

1749 3587 1831 3636 22.
1853 3587 1978 3635 Stat.
1997 3586 2213 3636 Flaccus
2223 3588 2378 3637 Anth.
2393 3585 2499 3637 Pal.
2517 3588 2577 3637 11.
2607 3600 2657 3651 p.
2680 3587 2793 3638 457.

1749 3661 2014 3710 invehitur
2047 3662 2100 3712 in
2134 3660 2534 3712 adolescentem
2581 3662 2796 3712 iamiam

1749 3736 2075 3805 φρίσσοντα
2106 3736 2364 3802 γενείοις,
2402 3738 2458 3786 et
2480 3737 2655 3786 Strato
2672 3748 2793 3799 pag.

1749 3809 1863 3860 455.
1892 3809 2308 3861 adolescentium
2327 3810 2526 3881 τρίχας
2548 3808 2798 3861 absolute

1747 3878 1849 3945 τὰς
1882 3880 2176 3955 φθονεράς
2208 3885 2400 3946 vocat.)

1815 3959 1863 4007 6.
1916 3958 2032 4022 heu]
2089 3960 2281 4008 Poetae
2329 3960 2411 4007 est
2444 3956 2793 4019 exclamatio,

1749 4045 1855 4082 non
1878 4033 2056 4097 pueri,
2093 4035 2154 4082 ut
2182 4031 2268 4081 alii
2294 4030 2579 4081 voluerunt
2608 4031 2800 4081 distin-

1749 4108 1923 4158 ctione
1955 4108 2174 4158 mutata.
2227 4132 2283 4143 —
2335 4111 2382 4155 te
2412 4105 2632 4169 speculo]
2684 4107 2797 4156 An-

1748 4178 2104 4243 tiquissimum
2168 4177 2327 4241 gloss.
2392 4183 2439 4230 te
2490 4180 2546 4228 in
2598 4178 2798 4242 speculo

1746 4255 2023 4316 comparet
2074 4253 2178 4303 iam
2226 4253 2281 4302 in
2325 4250 2522 4304 Codice
2559 4253 2617 4302 Β.
2688 4252 2796 4303 Sed
