3234 4975
1206 460 1407 511 LlBER.
1479 461 1673 513 CARM.
1712 462 1773 511 V.

750 614 990 682 Abacta
1038 614 1211 682 nulla
1252 617 1406 682 Veia
1451 616 1845 682 conscientia

842 735 1189 824 Ligonibus
1232 736 1413 803 duris
1456 735 1723 802 humum

759 856 1188 924 Exhauriebat
1231 858 1564 944 ingemens
1606 855 1969 933 laboribuS,

837 979 981 1057 Quo
1025 989 1249 1065 posset
1292 978 1570 1044 infossus
1615 999 1781 1066 puer

756 1099 975 1186 Longo
1018 1098 1124 1165 die
1168 1098 1269 1165 bis
1314 1111 1544 1189 terque
1589 1103 1870 1168 mutatae
1924 1098 2110 1186 dapis

838 1219 1112 1286 Inemori
1157 1219 1555 1308 spectaculo,

756 1340 915 1406 Cum
958 1339 1353 1428 promineret
1396 1359 1536 1414 ore,
1584 1348 1897 1427 quantum
1941 1350 2192 1406 exstant
2235 1361 2406 1427 aqua
2506 1343 2587 1406 35

841 1462 1172 1549 Suspensa
1215 1470 1430 1526 mento
1475 1480 1784 1547 corpora3

759 1581 1035 1647 Exsuota
1079 1580 1166 1646 uti
1215 1578 1495 1646 medulla
1539 1590 1603 1647 et
1646 1579 1899 1646 aridum
1944 1580 2124 1647 iecur

550 1731 631 1782 33.
669 1736 802 1781 terve
823 1732 929 1781 LCt
953 1732 1075 1794 (non
1099 1730 1318 1794 BbScd).
1344 1758 1398 1766 —
1434 1731 1497 1781 37
1505 1769 1515 1779 .
1543 1731 1771 1780 Εωευοια
1793 1729 1859 1780 cd
1895 1730 1996 1792 (hic
2014 1743 2284 1794 superscr.
2306 1735 2522 1799 wacta),

485 1805 614 1854 Cod.
639 1806 838 1865 Divaei,
866 1806 1071 1855 Bersm.
1098 1818 1264 1866 unuS,
1291 1803 1530 1855 Lambini
1554 1803 1706 1869 aliq.‚
1735 1805 1967 1855 Pottierii
1990 1807 2236 1868 octavus,
2261 1820 2373 1857 var.
2399 1805 2521 1858 lect.

481 1893 559 1939 ω,
597 1880 689 1928 Lt:
743 1879 943 1929 Emesa
981 1880 1102 1943 (una
1139 1878 1233 1929 litt.
1272 1879 1442 1941 erasa)
1483 1876 1543 1940 δ,
1607 1879 1784 1929 Eoeuta
1821 1879 2027 1929 Bersm.
2069 1892 2234 1940 unus,
2293 1881 2529 1931 Exsucca

486 1952 616 2002 Cod.
653 1953 778 2015 Reg.
823 1954 969 2004 7977.
1007 1955 1123 2003 Sec.
1167 1954 1274 2003 XII.
1318 1955 1373 2003 et
1410 1954 1542 2014 Fea,
1575 1954 1797 2004 Exsecta
1834 1951 1919 2003 vel
1958 1955 2152 2003 Exacta
2179 1951 2251 2015 β,
2296 1955 2531 2006 Exectati

481 2026 700 2077 medulla
730 2028 798 2087 B,
835 2027 1032 2077 Exerta
1071 2041 1180 2076 var.
1225 2027 1349 2077 lect.
1387 2041 1451 2088 χ,
1488 2027 1583 2077 Ed.
1629 2027 1881 2089 Locheri,
1926 2027 2165 2087 Aldinae;
2205 2029 2406 2078 «Emesa
2445 2028 2529 2079 vel

482 2102 675 2151 Exesea
701 2102 763 2150 N.
791 2102 1037 2152 Heinsius
1058 2103 1109 2151 in
1130 2115 1222 2151 ora
1247 2102 1327 2151 sui
1348 2101 1698 2166 exemplaris»
1725 2103 1955 2152 Beuum
1973 2140 1985 2163 ,
2016 2103 2105 2166 qui
2119 2104 2323 2167 recepit
2338 2105 2529 2165 Emesa,

486 2178 671 2225 contra
706 2175 942 2226 Meineke
984 2177 1196 2235 Exusta,
1235 2175 1693 2238 quemadmodum
1727 2180 1810 2227 est
1844 2177 1896 2226 in
1943 2179 2004 2227 N.
2044 2178 2241 2228 Heinsii
2272 2176 2524 2229 Adverss.

420 2300 593 2346 sent.»
644 2298 828 2345 Senon.
883 2297 989 2344 Sat.
1025 2295 1080 2354 l,
1118 2295 1175 2355 8,
1211 2294 1304 2343 23:
1363 2295 1470 2343 Vidi

421 2374 610 2433 egomet
630 2369 784 2431 m‘yra
803 2370 1104 2417 &accinctam
1124 2368 1309 2417 vadere
1326 2369 1471 2430 palla

421 2443 703 2494 Canidiam.
744 2465 801 2477 --
839 2440 1064 2505 Sayana]
1102 2441 1248 2491 Hanc
1273 2440 1472 2492 venefi-

423 2530 569 2577 cam,
626 2516 875 2566 Canidiae
928 2516 1152 2576 sociam,
1207 2517 1472 2566 memorat

423 2593 584 2642 etiam
618 2592 725 2640 Sat.
768 2591 819 2649 l,
856 2589 916 2650 8,
951 2591 1034 2639 25.
1084 2617 1139 2625 —
1187 2603 1284 2651 per
1315 2594 1473 2639 totam

422 2665 641 2730 dominu]
666 2664 759 2714 ubi
782 2663 974 2728 philtra
999 2663 1384 2727 coquebantur.
1411 2689 1466 2699 —

419 2739 714 2802 Avernales]
776 2750 1013 2802 «aquam
1077 2736 1350 2788 lustralem
1405 2750 1472 2786 ex

421 2811 667 2863 malefico
723 2814 914 2862 Averni
981 2810 1101 2861 lacu
1161 2811 1425 2861 haustam.
1445 2828 1469 2855 n

425 2886 565 2948 virg.
592 2889 723 2936 Aen.
751 2884 812 2945 t,
849 2886 973 2935 5⁴2:
1010 2887 1282 2946 Sparserat
1312 2889 1359 2934 et
1390 2885 1472 2934 la-

421 2961 539 3010 tices
558 2960 817 3010 sivnmmos
835 2959 989 3024 sontis
1005 2959 1215 3017 Averni3
1251 2958 1303 3007 id
1327 2958 1473 3022 quod

424 3034 491 3084 ad
549 3032 928 3098 complendum
983 3034 1144 3083 ritum
1207 3033 1475 3095 magicum

423 3107 741 3195 pertinebat.
771 3107 893 3171 (Cir.
917 3107 1178 3170 imprimis
1195 3107 1330 3155 Max.
1348 3107 1471 3169 Tyr.

425 3181 506 3241 ⁴4,
534 3183 602 3231 2·
633 3172 732 3232 Ἦν
748 3179 812 3232 δέ
828 3195 941 3231 που
958 3177 1063 3245 τῆς
1074 3174 1476 3241 Ἰταλίαςκατὰ

407 3254 528 3339 τὴν
556 3253 817 3322 μεγαλην
841 3250 1087 3305 Ἐλλάδα
1119 3254 1246 3324 περὶ
1269 3253 1477 3320 λίμνην

407 3317 649 3415 ’Ἄορνον
661 3325 813 3381 οὕτω
827 3328 1193 3394 καλουμένην
1202 3333 1477 3394 μαντεῖον

428 3416 668 3489 αντρον,
741 3404 840 3453 καὶ
901 3401 1320 3474 θεραπευτῆρες
1371 3400 1477 3453 τοῦ

423 3470 635 3545 ἄντρου
660 3470 767 3526 ἅνδ
767 3492 861 3546 pec
883 3479 1234 3545 ψυχαγωγοὶ
1255 3476 1400 3544 κτλ.)

488 3552 600 3600 27-
615 3550 697 3600 32.
740 3551 922 3601 Horret
942 3553 1138 3613 capillis
1158 3554 1380 3613 asperis,
1419 3558 1477 3602 ut

425 3624 624 3674 echinus
654 3625 884 3673 marinus
935 3624 955 3687 (
965 3625 1226 3688 Μοσνίροι,
1281 3626 1476 3689 oursin)

425 3699 609 3762 spinis,
628 3712 754 3760 aper
775 3700 921 3749 setis.
952 3726 1006 3735 —
1032 3698 1257 3762 currens]
1293 3698 1479 3749 ἐπιθε-

425 3786 526 3823 τον
543 3773 802 3836 imprimis
819 3773 1004 3836 aptum
1019 3775 1239 3836 propter
1255 3786 1477 3837 compa-

425 3847 687 3896 rationem
701 3859 825 3896 cum
838 3847 1042 3908 Sagana
1058 3846 1238 3896 itidem
1254 3845 1475 3897 domum

424 3922 789 3986 percurrente.
825 3919 965 3981 virg.
985 3921 1117 3969 Aen.
1137 3920 1188 3979 l,
1209 3919 1333 3970 324:
1360 3933 1477 3981 spu-

424 3995 611 4044 mantis
630 3995 747 4056 apri
768 4007 972 4043 cursum
992 3992 1212 4043 clamore
1235 4007 1475 4057 premen-

425 4074 538 4119 tem.
589 4069 734 4118 Ovid.
787 4067 1008 4117 Halieut.
1048 4067 1131 4116 60.
1180 4067 1274 4117 H.:
1323 4067 1476 4117 Actus

426 4157 551 4206 aper
598 4144 713 4193 setis
759 4142 895 4192 iram
927 4141 1186 4191 denuntiat
1234 4141 1380 4190 hirtis
1409 4141 1476 4190 Ec

426 4219 529 4268 ruit
562 4218 773 4280 oppositi
805 4218 964 4266 nitens
993 4216 1048 4264 in
1077 4216 1286 4265 volnera
1325 4215 1469 4278 fem-i.

431 4316 484 4327 —
535 4291 669 4341 Nihil
713 4305 849 4356 opus
889 4289 1229 4340 Praedikowii
1274 4294 1474 4339 certans

595 4382 777 4429 Holur.
811 4393 923 4428 vot..
956 4382 988 4429 l.
1051 4393 1129 4428 an.
1164 4393 1320 4428 imon
1350 4380 1422 4427 In.

1542 2308 1644 2344 nec
1667 2295 1769 2345 ΗΡ.
1794 2309 1969 2356 mens,
2006 2308 2108 2346 nec
2137 2296 2370 2359 denique
2395 2297 2593 2347 Heinsil

1542 2371 1597 2418 et
1620 2367 1839 2418 Bentleii
1860 2370 2111 2430 Lam-ens,
2148 2370 2245 2419 etsi
2269 2370 2371 2418 hoc
2396 2370 2591 2420 Latinis

1543 2441 1835 2493 admodum
1862 2442 2115 2507 frequens
2147 2445 2230 2494 est
2260 2445 2375 2508 apri
2405 2442 2597 2496 ἐπιθε-

1541 2532 1661 2567 τον.
1716 2517 1968 2582 Exempla
2004 2517 2212 2581 collegit
2246 2519 2492 2569 Heinsius
2525 2520 2596 2570 ad

1545 2591 1692 2641 Ovid.
1732 2593 1867 2641 Fast.
1906 2593 1967 2653 2,
2004 2593 2120 2642 23⁴.
2162 2618 2219 2628 —
2255 2592 2447 2642 Abacea
2470 2593 2597 2657 cet.]

1547 2663 1725 2715 «Nulla
1767 2666 2087 2715 conscientia
2141 2667 2283 2726 eius,
2336 2666 2483 2730 quod
2516 2668 2598 2715 ius

1545 2738 1730 2802 fasque
1756 2741 1857 2798 est,
1884 2738 2022 2789 nulla
2050 2741 2314 2803 cognatm,
2340 2741 2600 2803 quantum

1544 2810 1722 2861 scelus
1761 2815 1906 2863 esset
1951 2814 2331 2874 commissura,
2384 2814 2598 2863 tertiam

1546 2886 1703 2935 istam
1737 2898 1921 2949 sagam
1952 2900 1982 2935 a
2015 2888 2288 2951 proposito
2313 2887 2591 2937 deterrere

1545 2962 1807 3022 poterat.»
1831 2987 1887 2996 -
1907 2960 2111 3010 humum
2128 2960 2489 3023 Exitum-lebat]
2517 2963 2599 3011 «in

1548 3030 1741 3083 domus
1752 3031 2007 3096 impluvio
2021 3034 2272 3084 scrobem
2285 3034 2530 3096 iaciebat,
2548 3036 2600 3085 in

1548 3117 1711 3168 quem
1735 3120 1966 3170 puerum
1997 3108 2329 3160 deroderet.»
2366 3138 2420 3146 -
2455 3110 2599 3175 inqe-

1547 3180 1761 3244 memJ«
1737 3181 2023 3233 «anhelans
2052 3184 2279 3248 propter
2300 3182 2596 3234 laborem.»

1549 3255 1636 3303 Sic
1671 3255 1792 3306 Tac.
1831 3258 2010 3307 Germ.
2039 3257 2132 3309 46:
2170 3259 2420 3322 ingemere
2441 3260 2597 3322 aqi-is.

1615 3329 1722 3379 33-
1731 3329 1813 3379 36.
1868 3330 2064 3395 Lonqo]
2098 3334 2259 3394 Iunge
2300 3332 2449 3394 longo
2490 3332 2596 3390 die,

1551 3404 1672 3467 «qui
1718 3406 1941 3468 propter
1973 3407 2087 3468 ipsa
2121 3406 2257 3455 baec
2291 3418 2453 3454 saeva
2488 3406 2602 3454 tor-

1550 3480 1729 3527 menta
1774 3476 1963 3540 longus
2007 3490 2177 3540 puero
2215 3477 2385 3525 videri
2428 3474 2601 3525 debe-

1548 3551 1693 3608 bat»;
1730 3563 1864 3611 non,
1901 3553 1960 3600 ut
1982 3549 2093 3599 alii:
2131 3551 2279 3612 longo
2299 3551 2594 3611 spectaculo.

1553 3653 1606 3660 —
1663 3622 1736 3672 bis
1783 3623 1971 3686 terque]
2024 3621 2159 3672 «eibi
2212 3622 2335 3671 novi
2385 3623 2598 3685 saepius

1546 3711 1647 3761 per
1703 3696 1849 3747 diem
1908 3697 2133 3760 appositi
2198 3695 2596 3759 identidemque

1547 3769 1766 3831 sublati,
1811 3783 1918 3834 quo
1954 3773 2237 3820 acueretur
2269 3770 2421 3833 pueri
2456 3769 2596 3820 lame

1548 3846 1720 3896 enecti
1756 3844 2030 3894 aviditas.»
2086 3845 2201 3893 «Bis
2231 3849 2403 3905 terque
2434 3844 2598 3906 signi-

1547 3918 1672 3967 ficat
1702 3919 1946 3981 saepius,
1985 3918 2058 3965 bis
2081 3922 2215 3966 terve
2239 3916 2394 3981 (ΑΜ.)
2420 3930 2595 3968 raro.»

1545 3992 1731 4041 Bam-1..
1757 4018 1813 4027 —
1832 3991 2063 4054 [umori]
2088 3989 2251 4041 Nobis
2276 4004 2417 4041 nunc
2439 3981 2598 4054 ἅπαξ

1546 4060 1858 4129 λεγόμενον
1876 4077 1973 4128 pro
1998 4065 2218 4114 immori.
2258 4093 2312 4101 -
2346 4066 2599 4128 Suspensa

1544 4139 1729 4200 mento]
1754 4137 2243 4201 «quemadmodum
2266 4141 2454 4189 nantes
2472 4139 2595 4188 inde

1547 4226 1574 4261 a
1609 4214 1791 4261 mento
1824 4214 2030 4263 exstant
2064 4225 2235 4277 aquae
2259 4213 2594 4278 superficiem

1613 4287 1693 4336 37.
1750 4286 1831 4337 38.
1900 4288 2153 4349 Exsucta]
2210 4288 2285 4337 Ex
2345 4285 2595 4337 omnibus

2203 4379 2258 4424 43
