3234 4975
647 373 771 437 220
1417 372 1672 422 nonam
1707 370 2042 421 CARmNUM

1157 531 1412 608 Quaere
1460 527 1691 592 modos
1738 525 1980 592 leviore
2025 523 2287 611 plectro.
2724 525 2803 588 40

651 710 804 772 igitur
845 710 1055 757 antrum
1087 707 1280 756 Veneri
1325 706 1583 766 dicatum,
1638 706 1691 755 in
1833 704 1912 755 40.
1984 705 2164 753 leviore
2212 696 2432 768 plecti-os
2477 704 2624 754 Ovid.
2679 705 2800 753 Met.

650 782 792 846 quod
827 782 1065 843 ingresso
1098 784 1289 844 poetae
1325 780 1392 830 de
1416 779 1692 839 amoribus
1769 779 1860 837 40,
1921 779 2048 827 45οε
2115 779 2278 829 cecini
2326 779 2518 840 plectro
2571 780 2807 841 qravioro

650 855 1041 915 tantummodo,
1099 869 1203 905 non
1237 854 1304 904 de
1341 854 1504 905 rebus
1537 853 1692 917 lugu—
1768 853 2011 916 Giyantas
2034 881 2062 890 -
2094 881 2138 901 -.
2182 855 2327 902 Nunc
2359 866 2483 914 opus
2514 858 2584 902 est
2627 854 2807 903 leviore

649 929 835 982 bribus
870 944 1062 981 canere
1097 929 1234 980 licet.
1764 928 1894 989 lyra.

1584 1148 1876 1155 ——--————-..

1366 1338 2088 1396 Excunsus

1602 1507 1847 1557 AnC.1,

719 1641 964 1691 Horatius
1010 1651 1135 1688 cum
1177 1637 1392 1688 Pollioni
1438 1635 1705 1701 permulta
1751 1635 1978 1686 deberet
2011 1636 2122 1701 (cfr.
2163 1638 2265 1687 Sat.
2308 1638 2361 1697 4,
2403 1638 2489 1697 40,
2528 1639 2648 1701 85.),
2687 1651 2812 1687 con-

656 1727 971 1775 sentaneum
995 1724 1126 1781 erat,
1163 1723 1222 1770 ut
1243 1714 1408 1784 lyrico
1433 1722 1593 1770 etiam
1617 1721 1852 1770 carmine
1877 1722 1990 1771 eius
2014 1720 2198 1771 laudes
2223 1721 2570 1786 praedicaret.
2613 1720 2812 1771 Nihilo-

655 1809 830 1858 minus
864 1820 989 1857 cum
1022 1804 1107 1856 ille
1143 1804 1453 1855 iamdudum
1488 1804 1826 1867 refrigeratus
1866 1809 2009 1854 esset
2048 1804 2468 1866 ab,Octaviano,
2521 1805 2664 1856 haud
2697 1806 2814 1855 inti-

656 1905 776 1941 mus
810 1892 864 1941 in
899 1890 1013 1941 eius
1047 1889 1273 1939 amicitia
1306 1888 1517 1938 videtur
1563 1887 1722 1938 fuisse
1757 1891 1941 1952 poeta,
1986 1889 2083 1939 sed
2118 1889 2310 1940 eodem
2345 1889 2454 1940 fere
2490 1902 2685 1952 genere
2721 1903 2816 1938 ne-

657 1974 991 2025 cessitudinis
1013 1985 1168 2033 usus,
1207 1985 1344 2036 quae
1368 1973 1416 2021 ei
1441 1969 1804 2021 intercedebat
1826 1984 1952 2021 cum
1975 1973 2205 2023 Munatio
2230 1971 2440 2034 Planco,
2477 1986 2602 2023 cum
2623 1972 2810 2031 Delli0,

656 2072 782 2108 cum
815 2056 1037 2108 Salustio
1074 2058 1263 2119 Crispo
1298 2056 1528 2114 minore,
1566 2067 1692 2104 cum
1723 2055 1838 2118 ipso
1861 2056 1929 2106 M.
1956 2056 2212 2120 Agrippa,
2250 2056 2443 2119 quibus
2470 2054 2685 2120 singulis
2710 2058 2816 2107 sin-

657 2140 776 2204 gula
811 2141 1084 2191 dumtaxat
1113 2138 1260 2205 μέλη
1293 2139 1574 2203 inscripsit.
1648 2137 1918 2201 (Messalae
1966 2138 2139 2189 obiter
2179 2142 2386 2190 tantum
2429 2142 2670 2191 meminit
2712 2139 2808 2189 Od.

659 2225 721 2285 3,
760 2225 816 2275 24
843 2263 854 2285 ,
892 2225 922 2273 7
958 2237 1078 2287 sqq.
1118 2226 1222 2274 Sat.
1251 2226 1306 2284 4,
1345 2223 1401 2283 6,
1438 2222 1518 2274 42.
1548 2225 1602 2273 et
1637 2224 1724 2283 40,
1761 2223 1842 2273 85.
1878 2225 1939 2272 Α.
1967 2226 2022 2273 P.
2050 2223 2183 2287 374.)
2219 2226 2463 2275 Attamen
2486 2225 2618 2287 grati
2653 2225 2814 2274 animi

657 2308 847 2373 plenus
881 2321 1002 2358 eam
1036 2308 1371 2359 occasionem
1405 2305 1650 2357 Pollionis
1682 2305 1933 2356 laudandi
1968 2307 2157 2368 sumit,
2207 2320 2368 2370 quam
2403 2307 2663 2358 offerebat
2694 2307 2815 2357 bel-

657 2392 829 2442 lorum
881 2391 1109 2442 civilium
1159 2391 1373 2441 historia
1422 2389 1489 2439 ab
1542 2404 1606 2441 eo
1660 2390 1952 2453 composita
2003 2389 2088 2439 vel
2138 2391 2244 2441 iam
2295 2392 2511 2441 recitata
2558 2390 2642 2440 vel
2690 2404 2814 2440 mox

660 2474 886 2527 edenda.
957 2473 1214 2539 Singulari
1256 2477 1436 2526 autem
1481 2476 1593 2525 arte
1641 2489 1857 2525 omnem
1902 2474 2170 2526 Octaviani
2215 2476 2540 2526 mentionem
2587 2475 2811 2534 devitat3

659 2561 833 2611 neutri
867 2561 1010 2611 enim
1044 2563 1189 2624 grata
1223 2573 1311 2610 res
1346 2573 1465 2611 esse
1501 2561 1734 2625 poterat,
1784 2561 1828 2609 si
1863 2558 2217 2623 qualicunque
2252 2560 2411 2610 modo
2446 2561 2498 2609 in
2532 2559 2621 2609 tali
2655 2573 2815 2625 prae-

658 2645 811 2694 conio
846 2657 905 2694 se
941 2645 1247 2695 coniunctos
1280 2645 1552 2695 vidissent.
1624 2644 1889 2707 Scriptum
1923 2644 2132 2693 videtur
2165 2657 2381 2694 carmen
2417 2645 2556 2693 circa
2590 2658 2638 2693 a.
2678 2658 2729 2693 u.
2762 2657 2810 2692 c.

658 2726 935 2780 7242727.
978 2754 1033 2764 --
1073 2729 1130 2778 C.
1167 2729 1376 2779 Asinius
1412 2729 1506 2778 Cn.
1544 2728 1598 2777 F.
1637 2725 1798 2778 Pollio
1833 2730 1988 2802 natus
2024 2741 2071 2776 a.
2111 2727 2224 2777 679.
2263 2728 2413 2777 XXII.
2452 2728 2640 2778 aetatis
2674 2741 2814 2778 anno

659 2812 931 2862 accusavit
963 2814 1022 2862 C.
1050 2812 1331 2871 Catonem,
1380 2811 1485 2860 iam
1526 2809 1840 2861 adolescens
1874 2811 2100 2872 leporum
2129 2812 2356 2861 Diserta-³
2381 2826 2512 2874 puer
2544 2826 2606 2861 ac
2635 2813 2814 2876 faceti-

659 2909 836 2957 amn,
875 2892 1058 2945 Catull.
1090 2895 1181 2955 ⁴2,
1218 2893 1288 2952 8.;
1326 2906 1450 2944 mox
1484 2893 1726 2944 militavit
1757 2893 1857 2944 sub
1887 2896 2114 2946 Caesare
2148 2897 2201 2944 in
2223 2894 2394 2946 Galliis
2430 2898 2484 2946 et
2515 2910 2613 2960 per
2645 2898 2814 2945 totum

660 2977 862 3030 bellum
896 2976 1071 3036 civile3
1110 2990 1158 3026 a.
1196 2977 1308 3027 708.
1346 2980 1563 3041 praetor
1597 2976 1765 3028 factus
1801 2981 1909 3037 est;
1948 2978 2192 3042 deposito
2226 2980 2533 3042 magistratu
2556 2979 2814 3029 adversus

662 3064 881 3112 Sextum
913 3061 1227 3123 Pompeium
1260 3059 1461 3110 bellum
1495 3061 1659 3123 gessit
1691 3064 1743 3110 in
1767 3061 2014 3125 Hispania
2035 3062 2310 3125 ulteriore,
2348 3065 2431 3113 cui
2456 3076 2580 3112 eum
2602 3063 2816 3128 praefe-

662 3147 812 3196 cerat
844 3145 1064 3203 Caesar;
1121 3157 1185 3193 ex
1227 3157 1331 3208 qua
1379 3145 1648 3207 provincia
1682 3147 1804 3208 post
1837 3146 2078 3196 Caesaris
2113 3147 2380 3197 interitum
2415 3150 2523 3196 tres
2558 3147 2624 3196 ad
2661 3148 2816 3198 Cice-

662 3241 851 3279 ronem
895 3228 1039 3278 misit
1079 3226 1327 3290 epistolas
1364 3227 1459 3291 (ad
1503 3229 1645 3279 Fam.
1685 3229 1772 3289 40,
1810 3229 2082 3292 34-33.),
2120 3231 2173 3280 in
2208 3229 2400 3293 quihus
2436 3231 2536 3280 etsi
2570 3243 2729 3281 suum
2761 3232 2814 3281 in

660 3325 832 3376 remp.
870 3311 1103 3361 studium
1137 3309 1500 3375 libertatisque
1536 3311 1903 3363 defendendae
1948 3312 2276 3364 voluntatem
2321 3314 2552 3364 ostendit
2592 3315 2704 3379 (Ep.
2730 3314 2812 3365 34:

660 3399 766 3458 Ita,
819 3397 862 3446 si
894 3397 947 3446 td
979 3396 1177 3459 aqitur,
1228 3400 1285 3445 ut
1326 3410 1506 3446 rursus
1546 3397 1599 3446 in
1626 3402 1869 3458 potestate
1906 3398 2076 3446 omma
2106 3399 2256 3447 unius
2285 3400 2410 3459 sint,
2464 3399 2745 3460 quicunque
2775 3400 2818 3448 is

662 3487 757 3542 est,
795 3481 841 3531 ei
870 3493 950 3530 me
974 3481 1217 3543 profiteor
1246 3479 1563 3546 inimicum),
1601 3484 1779 3531 tamen
1813 3494 1871 3531 re
1906 3493 2033 3531 vera
2068 3480 2254 3531 firmus
2286 3482 2555 3546 proposito
2592 3479 2813 3545 (Ve11.2‚

663 3565 765 3626 63.)
801 3567 857 3613 et
896 3562 1103 3614 Iulianis
1137 3563 1376 3627 partibus
1412 3564 1575 3627 fidus,
1624 3566 1958 3628 Pompeianis
1990 3565 2250 3616 adversus
2285 3564 2381 3615 fuit
2412 3568 2467 3614 et
2497 3577 2685 3615 mense
2721 3567 2818 3616 Se—

662 3647 893 3714 ptembri
929 3660 976 3696 a.
1017 3647 1129 3697 744.
1168 3661 1294 3698 cum
1333 3650 1558 3700 Antonio
1604 3650 1912 3714 Lepidoque
1947 3662 2006 3700 se
2042 3650 2324 3701 coniunxit.
2393 3651 2437 3700 Α
2471 3662 2579 3712 quo
2610 3651 2665 3700 in
2697 3649 2818 3699 Gal-

662 3731 791 3782 liam
837 3730 1155 3796 Cisalpinam
1197 3734 1394 3784 missus
1434 3733 1573 3783 hanc
1619 3734 1670 3784 in
1717 3735 1830 3784 eius
1875 3734 1980 3784 fide
2027 3735 2281 3785 continuit
2312 3732 2381 3783 ad
2414 3747 2613 3784 annum
2647 3746 2817 3797 usque

662 3814 800 3875 744„
837 3828 943 3879 quo
989 3815 1171 3866 consul
1214 3819 1426 3867 creatus
1461 3820 1559 3868 est.
1632 3817 1834 3868 Deinde
1869 3831 1898 3867 a
1935 3819 2000 3870 M.
2038 3819 2262 3870 Antonio
2302 3820 2486 3867 contra
2521 3818 2816 3876 ParthinoS,

662 3898 856 3963 lllyrici
888 3899 1143 3964 populum
1189 3902 1330 3952 circa
1364 3902 1781 3963 Dyrrhachium,
1831 3903 2053 3963 missuS,
2100 3917 2148 3952 a.
2187 3904 2298 3952 745.
2337 3901 2446 3952 Kal.
2484 3905 2614 3952 Nov,
2654 3902 2722 3952 de
2757 3902 2819 3951 iis

664 3984 993 4048 triumphum
1035 3985 1141 4048 egit
1176 3987 1298 4048 (Dio
1341 3984 1430 4046 48,
1476 3985 1557 4036 44.
1594 3985 1735 4049 Virg.
1774 3984 1880 4036 Ecl.
1918 3986 1995 4049 8.)
2036 3989 2194 4050 atque
2237 4000 2267 4037 e
2309 3986 2574 4036 manubiis
2614 3986 2820 4052 primus

662 4067 1043 4120 bibliothecam
1076 4069 1344 4134 publicam
1379 4071 1576 4120 Romae
1613 4070 1822 4121 dicavit.
1862 4069 2005 4134 (Plin.
2032 4071 2089 4131 7,
2127 4071 2174 4121 3.
2210 4074 2265 4120 et
2293 4070 2383 4130 35,
2420 4071 2818 4135 2.)1nsequenti

666 4155 908 4218 tempore
943 4152 1010 4204 ab
1045 4154 1345 4215 Octaviano,
1383 4155 1444 4203 ut
1464 4167 1652 4205 secum
1676 4156 1856 4205 contra
1881 4155 2163 4205 Antonium
2188 4157 2238 4205 in
2261 4153 2520 4220 proelium
2545 4156 2818 4205 Actiacum

663 4236 1117 4302 proficisceretur,
1164 4240 1404 4302 rogatus,
1454 4239 1676 4298 «Mea»,
1721 4239 1914 4302 inquit,
1957 4240 2044 4288 «in
2081 4241 2362 4290 Antonium
2396 4240 2594 4290 maiora
2631 4239 2816 4290 merita
