3234 4975
628 355 753 420 378

1392 360 1649 410 HORATn
1688 362 2032 445 CARfflNUMN

1056 517 1411 601 Portasque
1462 536 1589 581 non
1633 514 1889 582 clausas
1933 527 1998 583 et
2040 538 2195 583 arva

1136 638 1335 702 Marte
1379 635 1503 703 coli
1551 636 1854 723 populata
1900 649 2141 705 nostro.

962 817 1133 878 Auro
1178 833 1496 900 repensus
1540 812 1784 879 scilicet
1842 815 2053 880 acrior

962 932 1141 1000 Miles
1184 933 1437 1000 redibit.
1482 971 1568 984 -
1610 932 1876 1020 Flagitio
1920 934 2156 1000 additis

1046 1056 1400 1121 Damnum:
1451 1075 1666 1143 neque
1709 1055 1986 1121 amissos
2034 1054 2287 1123 colores

1132 1177 1304 1241 Lana
1348 1175 1543 1243 refert
1584 1176 1901 1242 medioata
1949 1177 2125 1253 succ,

960 1354 1094 1417 Nec
1138 1371 1292 1417 vera
1334 1352 1569 1428 virtuS‚
1617 1372 1767 1418 cum
1811 1353 2013 1420 semel
2066 1353 2334 1429 excidit,

962 1475 1157 1540 Curat
1197 1474 1425 1560 reponi
1471 1473 1923 1541 deterioribus.

2713 1478 2794 1543 30

754 1699 834 1749 23.
872 1700 1036 1749 οἱιιεαε
1067 1700 1134 1757 S,
1172 1697 1301 1748 Cod.
1340 1697 1521 1748 Bland.
1564 1724 1620 1733 —
1678 1699 1760 1748 25.
1802 1710 2038 1760 repensus
2080 1712 2349 1764 superscr.
2389 1699 2503 1751 «vel
2535 1703 2730 1752 redem-

684 1779 829 1837 ptus»
866 1774 919 1823 d.
962 1800 1018 1809 —·
1055 1774 1138 1822 27.
1176 1786 1265 1822 noc
1297 1773 1352 1821 Τ.
1394 1773 1588 1833 (Ceteri
1624 1774 1730 1822 mei
1761 1774 1963 1837 noque.)
2001 1801 2055 1809 —
2091 1774 2174 1823 29.
2212 1775 2452 1825 occidui·
2475 1775 2639 1825 solus.

622 1987 722 2038 Od.
750 1986 810 2047 4,
838 1987 928 2046 ⁴5,
956 1986 1003 2035 7.
1034 1985 1668 2069 -ΒοιονεαῙΕρρ.2,4,

626 2062 747 2111 494;
798 2024 930 2111 ’Μαι
973 2060 1193 2108 εναὴὶιυν
1223 2059 1456 2109 manibus
1494 2047 1674 2124 regrum

623 2136 837 2198 fortuna
866 2134 1080 2184 retortis.
1120 2133 1268 2184 Ovid.
1295 2135 1412 2184 Am.
1442 2136 1489 2195 4,
1514 2136 1566 2196 2,
1587 2135 1669 2185 34.

624 2210 677 2259 in
732 2211 942 2260 Amoris
991 2209 1284 2272 triumpho.
1357 2173 1499 2260 Men-’5
1543 2211 1675 2261 bona

624 2286 836 2334 ducetur
866 2283 1096 2333 manibus
1123 2289 1236 2345 post
1266 2288 1411 2347 terga
1450 2286 1670 2336 retortis.

686 2358 768 2408 23.
800 2356 883 2408 24.
918 2357 1206 2421 Pon-casque]
1230 2359 1581 2421 Karthaginis.
1611 2385 1669 2395 —

620 2446 723 2482 non
754 2433 978 2498 clamas]
1034 2431 1087 2481 id
1127 2432 1273 2496 quod
1312 2434 1541 2483 maxime
1581 2445 1673 2483 se-

622 2508 861 2558 curitatis
896 2509 1103 2572 signum
1139 2510 1270 2558 erat.
1349 2511 1409 2558 Α.
1447 2511 1500 2558 P.
1537 2510 1668 2559 499ε

624 2582 813 2644 apertis
833 2583 937 2632 otia
954 2585 1133 2645 portis.
1159 2609 1215 2619 —
1234 2585 1401 2634 Marte
1418 2583 1542 2647 cet.]
1571 2582 1671 2633 «ab

621 2657 861 2706 exercitu
892 2659 1075 2707 nostro
1106 2657 1382 2707 devastata
1415 2656 1517 2707 coli
1550 2670 1674 2707 rur-

621 2742 713 2779 sus
749 2743 779 2778 a
814 2732 1057 2781 Poenis.»
1096 2729 1245 2781 Falsa
1269 2731 1412 2781 enim
1438 2734 1524 2782 est
1544 2733 1675 2782 Vos-

621 2804 686 2852 sii
722 2802 920 2867 duplex
962 2806 1238 2854 iunctura:
1303 2819 1460 2854 «arva
1505 2807 1672 2855 Marte

622 2882 805 2928 nostro
829 2876 1079 2942 populata
1104 2877 1204 2928 coli
1228 2881 1395 2930 Marte
1421 2883 1670 2937 nostrop-

622 2951 722 3014 (ich
753 2953 848 3002 sah
878 2977 907 2989 -
941 2978 971 2989 -
1012 2953 1129 3001 Fold
1158 2967 1259 3002 von
1291 2966 1493 3002 unserm
1523 2953 1674 3001 Krio-

624 3039 717 3090 aer
748 3026 953 3090 qemun,
1006 3027 1098 3075 das
1133 3040 1191 3076 or
1216 3029 1396 3090 ,sanast
1430 3027 1646 3075 ver-odet.
1649 3026 1671 3090 )

622 3102 813 3164 captivi
860 3102 1000 3150 enim
1048 3102 1156 3150 iam
1189 3102 1335 3151 Mars
1366 3105 1533 3150 noster
1572 3114 1672 3150 vo-

624 3175 734 3223 cari
783 3173 925 3224 nullo
970 3177 1127 3238 pacto
1174 3177 1454 3238 poterant3
1514 3176 1569 3225 et
1602 3187 1670 3225 ne

622 3250 868 3298 Lucanus
917 3248 1139 3311 quidem
1186 3247 1270 3299 vel
1322 3251 1517 3300 Statius
1566 3251 1671 3301 hoc

619 3320 721 3372 sibi
758 3320 1077 3373 indulsisset.
1118 3324 1220 3384 (Sic
1244 3324 1497 3385 populare
1526 3325 1665 3388 Virg.

618 3397 712 3445 Ge
741 3397 797 3457 4
838 3396 948 3445 ⁴85.
1009 3397 1141 3447 Aen.
1182 3398 1236 3458 4,
1274 3398 1408 3461 527.)

681 3470 766 3519 27.
819 3470 900 3519 28.
954 3471 1236 3536 Damnum]
1292 3472 1498 3522 Rhesus
1533 3473 1666 3521 402ε

619 3539 875 3615 Αισχρὸν
924 3541 1036 3633 γὰρ
1078 3540 1221 3612 ἡμῖν
1267 3547 1367 3597 καὶ
1401 3542 1544 3617 πρὸς
1576 3546 1669 3595 αἰ-

617 3616 807 3705 oxii-vy
830 3616 1030 3669 κακόν.
1090 3623 1203 3671 Non
1239 3621 1307 3671 de
1341 3622 1538 3671 iactura
1569 3634 1672 3684 pe-

618 3695 832 3756 cuniae,
888 3707 1052 3757 quam
1087 3697 1451 3760 consumpturi
1487 3697 1671 3746 essent

620 3769 671 3817 in
694 3771 1043 3831 rependendis,
1081 3768 1132 3817 id
1165 3772 1275 3830 est,
1320 3769 1666 3830 redimendiS,

619 3843 840 3906 captivis
862 3843 1123 3908 loquitur,
1159 3844 1285 3894 sed:
1329 3843 1513 3906 «longe
1551 3857 1671 3893 ma-

619 3919 728 3977 ius,
766 3919 961 3981 inquit,
999 3918 1258 3968 damnum
1292 3918 1482 3981 partim
1515 3919 1672 3967 inerit

615 3993 666 4040 in
710 3994 849 4056 turpi
881 3991 1130 4056 exemplo
1164 3992 1230 4041 ad
1262 3993 1507 4055 posteros
1540 4004 1670 4054 pro-

617 4065 751 4126 dito,
789 4067 983 4130 partim
1020 4068 1072 4117 in
1110 4080 1194 4127 ee,
1222 4065 1370 4129 quod
1404 4065 1668 4130 redempti

616 4142 699 4190 isti
724 4140 941 4205 reliquis
964 4140 1218 4192 militibus
1252 4140 1524 4205 permixti,
1563 4141 1668 4189 iam

616 4217 916 4279 ignaviores
939 4228 1103 4279 quam
1127 4217 1308 4274 antea,
1350 4215 1562 4266 foedam
1588 4214 1668 4264 iu-

1729 2358 1883 2419 ‚iecta
1898 2396 1911 2420 ‚

1746 1998 1867 2049 gam
1905 1987 2178 2050 capientes
2211 1986 2294 2037 vel
2329 1988 2525 2038 iterum
2558 2002 2680 2039 sese
2703 1988 2795 2038 de-

1746 2060 1937 2111 dentes
1972 2060 2179 2113 cladem
2214 2062 2440 2113 afferent
2471 2061 2667 2125 populo
2695 2064 2795 2113 Ro-

1747 2147 1959 2185 mano.»
2001 2162 2055 2172 —
2099 2150 2258 2198 noque
2285 2136 2515 2200 amissos]
2561 2139 2653 2188 «Ut
2683 2138 2794 2200 pri-

1747 2223 1896 2261 mum
1929 2209 2164 2262 colorem
2194 2210 2488 2262 naturalem
2520 2223 2793 2274 nunquam

1746 2286 1936 2349 recipit
1983 2284 2102 2335 lana
2150 2284 2319 2336 semel
2363 2283 2464 2335 alio
2499 2284 2676 2335 colore
2709 2285 2794 2334 in-

1963 2361 2033 2409 ita
2068 2361 2206 2408 cet.»
2276 2356 2486 2417 Quintil.
2529 2359 2583 2415 4,
2629 2359 2688 2417 4,
2723 2360 2791 2407 5:

1746 2435 1848 2483 Noc
1869 2434 2107 2483 lanam
2127 2433 2337 2492 colores,
2374 2431 2551 2494 quibam
2577 2432 2791 2494 simplat.-

1745 2508 1827 2558 ille
1845 2508 2037 2557 candor
2054 2512 2276 2556 mutatus
2309 2512 2402 2568 est,
2440 2508 2540 2557 elui
2561 2512 2787 2569 possunt.

1749 2608 1806 2617 —
1840 2580 2104 2645 mdicata]
2140 2580 2208 2630 de
2233 2579 2533 2642 coloribus,
2571 2583 2630 2631 ut
2651 2595 2796 2650 φαρ-

1743 2650 2017 2720 μάσσειν,
2046 2654 2333 2705 «imbutam
2370 2655 2559 2705 Cicero
2583 2656 2636 2705 in
2659 2656 2795 2705 Hor-

1746 2730 1917 2780 tensio
1969 2730 2051 2780 Fr.
2103 2731 2151 2779 8.
2189 2742 2241 2792 p.
2281 2728 2393 2779 479.
2449 2742 2604 2779 meae
2655 2728 2789 2779 Ed.:

1750 2805 1809 2853 Ut
1841 2805 1912 2864 ii,
1940 2805 2025 2865 qui
2057 2803 2264 2853 omnbibi
2289 2816 2582 2864 purpuram
2600 2803 2790 2863 volum,

1744 2879 1995 2942 sufficiunt
2029 2878 2178 2939 prius
2221 2878 2396 2927 lanam
2425 2877 2795 2927 medicamentis

1737 2952 2040 3013 qmbusdam
2086 2955 2188 3002 cet.
2272 2952 2421 3002 ovid.
2468 2953 2618 3002 Rem.
2667 2952 2786 3000 Am.

1745 3025 2225 3086 707:Amvc1aots
2287 3026 2590 3076 maionem
2640 3025 2795 3074 vellus

1743 3099 1929 3149 ahenis.
1983 3098 2160 3162 virgil.
2197 3101 2289 3150 Ge.
2320 3102 2378 3159 4,
2417 3099 2542 3149 493;
2590 3100 2795 3149 Sannina

1740 3175 1845 3224 vidi
1876 3174 2102 3235 equidem
2130 3174 2313 3224 multos
2342 3174 2593 3224 medicare
2622 3187 2794 3224 seron-

1743 3254 1836 3310 tes,
1893 3249 1959 3298 Ει
2004 3249 2139 3298 nitro
2181 3249 2329 3310 prim
2375 3253 2422 3298 ot
2469 3249 2625 3311 niara
2667 3260 2793 3309 per-

1740 3323 1949 3386 fimdere
1982 3336 2216 3386 amurqa.
2272 3346 2327 3358 —
2370 3322 2509 3385 fisco]
2557 3319 2687 3371 Plin.
2727 3321 2788 3371 H.

1743 3400 1805 3448 N.
1842 3398 1926 3458 26,
1963 3397 2043 3446 40.
2089 3398 2261 3447 Fucus
2300 3396 2569 3454 marinus,
2623 3394 2794 3445 lactu-

1745 3485 1841 3523 cae
1888 3470 2099 3532 similis,
2145 3468 2435 3533 conchyliis
2479 3468 2794 3519 substerne·

1744 3545 1928 3605 batur,
1984 3545 2035 3594 id
2083 3547 2194 3605 est,
2248 3543 2366 3594 lana
2413 3542 2615 3594 herbae
2658 3540 2792 3591 illius

1743 3633 1875 3670 suco
1908 3620 2057 3682 prius
2100 3618 2469 3678 imbuebatur,
2507 3629 2616 3679 quo
2663 3614 2793 3666 faci-

1742 3692 1843 3743 lius
1888 3706 2159 3759 purpurae
2205 3691 2442 3743 colorem
2487 3688 2787 3740 imbiberet.

1743 3769 1876 3818 Tum
1922 3770 2213 3831 usurpatur
2254 3779 2353 3830 pro
2399 3764 2589 3827 quovis
2640 3774 2790 3816 suco.

1743 3842 1834 3904 qui
1896 3843 2149 3906 tingendo
2203 3840 2453 3898 inservit,
2513 3840 2563 3887 in
2609 3836 2794 3901 primis

1742 3931 1841 3981 pro
1891 3929 2145 3981 purpura.
2227 3917 2302 3964 ita
2351 3912 2576 3975 conchyli
2623 3913 2795 3976 summ»

1744 3992 1874 4043 dixit
1907 3990 2142 4043 Catullus
2175 3989 2268 4049 64,
2305 3988 2386 4040 49.

1807 4067 1890 4116 29.
1926 4066 2007 4115 30.
2057 4066 2160 4115 Noc
2191 4063 2333 4128 vora]
2379 4063 2612 4124 «Virtus,
2654 4073 2792 4124 quae

1745 4139 1963 4203 quidem
2008 4152 2136 4189 vere
2182 4137 2288 4188 hoc
2337 4151 2536 4188 nomen
2582 4146 2794 4186 merea-

1746 4216 1864 4272 tur,
1903 4226 2009 4263 non
2032 4213 2211 4277 potest
2235 4212 2438 4275 reponi,
2465 4210 2669 4261 restitui
2694 4210 2790 4266 eis,
