3234 4975
613 373 771 439 ’216

1413 379 1669 428 HORATn
1708 379 2042 432 CARmNUM

1070 515 1200 579 Iam
1245 513 1451 601 fulgor
1494 537 1821 583 armorum
1866 518 2126 604 fugaces

1154 637 1375 702 Terret
1424 658 1631 725 equos
1677 639 2095 726 equitumque
2139 638 2367 704 voltus.

978 793 1218 860 Audire
1264 816 1529 883 magnos
1575 796 1702 861 iam
1747 795 1972 863 videor
2013 796 2215 863 duces

773 965 850 1014 49.
887 964 1088 1027 limacis
1119 965 1249 1014 BTc.
1294 990 1348 1000 —
1386 965 1467 1014 20.
1496 965 1823 1029 Scripturam
1857 967 2016 1016 voltus
2049 967 2265 1017 exhibet
2298 969 2400 1017 hoc
2434 968 2553 1019 loco
2589 984 2635 1019 c.
2676 999 2727 1006 —

706 1042 787 1089 2⁴.
831 1040 1003 1090 Videre
1046 1039 1212 1091 Bentl.
1253 1041 1412 1100 coni,
1450 1041 1501 1091 in
1548 1053 1710 1104 quam
1759 1041 2015 1091 inciderat
2054 1043 2158 1092 iam
2192 1042 2481 1094 Beroaldus
2516 1044 2584 1094 ad
2619 1046 2726 1095 Cic.

704 1115 857 1165 Tusc.
895 1116 954 1177 5,
991 1115 1073 1165 39.

636 1254 823 1303 stridor
867 1256 1048 1305 lituum
1094 1256 1398 1320 clangorque
1447 1256 1681 1306 tubat-tem

636 1328 749 1378 Non
774 1330 869 1390 pia
889 1331 1139 1380 concinuit
1158 1344 1271 1380 cum
1287 1344 1449 1399 ⁴rtmco
1470 1331 1679 1380 classica

636 1415 810 1452 cornu.
849 1405 972 1454 Tac.
1007 1408 1141 1454 Ann.
1170 1407 1225 1466 4,
1263 1406 1355 1456 68:
1392 1418 1680 1466 cornuaque

637 1489 700 1526 ac
733 1477 879 1527 tubae
911 1480 1219 1529 concinuere.

702 1552 781 1601 49.
828 1553 1012 1617 fulgor]
1064 1552 1271 1613 Quintil.
1322 1554 1414 1612 40,
1468 1555 1527 1614 4,
1580 1554 1674 1604 30:

636 1626 800 1687 qualis
848 1632 918 1676 est
963 1628 1089 1690 fem-i
1140 1628 1339 1691 fulgor,
1398 1642 1495 1689 quo
1541 1642 1679 1678 mens

632 1701 781 1751 simtu
817 1701 1051 1763 visusque
1084 1702 1491 1765 praestrinqitur.
1550 1704 1673 1753 Tac.

636 1777 813 1826 Germ.
840 1775 931 1827 43:
963 1777 1120 1838 primi
1152 1778 1207 1825 in
1227 1777 1451 1826 omnibus
1473 1779 1680 1839 proeliis

633 1851 764 1900 acioli
794 1851 1079 1899 vincuntur.
1146 1852 1337 1914 Fulmen·
1360 1851 1506 1914 (Cod.
1534 1852 1678 1903 d'Ost

631 1923 767 1985 vill.,
837 1925 1149 1986 Ascensius,
1219 1926 1540 1990 Oudendorp
1605 1928 1675 1978 ad

634 2000 865 2049 Frontin.
892 2000 923 2049 2
941 2037 953 2060 ,
979 2000 1035 2058 3,
1065 1999 1145 2050 34.
1184 2000 1491 2063 Wakefield)
1517 2003 1674 2053 nimis

632 2073 896 2124 tumidum
931 2077 1015 2124 est
1045 2088 1144 2139 pro
1179 2077 1328 2125 casto
1364 2077 1556 2126 Horatii
1580 2090 1676 2140 ge—

634 2162 764 2199 nere
807 2148 1034 2198 dicendi.
1087 2175 1141 2184 —
1180 2149 1398 2213 fuyaces]
1433 2152 1674 2215 Porphy-

632 2224 742 2273 rio:
800 2225 937 2272 «Pro
970 2222 1245 2273 velocibus
1279 2225 1485 2288 accipe;
1535 2228 1589 2274 et
1620 2227 1674 2277 in

631 2310 879 2349 sermone
914 2297 1181 2361 hodieque
1211 2300 1387 2363 sugam
1415 2314 1510 2364 pro
1533 2301 1678 2351 velo-

632 2374 790 2423 citate
836 2373 1091 2433 dicimus,
1143 2387 1266 2423 cum
1309 2374 1376 2424 de
1411 2376 1562 2437 equis
1593 2375 1676 2425 lo—

632 2449 896 2512 quimur.»
971 2450 1189 2512 Accepit
1223 2461 1348 2512 ergo
1385 2449 1574 2501 eadem
1608 2451 1677 2502 si-

630 2523 991 2587 gnificatione,
1046 2536 1152 2587 qua
1198 2538 1295 2575 nos
1330 2506 1490 2589 saepe
1525 2527 1674 2576 adie-

631 2599 771 2649 ctivo
801 2600 1007 2662 fluentia
1038 2601 1263 2658 utimur;
1309 2600 1406 2650 sed
1450 2604 1504 2650 et
1548 2614 1676 2652 sen-

629 2674 792 2723 tentia
858 2674 973 2737 ipsa
1041 2676 1115 2740 etx
1172 2675 1369 2725 Horatii
1444 2689 1675 2726 consue-

626 2747 758 2798 tudo
811 2748 913 2798 hoc
970 2748 1248 2798 admittere
1294 2763 1399 2799 non
1443 2750 1669 2802 videtur.

628 2822 791 2873 Aliter
824 2835 912 2873 res
946 2836 1005 2873 se
1041 2822 1203 2872 habet
1223 2823 1363 2886 apud
1388 2826 1668 2875 Senecam.

629 2898 923 2948 Gronovius
957 2897 1025 2947 ad
1066 2898 1279 2960 Thyest.
1319 2899 1444 2948 629:
1500 2901 1674 2962 «Fuga

628 2972 754 3021 huic
802 2972 1045 3035 scriptori
1096 2974 1316 3034 quaevis
1361 2971 1516 3022 velox
1562 2975 1667 3024 itio.

628 3046 803 3097 Habet
819 3043 1139 3109 compluries
1159 3047 1209 3094 in
1223 3048 1402 3096 Natur.
1420 3048 1668 3106 Quaest.»

629 3122 789 3171 Recte
824 3133 953 3170 vero
988 3119 1041 3168 h.
1077 3118 1111 3169 1.
1146 3118 1376 3183 explices
1408 3135 1507 3185 per
1544 3136 1672 3186 pro-

627 3195 797 3259 lepsin
847 3195 1137 3259 poeticam:
1194 3208 1318 3254 «eo,
1373 3196 1517 3258 quod
1562 3200 1673 3248 ter-

627 3273 833 3329 rentur,
870 3268 1047 3331 fugam
1081 3281 1205 3317 mox
1240 3271 1543 3332 capturos»

691 3345 774 3393 24.
810 3341 1010 3405 Audire]
1045 3342 1237 3405 partim
1281 3346 1667 3407 contionantes,

626 3422 688 3469 ut
721 3420 844 3468 ante
877 3429 1113 3481 pugnam
1136 3417 1492 3471 Pharsalicam
1518 3423 1674 3472 Pom-

626 3494 824 3559 peium,
838 3491 1147 3551 Labienum,
1160 3493 1463 3554 Caesarem.
1476 3499 1670 3560 partim

624 3568 679 3617 in
704 3568 829 3630 ipsis
852 3564 1067 3629 proeliis
1099 3565 1289 3618 milites
1319 3582 1448 3620 suos
1470 3571 1535 3621 ad
1561 3571 1671 3623 for-

626 3643 749 3692 titer
786 3640 1132 3704 pugnandum
1175 3643 1528 3695 exhortantes.
1588 3646 1673 3697 Al-

625 3719 740 3767 tera
776 3718 859 3764 est
892 3714 1167 3779 explicatio
1202 3721 1517 3771 sententiam
1551 3735 1669 3776 ma-

625 3803 860 3854 gnopere
896 3793 1212 3842 extenuans:
1266 3794 1497 3845 «Audire
1540 3797 1667 3845 mihi

624 3863 811 3913 videor
844 3866 895 3914 te
931 3864 998 3914 de
1034 3867 1239 3929 magnis
1274 3867 1503 3920 ducibus
1526 3871 1667 3920 reci-

625 3940 876 3988 tantem.»
935 3967 988 3977 ——
1043 3941 1264 3992 Omnino
1309 3943 1490 3994 autem
1530 3944 1667 3993 haec

625 4014 801 4063 omnia
849 4015 1128 4080 (strepitus
1172 4015 1450 4078 lituorum,
1500 4017 1669 4080 fulgor

623 4101 924 4150 armorum,
991 4091 1187 4142 ducum
1252 4092 1490 4143 militaris
1554 4092 1668 4143 elo-

624 4165 854 4226 quentia)
892 4179 1014 4218 curn
1062 4181 1127 4216 ex
1162 4166 1405 4217 Pollionis
1447 4166 1665 4217 historia

623 4237 759 4289 lecta
804 4240 871 4290 ad
920 4242 1111 4293 Horatii
1159 4243 1396 4292 mentem
1434 4253 1667 4303 perven-

1753 1258 1869 1306 tura
1912 1270 2140 1320 eamque
2184 1258 2534 1309 vehementer
2567 1273 2794 1323 percus-

1751 1343 1877 1379 sura
1910 1331 2040 1392 sint,
2092 1333 2391 1382 rectissime
2431 1346 2532 1397 per
2572 1346 2793 1396 zeugma

1752 1417 1858 1454 uno
1900 1406 2135 1454 audiendi
2176 1405 2345 1456 verbo
2379 1408 2557 1456 utitur.
2629 1408 2794 1457 Huius

1750 1481 1930 1529 autem
1977 1479 2176 1542 figurae
2223 1482 2468 1540 Graecis,
2516 1482 2789 1541 Romanis,

1751 1551 1890 1603 Italis
1939 1555 2107 1616 magis
2157 1567 2319 1616 quam
2375 1554 2796 1619 septentrionali-

1750 1627 1853 1678 bus
1895 1626 2104 1692 populis
2150 1629 2373 1678 usitatae
2423 1642 2549 1680 osor
2592 1622 2791 1694 u'hique

1751 1701 1861 1752 sere
1909 1702 2105 1753 exstitit
2147 1702 2444 1761 Bentleius‚
2496 1708 2555 1754 ut
2601 1705 2695 1755 Od.
2732 1706 2788 1765 3,

1751 1778 1838 1835 40,
1908 1779 1955 1827 5.
2056 1776 2279 1827 Illustria
2357 1781 2483 1828 sunt
2548 1779 2791 1845 exempla

1748 1850 1994 1913 Aeschyl.
2050 1852 2101 1900 S.
2149 1864 2194 1902 c.
2254 1852 2347 1901 Th.
2389 1854 2509 1903 ⁴03:
2573 1850 2792 1905 κτύπον

1747 1922 2002 1995 δέδορκα.
2030 1922 2368 1988 Pind.·Pyth.
2408 1926 2456 1987 4,
2497 1928 2616 1979 ⁴04:
2656 1923 2792 1980 οὔτε

1746 1993 1915 2070 ἔργον
1950 1993 2079 2050 Οῧτ’
2111 1993 2469 2062 ἔπος-εἰπών.
2508 2003 2677 2052 Dante
2701 2006 2790 2054 ln—

1748 2076 1897 2125 ferno
1920 2074 2009 2133 33,
2048 2073 2104 2121 9:
2138 2074 2352 2123 Par-lare
2382 2088 2409 2122 e
2442 2076 2693 2138 lacrimat·
2717 2080 2788 2127 mi

1744 2147 1913 2198 vedra'
1977 2150 2193 2197 insieme.
2288 2148 2399 2209 (Ad
2471 2151 2789 2202 sententiam

1748 2225 1922 2288 ipsam
1968 2222 2063 2273 cfr.
2112 2222 2240 2273 Plin.
2292 2225 2482 2286 Paneg.
2530 2226 2642 2285 47.,
2697 2224 2791 2275 uhi

1748 2299 1956 2349 Traiani
2000 2297 2322 2361 triumphum
2365 2298 2466 2348 sibi
2500 2302 2624 2349 ante
2658 2314 2791 2350 ocu-

1746 2372 1826 2423 los
1875 2374 2079 2425 versari
2121 2372 2295 2435 fingit:
2356 2374 2531 2423 Videor
2569 2375 2792 2437 ingentia

1748 2448 1928 2498 ducum
1971 2447 2178 2498 nomina
2217 2460 2307 2496 nec
2348 2448 2583 2497 indecora
2625 2449 2790 2499 nomi·-

1747 2523 1889 2572 nibus
1918 2536 2137 2584 corpora
2167 2523 2428 2571 noscitare.
2505 2524 2680 2573 Videor
2706 2525 2790 2573 in-

1747 2599 1878 2647 tueri
1925 2598 2223 2647 inmanibus
2271 2598 2408 2645 ausis
2457 2596 2790 2648 barbarorum

1747 2677 1927 2722 onusta
1957 2673 2150 2736 ferenda
2184 2671 2306 2732 cet.)

1812 2749 1892 2797 22.
1940 2747 2177 2809 sordidos]
2221 2744 2348 2796 Plin.
2393 2746 2452 2795 H.
2494 2747 2553 2796 N.
2600 2747 2656 2808 7,
2702 2747 2783 2796 29.

1747 2822 1814 2871 de
1849 2821 2146 2872 Alexandro
2171 2823 2266 2870 M.:
2304 2820 2530 2870 taedebat
2550 2821 2788 2884 unquenti

1746 2896 2028 2946 bellatorem
2060 2901 2105 2945 et
2125 2895 2306 2945 nuilitia
2327 2896 2596 2945 sordidam.
2655 2897 2787 2946 Sunt

1746 2971 1901 3033 igitur
1934 2971 2137 3032 aspersi
2173 2968 2392 3033 pulvere
2429 2969 2607 3019 medio
2630 2971 2683 3019 in
2707 2972 2788 3018 tu-

1747 3043 1913 3094 multu
1951 3045 2191 3104 excitato,
2229 3046 2316 3106 qui
2346 3043 2518 3108 pulvis
2542 3045 2653 3108 ipse
2679 3044 2787 3095 illo-

1746 3132 1866 3170 rum
1912 3118 2271 3168 fortitudinem
2313 3121 2473 3181 atque
2508 3119 2786 3169 audaciam

1745 3194 2093 3244 demonstrat.
2163 3195 2356 3244 Marius
2379 3193 2519 3258 apud
2544 3193 2646 3243 Sal.
2673 3196 2780 3256 lug.

1745 3271 1835 3318 85:
1872 3271 2126 3330 sudorem,
2155 3269 2412 3330 pulverem
2443 3274 2488 3318 et
2522 3269 2628 3318 alia
2661 3270 2787 3326 talia

1743 3345 1882 3394 nobis
1913 3344 2196 3406 relinquunt
2230 3343 2453 3394 nobiles».
2527 3341 2696 3393 Flacc.
2724 3344 2779 3403 4,

1747 3419 1834 3468 43;
1890 3419 2088 3480 Solymo
2120 3419 2402 3481 niqrantem
2427 3419 2634 3479 pulvere
2669 3419 2785 3481 sra-

1742 3498 1882 3543 lrem.
1929 3492 2145 3544 Martial.
2181 3493 2240 3551 8,
2288 3495 2377 3553 65,
2415 3493 2472 3541 3:
2525 3494 2617 3542 Hic
2658 3493 2788 3541 stetit

1741 3569 1909 3618 Arctoi
1940 3570 2185 3632 formosus
2214 3568 2419 3629 pulvere
2445 3567 2780 3616 belli—Caesar.

1744 3645 1936 3693 Statius
1986 3642 2151 3693 Theb.
2207 3643 2264 3702 9,
2327 3643 2451 3691 740:
2513 3643 2785 3692 Bellantem

1742 3724 1892 3781 atque
1923 3719 2028 3780 ipso
2062 3720 2240 3767 sudore
2261 3722 2306 3766 et
2333 3718 2538 3778 pulvere
2558 3722 2781 3780 matun,

1743 3792 1884 3843 unde
1929 3793 2077 3842 fluxit
2113 3794 2210 3841 ΗΡ.
2248 3793 2601 3854 ingratissima
2642 3790 2778 3840 coni.

1742 3867 1938 3916 Sudare
1969 3880 2178 3930 magnos
2209 3866 2315 3915 iam
2345 3867 2486 3914 video
2520 3866 2680 3914 duces.

1808 3941 1888 3991 23.
1947 3940 2168 4004 subacta]
2220 3955 2250 3988 a
2303 3941 2550 3990 Caesare.
2597 3937 2778 3988 Vellei.

1742 4016 1798 4076 2,
1836 4017 1928 4066 56:
1967 4017 2153 4066 Caesar
2174 4017 2394 4065 omnium
2413 4016 2573 4064 victor
2595 4026 2784 4075 reo-res·

1740 4104 1824 4140 sus
1856 4091 1908 4139 in
1939 4090 2112 4140 wbcm
2133 4117 2161 4126 ·
2183 4117 2210 4125 -
2234 4090 2449 4151 quinque
2481 4090 2578 4152 ogit
2607 4088 2784 4136 Μαιη-

1735 4166 1887 4227 phos,
1925 4165 2197 4224 Gallicum,
2241 4165 2521 4224 Ponticum,
2556 4163 2781 4212 Ale-can—

1741 4240 1965 4299 cirinum,
2001 4239 2249 4301 Africani,
2284 4239 2671 4301 Hispaniensem.
