3234 4975
684 399 722 460 2
1454 401 1710 452 HORATII
1747 404 2082 456 CARMINUM

937 557 1095 622 Sunt
1138 577 1302 643 quos
1348 556 1667 624 curriculo
1711 556 2045 644 pulverem
2090 559 2500 647 Olympicum

933 675 1282 764 collegisse
1328 678 1500 743 iuvat
1542 687 1844 765 metaque
1889 678 2151 744 fervidis

1013 798 1252 862 Evitata
1295 797 1450 864 rotis
1492 796 1839 884 palmaque
1887 797 2118 864 nobilis
2802 805 2840 865 ὃ

807 967 854 1017 3.
894 968 1174 1029 Olympium
1209 969 1259 1018 F.
1302 969 1416 1030 (Sex
1453 969 1559 1016 mei
1594 967 1762 1018 Codd.
1803 968 2142 1030 Olympicum,
2182 973 2236 1019 et
2270 971 2345 1020 sic
2381 984 2597 1034 semper
2634 973 2774 1020 Troi-

746 1057 832 1092 cus
865 1043 985 1102 cet.)
1028 1070 1080 1077 —
1120 1041 1166 1091 4.
1203 1048 1462 1103 moetaque
1494 1042 1548 1092 T.
1594 1070 1647 1077 —
1687 1045 1734 1093 5.
1774 1049 1820 1093 el
1849 1046 2011 1094 vitata
2043 1047 2100 1095 B.

675 1200 742 1250 de
778 1198 992 1250 coloniis
1016 1200 1363 1250 Phoenicum:
1395 1214 1525 1262 pars
1557 1203 1718 1265 orial-

672 1275 815 1324 nibus
830 1274 1210 1335 mispraesidiO,
1231 1275 1365 1323 aliae
1381 1276 1547 1324 decem·
1556 1275 1713 1337 fuere.

672 1347 919 1398 Similiter
952 1348 1080 1410 Epp.
1124 1349 1170 1407 4,
1200 1349 1247 1407 4,
1282 1349 1402 1397 403;
1438 1362 1612 1398 remm
1635 1355 1717 1398 tu-

669 1425 768 1473 tela
798 1436 1043 1472 mearum.
1082 1422 1175 1471 Od.
1214 1424 1263 1480 2,
1303 1422 1382 1482 47,
1411 1421 1474 1472 4;
1515 1423 1719 1484 Omea7

668 1512 784 1547 rum
804 1498 997 1561 grande
1019 1498 1163 1546 decus
1183 1498 1502 1558 columenque
1522 1510 1712 1547 rerum

671 1573 808 1634 virg.
848 1572 1135 1634 Georgicon
1170 1572 1219 1632 Ξ,
1256 1570 1346 1621 4οε
1404 1572 1444 1621 Ο
1478 1573 1649 1632 decue,
1688 1587 1717 1620 o

667 1649 836 1710 famae
867 1647 1042 1695 merito
1069 1658 1197 1707 pars
1232 1646 1463 1695 mavinia
1495 1651 1713 1706 nostrae,

668 1723 948 1771 Maecena-3.

739 1795 785 1844 3.
846 1794 973 1843 Sunt
1007 1794 1377 1857 quos—-iwvatJ
1414 1795 1560 1845 Hanc
1584 1808 1716 1846 con-

668 1869 1011 1918 structionem
1036 1868 1279 1918 Horatius
1314 1871 1473 1931 atque
1497 1871 1713 1919 omnino

668 1942 953 2005 scriptores
987 1943 1344 1992 accuratiores
1384 1943 1709 2007 praeferunt,

671 2015 778 2076 ubi,
815 2018 874 2065 ut
908 2029 1031 2065 mox
1062 2029 1113 2065 ν.
1152 2018 1230 2066 49.
1287 2019 1391 2066 Sat.
1433 2020 1480 2078 4,
1518 2017 1565 2079 4,
1603 2018 1708 2079 24„

667 2104 781 2140 rem
827 2093 1029 2140 certam
1072 2103 1136 2139 ac
1175 2104 1343 2155 prope
1386 2093 1619 2154 quotidie
1661 2094 1712 2141 in

667 2164 849 2216 oculos
873 2166 1140 2214 incurrere
1165 2165 1373 2215 solitam
1397 2167 1707 2228 significant.

668 2239 802 2291 Alibi
830 2240 973 2303 (Epp.
1004 2240 1051 2300 4,
1079 2241 1127 2298 4,
1154 2240 1233 2288 77.
1282 2240 1410 2303 Epp.
1439 2242 1487 2298 2,
1514 2242 1564 2301 2,
1593 2241 1706 2290 483.

668 2315 790 2376 cet.)
816 2313 907 2362 ubi
929 2307 1292 2374 ὑποθετικῶς
1316 2312 1563 2376 loquitur,
1603 2315 1711 2364 Ho-

668 2392 830 2441 ratius
881 2401 1092 2452 quoque
1143 2387 1307 2436 utitur
1357 2388 1706 2438 coniunctivo.

666 2463 850 2514 Rarius
868 2465 1047 2513 autem
1074 2462 1206 2511 haec
1226 2463 1545 2512 constructio
1568 2463 1710 2528 apud

666 2541 849 2602 poetas
884 2537 1111 2601 optimos
1136 2549 1379 2600 quosque
1407 2536 1528 2587 ideo
1550 2552 1712 2602 repe-

667 2615 816 2673 ritur,
855 2612 1017 2676 quod,
1053 2614 1114 2661 ut
1144 2624 1243 2675 par
1277 2614 1376 2671 est,
1413 2625 1506 2681 res
1537 2616 1711 2665 certas

668 2691 827 2752 atque
863 2686 1136 2736 evidentes
1176 2699 1475 2750 proponere
1509 2686 1714 2738 malunt

666 2776 829 2827 quam
864 2761 1054 2811 dubias
1090 2764 1143 2810 et
1176 2759 1454 2811 obscuras.
1526 2763 1710 2826 Neque

664 2851 792 2887 vero
826 2836 1007 2899 negari
1040 2838 1240 2899 potest,
1288 2835 1461 2887 dubiis
1496 2837 1548 2886 in
1582 2837 1712 2889 locis

668 2910 1085 2961 controversiam
1129 2922 1233 2957 non
1276 2912 1384 2958 tam
1429 2909 1711 2962 subtilibus

666 2985 966 3048 interpretis
990 2983 1246 3044 cuiusque
1271 2982 1711 3046 disputationibus

666 3072 828 3124 quam
869 3057 1315 3121 praestantiorum
1367 3056 1533 3106 Codd.
1581 3071 1713 3106 con-

665 3147 826 3185 sensu
869 3130 1087 3182 distrahi
1133 3128 1350 3180 debere.
1423 3130 1527 3181 Cfr.
1566 3133 1712 3181 Heu—

665 3211 842 3271 singer
895 3205 1119 3256 Praefat.
1175 3204 1245 3255 ad
1297 3206 1403 3255 Cic,
1460 3206 1606 3256 Offic.
1655 3220 1707 3270 p.

665 3282 929 3332 xxxvm.
984 3282 1189 3345 Zumpt.
1238 3282 1291 3329 et
1332 3279 1401 3329 ad
1436 3280 1531 3330 Off.
1569 3282 1608 3342 1,
1646 3280 1711 3331 24

669 3360 800 3407 extr.
847 3356 1095 3406 Heinrich
1138 3354 1206 3404 ad
1257 3356 1436 3405 Iuven.
1490 3369 1543 3419 p.
1591 3356 1707 3406 264.

668 3431 838 3493 Reisig
881 3433 934 3480 et
974 3431 1146 3479 Haase
1196 3430 1308 3479 Lat.
1356 3430 1445 3479 Gr.
1495 3429 1542 3492 ἓ.
1593 3430 1706 3479 332.

665 3505 822 3556 Iacob
847 3517 931 3568 ap.
953 3503 1163 3553 Liibker
1182 3517 1235 3567 p.
1257 3504 1372 3554 539.
1389 3531 1444 3538 —
1459 3505 1713 3553 Ceterum

669 3579 770 3630 noli
806 3578 1067 3638 oblivisci,
1106 3579 1393 3627 etiamtunc
1427 3590 1457 3626 a
1499 3578 1713 3628 Graecis

668 3653 929 3718 opulentis
973 3655 1027 3702 et
1068 3653 1220 3702 Asiae
1256 3653 1474 3702 minoris
1519 3651 1713 3715 regulis

667 3732 898 3778 Graecae
918 3728 1093 3791 stirpis
1112 3725 1376 3776 celebrata
1397 3740 1516 3777 esse
1529 3727 1715 3789 Olym-

666 3804 779 3868 pia3
818 3805 915 3852 etsi
934 3802 1155 3852 fortasse
1178 3803 1353 3865 potius
1376 3803 1622 3864 cogitavit
1644 3802 1712 3851 de

668 3876 957 3928 victoribus
992 3890 1023 3925 a
1059 3877 1281 3925 Pindaro
1317 3874 1642 3927 collaudatis.

732 3951 863 4001 ibid.
922 3951 1190 4014 cum-{culo}
1251 3963 1486 3999 «curru»
1537 3952 1714 4014 potius

670 4040 831 4090 quam
868 4025 959 4072 «in
994 4024 1192 4085 stadio,
1230 4025 1283 4074 in
1317 4025 1487 4088 spatio
1523 4038 1711 4075 cursus

670 4100 955 4164 Olympici»
995 4100 1070 4162 (ut
1103 4102 1186 4149 est
1207 4099 1350 4163 apud
1374 4100 1480 4150 Cic.
1511 4101 1622 4149 Cat.
1651 4100 1707 4148 9:

674 4176 890 4226 Athletae
919 4189 971 4224 se
999 4175 1053 4223 in
1096 4175 1348 4224 curriculo
1383 4174 1683 4239 exercentes)
1695 4187 1712 4231 ‚·

672 4249 751 4299 illa
788 4264 913 4299 vero
948 4250 1325 4311 significatione
1349 4251 1455 4299 iam
1480 4251 1586 4300 Cic.
1614 4262 1711 4312 pro

1791 1203 1923 1252 Mur.
1951 1204 2032 1251 27.
2056 1206 2110 1251 et
2132 1204 2290 1252 Tacit.
2319 1206 2450 1253 Ann.
2482 1204 2560 1264 44,
2584 1204 2670 1254 44;
2710 1220 2838 1266 qua-—

1790 1277 2054 1339 driqarum
2071 1278 2379 1326 cuniculum
2396 1283 2653 1341 usurpant
2671 1283 2724 1328 et
2741 1280 2838 1328 de—

1792 1349 2049 1400 clamator
2083 1351 2149 1401 de
2175 1353 2398 1415 Harusp.
2432 1366 2572 1416 resp.
2615 1355 2701 1403 4οε
2729 1359 2837 1402 ten-

1788 1438 1890 1484 sae„
1918 1426 2190 1474 curricula.
2229 1426 2546 1476 Curi-iculum
2569 1431 2746 1476 autem
2769 1428 2836 1477 ita

1789 1501 2102 1561 usurpatum
2126 1513 2231 1548 non
2255 1500 2427 1549 minus
2449 1502 2714 1563 poeticum
2740 1516 2837 1550 vo-

1790 1572 2040 1622 cabulum
2085 1586 2205 1622 esse
2249 1572 2492 1633 arbitror,
2540 1588 2699 1636 quam
2746 1577 2831 1624 Gr.

1789 1639 1968 1716 ἅρμα,
1997 1639 2216 1711 ὄχημα,
2241 1644 2470 1716 δίφρον,
2498 1648 2691 1710 quibus
2715 1662 2836 1697 om-

1790 1720 1946 1770 nibus
1997 1721 2157 1770 utitur
2212 1721 2487 1772 Pindarus.
2575 1722 2836 1772 Curriculo

1788 1796 1943 1858 spatii
1983 1807 2146 1844 sensu
2190 1788 2454 1844 ἐπίθετον
2498 1795 2712 1859 aliquod
2746 1811 2834 1846 re-

1787 1870 2052 1932 quisisset.
2086 1895 2140 1904 —-
2176 1870 2421 1919 Nostram
2445 1871 2834 1933 interpretatio-

1787 1957 1930 2004 nem,
1967 1943 2256 1992 admodum
2290 1944 2584 2007 praefracte
2620 1959 2649 1994 a
2674 1947 2834 1996 Boss-

1784 2019 1883 2067 cha
1936 2018 2216 2078 reiectam,
2264 2019 2441 2067 firmat
2484 2019 2560 2068 Od
2602 2018 2648 2079 4,
2693 2020 2742 2081 3,
2780 2019 2828 2070 4.

1787 2090 1964 2154 (illum)
1999 2105 2100 2141 non
2132 2105 2286 2153 equus
2306 2093 2518 2156 impiqer
2550 2094 2716 2143 Curru
2737 2095 2834 2143 du—

1783 2171 1858 2213 cet
1922 2166 2136 2214 Achaico
2207 2167 2452 2216 Victorem
2471 2205 2484 2226 ,
2557 2169 2829 2231 magisque

1785 2240 1946 2288 etiam
1960 2239 2106 2288 Ovid.
2122 2240 2271 2289 Trist.
2294 2240 2342 2300 4,
2364 2242 2412 2300 8,
2426 2241 2515 2290 36:
2542 2244 2643 2291 Nec
2654 2243 2834 2303 procul

1784 2328 1819 2362 α
1849 2314 2018 2374 metiS,
2057 2327 2183 2375 quas
2209 2327 2371 2374 paene
2404 2320 2566 2364 tenere
2605 2316 2829 2377 videbar,

1785 2389 2048 2438 Curriculo
2081 2389 2257 2451 qravls
2278 2394 2347 2438 est
2366 2389 2508 2452 facta
2527 2392 2683 2439 ruina
2702 2405 2827 2440 mec.

1786 2463 1921 2513 Cum
1968 2460 2080 2513 aliis
2123 2462 2189 2513 de
2227 2465 2830 2516 cursorumcertamine

1785 2540 1840 2586 tu
1875 2538 2211 2601 interpretari
2247 2537 2378 2586 noli:
2434 2540 2652 2589 nimium
2688 2540 2832 2589 enim

1784 2625 1848 2660 ac
1872 2611 2138 2675 turgidum
2163 2615 2276 2661 tum
2301 2613 2433 2662 foret
2450 2614 2706 2674 pulverem
2726 2614 2831 2662 col-

1782 2687 1951 2750 ligere.
1983 2714 2038 2722 —
2065 2688 2389 2751 Olympicum]
2428 2689 2573 2737 Hanc
2606 2688 2830 2737 formam

1784 2761 2045 2825 praebent
2068 2761 2225 2811 Libri.
2266 2763 2675 2824 Cuninghamius
2698 2761 2830 2811 sub-

1786 2837 1951 2886 stituit
1984 2836 2280 2896 Olympium.
2343 2863 2394 2870 —
2446 2836 2597 2897 Quid,
2636 2837 2680 2885 si
2715 2837 2829 2899 ipse

1784 2912 1974 2972 poeta,
2035 2910 2177 2971 quod
2239 2907 2387 2958 facile
2439 2909 2552 2959 fieri
2602 2913 2826 2972 poterat,

1787 2981 1900 3032 illos
1958 2986 2282 3032 Graecorum
2339 2982 2492 3033 ludos
2547 2983 2829 3047 aliquando

1785 3057 2084 3120 spectarat?
2125 3070 2353 3119 quorum
2377 3058 2550 3120 imago
2585 3061 2831 3123 superest

1786 3132 1836 3180 in
1870 3143 1997 3180 vase
2031 3131 2171 3194 picto
2205 3131 2348 3193 apud
2380 3130 2640 3195 Millingen
2664 3132 2827 3183 Cohill

1784 3205 1911 3255 Tab.
1950 3207 1997 3253 4.
2033 3206 2265 3255 Efl'usam
2290 3208 2470 3256 autem
2494 3208 2752 3257 victorum
2778 3211 2832 3258 et

1785 3281 1867 3330 his
1903 3280 2188 3330 faventium
2211 3278 2463 3332 laetitiam
2487 3283 2696 3345 egregie
2731 3283 2829 3332 de-

1785 3355 1971 3403 scribit
2026 3355 2123 3404 Dio
2175 3355 2449 3417 chrysost.
2527 3358 2614 3406 Or.
2668 3357 2718 3406 9.
2770 3370 2825 3419 p.

1853 3503 1899 3554 4.
1939 3503 2209 3566 Colleyisse]
2245 3502 2298 3552 id
2326 3508 2423 3563 est,
2464 3505 2826 3568 «rapidissimo

1786 3591 1944 3628 cursu
1969 3577 2198 3628 stadium
2221 3590 2468 3628 emensos
2492 3579 2720 3628 excitare
2744 3580 2827 3627 at-

1787 3667 1890 3717 que
1925 3653 1996 3701 ita
2029 3651 2244 3701 victoria
2266 3652 2472 3715 potiri.»
2529 3653 2826 3702 Perfectum

1787 3726 2029 3777 subtilius
2065 3725 2321 3790 expliceS,
2369 3727 2621 3789 quoniam
2664 3720 2827 3795 ἀορι-

1786 3816 1937 3864 στως
1969 3802 2200 3865 positum
2251 3800 2431 3849 dicere
2473 3802 2580 3850 iam
2615 3813 2717 3849 non
2762 3798 2826 3848 li-

1789 3879 1899 3927 cet:
1950 3874 2231 3937 «colligere
2275 3877 2329 3924 et
2369 3877 2552 3938 postea
2595 3875 2673 3924 rei
2715 3876 2826 3923 tam

1788 3951 2007 4002 feliciter
2023 3952 2202 4012 gestae
2221 3958 2491 3999 memores
2510 3960 2647 3998 esse.
2660 3966 2683 3990 ι»
2719 3947 2826 3996 Ve-

1785 4039 1905 4075 rum
1940 4023 2228 4087 simplicius
2261 4036 2390 4073 sane
2416 4023 2679 4072 concedes
2704 4021 2824 4071 Rei-

1786 4100 1915 4161 sigio
1949 4100 2059 4147 Lat.
2105 4098 2193 4147 Gr.
2230 4096 2276 4159 5.
2316 4098 2429 4147 290.
2466 4099 2652 4161 poetas
2685 4096 2825 4145 Lati-

1786 4187 1881 4223 nos
1916 4171 2107 4222 crebro
2140 4184 2265 4221 usos
2300 4184 2420 4220 esse
2444 4171 2545 4220 hoc
2566 4170 2821 4234 perfect0,

1784 4246 1875 4298 ubi
1911 4247 1998 4296 inf.
2037 4258 2209 4310 praes.
2257 4258 2286 4293 a
2323 4247 2494 4294 metro
2528 4244 2823 4309 praefracte
