3234 4975
538 421 545 429 -
653 374 776 439 562

1428 371 1684 420 nonnil
1720 370 2056 421 CARmNUM

901 529 1154 614 Longas
1198 546 1238 592 o
1288 524 1552 599 utinam,
1599 523 1734 591 dux
1777 524 1976 599 bone,
2023 523 2218 590 ferias

905 650 1202 714 Praestes
1247 645 1634 733 Hesperiae!
1692 643 1968 712 dicimus
2015 645 2263 731 integro

907 768 1073 834 Sicci
1118 787 1307 833 mane
1353 765 1491 842 die,
1539 765 1816 832 dicimus
1857 764 2068 839 uvidi,

1075 889 1238 955 Cum
1281 885 1390 954 Sol
1435 888 1701 954 Oceano
1745 884 1989 952 subest.

2738 886 2820 950 40

680 1107 691 1117 .
780 1068 860 1117 37.
899 1068 1022 1128 dut]
1056 1079 1154 1116 ren
1184 1063 1442 1128 Tdssmp,
1479 1077 1587 1115 non
1623 1063 1956 1128 improbante
1988 1062 2241 1114 Bentleio.
2293 1064 2373 1125 (Ut
2403 1076 2527 1123 nos,
2564 1063 2751 1123 BbSc.)

650 1238 752 1276 nec
797 1236 1065 1274 nuernorom
1113 1235 1214 1272 esso
1266 1223 1343 1272 sic
1400 1221 1541 1271 nude
1598 1235 1697 1285 pro

649 1299 996 1362 ὺθηοβοίονωπ
1034 1310 1305 1346 memorem
1336 1309 1436 1346 esse
1470 1297 1572 1346 dici
1596 1309 1698 1359 po-

648 1375 770 1422 test.
840 1370 1015 1421 Altera
1059 1371 1218 1431 ratio,
1271 1384 1409 1434 quae
1452 1384 1541 1420 me
1576 1382 1698 1420 mo-

647 1447 764 1505 vet,
803 1457 868 1493 ex
892 1446 1084 1507 poetae
1108 1456 1260 1493 more
1283 1443 1572 1493 verborum
1591 1442 1699 1491 col-

646 1518 994 1569 locandorum
1029 1518 1191 1581 petita
1237 1520 1336 1567 est.
1395 1519 1507 1567 Hoc
1552 1518 1693 1566 enim

646 1593 1137 1652 animadvertimuS,
1176 1590 1268 1641 ubi
1303 1590 1695 1641 substantivum

645 1668 906 1718 adiectivo
969 1669 1216 1717 ornatum
1275 1665 1564 1715 obnon'um
1626 1666 1695 1715 sit

645 1742 896 1805 potestati
932 1738 1148 1790 alterius
1179 1741 1434 1799 nominiS,
1472 1739 1545 1789 ibi
1585 1739 1697 1789 Ho-

645 1816 840 1865 ratium
874 1815 971 1863 tria
1005 1813 1265 1863 vocabula
1305 1813 1589 1878 disponere
1624 1814 1695 1863 ita

646 1887 845 1949 solere,
883 1889 942 1937 ut
990 1900 1182 1950 regens
1231 1900 1428 1937 nomen
1478 1888 1531 1936 in
1582 1899 1697 1936 me-

646 1961 734 2012 dio
786 1961 905 2011 loco
938 1962 1173 2024 positum
1216 1959 1434 2025 reliquis
1481 1960 1694 2010 duobus

647 2037 903 2098 cingatur.
979 2034 1074 2084 Od.
1127 2035 1182 2095 4,
1234 2032 1322 2092 44,
1361 2035 1453 2083 ⁴2:
1525 2034 1695 2083 Silvae

641 2109 752 2173 fllia
783 2107 976 2157 nobilis.
1016 2109 1105 2168 47,
1130 2108 1214 2156 24.
1255 2106 1343 2169 48,
1370 2108 1449 2157 42.
1487 2107 1579 2167 24,
1610 2108 1689 2158 43.

643 2184 736 2243 27,
763 2182 841 2232 40.
880 2182 968 2243 36,
1009 2182 1070 2232 43
1105 2184 1242 2232 cet.»

710 2329 917 2380 37-40.
976 2330 1085 2379 dux
1127 2327 1275 2390 bone]
1328 2329 1692 2379 Gratissimam

644 2404 782 2454 hanc
816 2404 1186 2467 repetitionem
1210 2400 1537 2453 allocutionis
1560 2416 1610 2451 v.
1639 2404 1687 2452 5.

645 2476 1152 2542 pessumdederunt,
1174 2477 1263 2541 qui
1282 2474 1689 2527 substituerunt:

642 2564 741 2602 rex
784 2551 930 2613 bono,
981 2549 1305 2602 vocabulum
1351 2549 1688 2611 invidiosum,

644 2638 674 2674 a
726 2637 833 2688 quo
882 2627 1149 2688 Augustus
1204 2622 1416 2689 publice
1473 2636 1694 2688 prorsus

645 2697 962 2750 abstinebat.
1032 2701 1204 2763 Atque
1239 2699 1455 2749 omnino
1479 2699 1694 2762 saepius

1772 1223 1946 1271 ducem
1978 1221 2223 1271 dixerunt
2243 1222 2539 1284 Augustum
2561 1234 2660 1285 pro
2674 1223 2823 1283 prin-

1769 1297 1893 1358 cipe.
1952 1294 2101 1346 Ovid.
2138 1296 2292 1346 Trist.
2333 1296 2388 1357 4,
2437 1297 2497 1354 2,
2538 1296 2659 1346 403ε
2716 1298 2821 1347 Hoc

1773 1369 2040 1432 (Augusto)
2077 1369 2199 1418 duce
2237 1371 2280 1417 si
2313 1371 2423 1418 divi
2452 1370 2622 1433 felicia
2653 1370 2820 1420 secula

1771 1445 1872 1492 cet.
1933 1470 1988 1479 —
2039 1443 2222 1507 set-ias]
2272 1442 2430 1494 «dies
2477 1444 2666 1502 festos,
2727 1458 2822 1494 se-

1770 1518 2006 1567 curitatis
2038 1530 2102 1567 ac
2136 1515 2361 1566 laetitiae
2404 1515 2616 1581 plenos;
2635 1534 2662 1561 ι
2711 1518 2820 1566 lon·

1767 1604 1861 1654 aas
1893 1592 2098 1650 autem,
2147 1591 2202 1641 id
2245 1593 2356 1651 est,
2412 1591 2572 1651 «diu,
2620 1603 2818 1654 preca-

1770 1677 1924 1726 mur,
1976 1665 2193 1724 vivam»
2246 1668 2305 1714 ut
2354 1663 2450 1714 Od.
2500 1666 2559 1724 4,
2611 1666 2671 1725 2,
2720 1664 2812 1716 45:

1769 1740 1952 1802 diuque
1993 1740 2175 1789 Laetus
2216 1740 2414 1788 intersis
2454 1740 2642 1801 populo
2688 1740 2816 1801 Qui-

1766 1814 1885 1863 rini.
1927 1812 2171 1876 (nomnes
2197 1814 2351 1875 igitur
2373 1812 2513 1873 dieS,
2551 1826 2688 1877 quos
2711 1813 2814 1863 sub

1769 1890 1820 1937 te
1857 1888 2123 1948 vivemus,
2179 1886 2429 1937 seriarum
2463 1887 2628 1936 instar
2659 1886 2816 1937 nobis

1770 1960 2016 2023 erunt»)
2073 1988 2129 1996 —
2181 1961 2434 2024 Inthrum
2483 1962 2611 2011 diem
2657 1964 2818 2011 vocat

1769 2048 1894 2085 cum
1928 2036 2158 2085 maxime
2195 2036 2534 2098 incipientem
2568 2035 2814 2099 adeoque

1767 2109 2052 2168 intactum,
2090 2109 2176 2157 cui
2208 2107 2481 2158 nulladum
2515 2120 2641 2172 pars
2665 2109 2818 2158 dem-

1767 2185 1857 2247 pta
1903 2184 2001 2231 est.
2061 2182 2314 2233 Diversus
2365 2183 2447 2232 est
2489 2182 2676 2231 solidus
2711 2182 2817 2232 dias

1767 2256 1862 2306 od.
1893 2256 1945 2317 4,
1986 2256 2040 2316 4,
2078 2256 2160 2305 20.
2193 2281 2246 2292 —
2271 2255 2417 2321 Sicca]
2444 2254 2658 2316 «sobrii,
2685 2269 2817 2306 non-

1766 2329 1896 2379 dum
1929 2331 2099 2393 poti»,
2138 2331 2198 2379 ut
2230 2329 2325 2379 Od.
2364 2330 2421 2389 4,
2460 2330 2551 2391 48,
2590 2330 2637 2380 3.
2676 2330 2808 2394 Epp.

1767 2405 1825 2463 4,
1873 2403 1960 2463 49,
2007 2403 2055 2451 9.
2097 2430 2153 2438 -
2198 2402 2361 2467 uvidi]
2403 2401 2809 2474 βεβρεγμένοι,

1765 2477 1886 2528 vino
1922 2476 2144 2540 madidi,
2182 2477 2310 2542 poti.
2354 2507 2407 2515 —
2444 2478 2521 2528 De
2546 2478 2814 2542 significa-

1767 2552 1908 2601 tione
1955 2565 2018 2602 ac
2063 2554 2324 2616 perpetua
2370 2551 2677 2603 confusione
2722 2566 2807 2603 vv.

1764 2627 1946 2676 uvidus
1986 2629 2042 2676 et
2080 2627 2309 2676 'amadus
2342 2626 2436 2677 cfr.
2474 2628 2709 2691 Wagner
2741 2627 2811 2677 ad

1766 2702 1908 2764 Virg.
1948 2703 2040 2751 Ge.
2081 2701 2135 2761 4,
2173 2701 2287 2752 448.
