3234 4975
1226 366 1344 416 LIB.
1381 366 1443 416 11.
1514 366 1572 415 C.
1608 366 1784 416 xvlll.

2490 362 2615 427 3l3

782 521 1089 585 Premunt
1132 517 1464 586 columnas
1511 519 1733 585 ultima
1777 520 2024 586 recisas

698 677 939 753 Africa,
988 697 1203 763 neque
1247 675 1431 743 Attali

784 798 1049 884 Ignotus
1092 796 1283 864 heres
1327 797 1570 885 regiam
1616 800 1961 886 occupavi,

700 920 833 984 Nec
877 918 1229 987 Laconicas
1273 918 1425 984 mihi

785 1037 1066 1104 Trahunt
1108 1037 1420 1107 honestae
1464 1059 1789 1127 purpuras
1833 1039 2137 1107 clientae:

702 1198 779 1262 At
821 1195 985 1262 fides
1030 1207 1096 1263 et
1139 1197 1351 1283 ingeni

783 1318 1072 1405 Benigna
1115 1339 1279 1384 vena
1325 1330 1455 1394 est,
1502 1339 1994 1408 pauperemque
2039 1320 2222 1388 dives

703 1439 803 1505 Me
849 1438 1038 1526 petit;
1087 1437 1239 1504 nihil
1286 1460 1484 1527 supra

2538 1320 2619 1385 lo

576 1617 624 1667 8.
660 1616 858 1667 clienta
886 1615 1012 1677 bcd,
1047 1617 1257 1678 clamites
1287 1618 1339 1667 S.
1379 1619 1501 1682 (non
1534 1620 1656 1682 BT.)
1696 1647 1750 1657 -
1788 1621 1885 1672 Vv.
1920 1621 2122 1672 22-29.
2159 1620 2355 1671 desunt
2388 1621 2440 1671 in
2474 1622 2531 1672 B.

449 1777 579 1827 casu
628 1763 778 1815 dives
821 1776 942 1815 sum
985 1763 1208 1815 sactus.-
1275 1765 1335 1816 In
1369 1779 1498 1830 pro—
1570 1772 1666 1817 tus.
1738 1767 2064 1819 Lindemann
2114 1768 2184 1818 ad
2236 1770 2448 1820 Festum
2495 1782 2615 1834 pag.

448 1838 692 1889 verbium
724 1837 968 1888 abierant
999 1836 1154 1888 Attali
1188 1850 1338 1901 opes.
1375 1838 1492 1889 vid.

449 1912 545 1961 Od.
584 1912 642 1971 4,
681 1913 736 1972 4,
775 1912 854 1962 42.
901 1912 1027 1962 Livii
1060 1911 1193 1976 Epit.
1231 1912 1314 1962 58.
1387 1911 1493 1963 Cfr.

450 1984 835 2048 vanderburgii
879 1986 1175 2036 Excursum
1209 1985 1323 2036 Vol.
1361 1988 1402 2037 1.
1438 2000 1492 2050 p.

449 2058 563 2108 380.
635 2060 798 2111 Nimis
840 2073 969 2110 vero
1002 2073 1136 2123 vaga
1169 2060 1382 2111 videtur
1413 2062 1496 2111 in-

450 2134 785 2196 terpretatio,
821 2147 985 2198 quam
1019 2149 1191 2200 nuper
1224 2138 1500 2202 proposuit

450 2207 600 2257 Estre
636 2208 759 2257 Hor.
798 2211 883 2259 Pr.
923 2222 975 2273 p.
1012 2211 1144 2265 220:
1190 2212 1494 2262 «Horatium

451 2283 667 2342 tangere
690 2281 935 2333 homines
958 2284 1042 2334 sui
1063 2285 1323 2348 temporis
1345 2286 1498 2348 igno-

451 2355 560 2415 tos,
615 2367 805 2406 recens
856 2356 1048 2407 divites
1099 2358 1295 2420 iactos,
1353 2360 1495 2408 tanta

448 2426 670 2490 luxuria,
697 2430 841 2479 tanta
863 2430 1132 2495 superbia,
1158 2433 1233 2482 uti
1255 2431 1494 2495 domum,

452 2501 623 2565 qualis
657 2502 743 2553 vel
777 2502 932 2554 Attali
965 2504 1138 2556 fuerat
1158 2544 1170 2567 ,
1230 2520 1496 2571 occupare

450 2577 763 2628 auderent.»

514 2652 562 2701 6.
630 2653 836 2715 Iynotus
881 2652 1044 2717 heros]
1101 2654 1305 2706 Attalus
1355 2656 1499 2705 enim

450 2738 546 2776 eos
565 2762 577 2785 ‚
633 2738 770 2788 quos
815 2728 1135 2778 testamento
1180 2742 1279 2781 suo
1312 2729 1500 2780 divites

450 2799 760 2850 redditurus
809 2802 955 2860 erat,
1009 2814 1077 2851 ne
1113 2805 1336 2853 noverat
1380 2803 1502 2865 qui-

452 2872 578 2923 dem
601 2910 613 2933 ‚
670 2885 796 2923 cum
837 2872 964 2923 illud
1010 2875 1289 2927 scriberet.
1358 2878 1504 2927 Inest

452 2959 634 2996 amara
685 2948 960 3018 εἰρωνεία.
1037 2951 1117 3000 De
1165 2951 1464 3001 Aristonico
1485 2988 1497 3012 ,

456 3021 578 3082 «qui
612 3023 823 3072 mortuo
857 3035 984 3085 rege
1018 3022 1211 3086 Attalo,
1246 3025 1501 3077 mentitus

453 3095 631 3156 regiae
649 3096 827 3160 stirpis
845 3097 1123 3160 originem,
1146 3099 1310 3150 armis
1321 3099 1500 3150 Asiam

454 3173 808 3233 occupaverat
827 3173 1108 3236 victusque
1132 3187 1163 3223 a
1186 3175 1253 3224 M.
1280 3177 1503 3239 Perper-

454 3255 522 3292 na
545 3243 845 3308 ductusque
863 3247 916 3296 in
933 3247 1219 3312 triumpho,
1251 3248 1350 3299 sed
1367 3262 1399 3298 a
1416 3247 1496 3301 Μ’.

453 3316 657 3381 Aquilio
675 3356 688 3380 ,
724 3320 897 3383 capite
929 3334 1133 3384 poenas
1155 3322 1333 3373 dedit»
1360 3322 1502 3387 (Vel-

455 3389 539 3441 lei.
566 3392 626 3452 2,
661 3391 757 3454 4.),
795 3406 1138 3458 nequaquam
1166 3395 1334 3447 verba
1358 3397 1497 3448 facit.

519 3465 567 3514 7.
618 3466 918 3531 Laconicas]
975 3470 1201 3533 «Neque
1238 3469 1413 3521 lanam
1447 3472 1502 3521 in

454 3540 680 3590 Laconia
697 3553 935 3605 purpura
958 3542 1177 3593 tinctam
1203 3545 1356 3607 (quae
1380 3558 1506 3609 pur-

452 3625 587 3676 pura
625 3613 897 3665 nobilioris
934 3616 1144 3677 generis
1183 3620 1299 3666 erat
1339 3620 1501 3682 atque

453 3686 691 3752 lucidior)
756 3689 885 3738 mihi
934 3691 1065 3740 nent
1112 3689 1338 3741 client-ae
1360 3729 1372 3752 ,
1445 3696 1507 3743 ut

455 3760 700 3814 solebant
718 3761 803 3812 vel
826 3763 1080 3813 mercede
1105 3763 1401 3815 conductae
1418 3765 1504 3815 vel

454 3835 617 3897 gratis
638 3872 651 3895 ,
687 3837 746 3885 ut
766 3838 1110 3900 patronorum
1145 3838 1370 3900 gratiam
1403 3839 1507 3889 ini-

455 3911 607 3967 rent;
645 3907 814 3959 nullas
848 3912 994 3961 enim
1028 3910 1250 3962 clientas
1273 3911 1503 3962 habeo.»

455 3983 549 4033 Est
569 3983 726 4044 igitur
746 3983 956 4034 sublata
978 3986 1232 4049 imagine:
1289 3985 1335 4047 4)
1373 3998 1505 4035 «nec

453 4056 740 4121 purpureis
777 4058 1018 4109 vestibus
1057 4061 1205 4119 utor3
1241 4058 1291 4121 2)
1329 4072 1504 4122 neque

457 4129 728 4182 nobilitate
790 4134 1110 4197 conspicuus
1175 4146 1350 4185 sum.»
1423 4134 1501 4197 (V.

453 4204 635 4256 clienta
668 4205 954 4259 formatum
988 4210 1265 4306 tamqgam
1298 4220 1330 4258 a
1351 4207 1508 4259 clion-

1571 1841 1707 1905 388.)
1767 1842 1921 1902 Quod
1960 1841 2183 1893 clientae
2215 1843 2361 1907 ipsae
2392 1844 2623 1895 honestae

1570 1920 1718 1977 sunt,
1756 1930 1861 1966 non
1902 1915 2116 1966 infimae
2152 1918 2336 1977 sortis,
2373 1917 2428 1966 id
2462 1920 2623 1981 auget

1569 1990 1780 2052 pau-oni
1814 1990 2140 2052 dignitatem.
2213 1992 2325 2041 Non
2362 1991 2621 2054 significat

1572 2062 1922 2127 «pulchrae»;
1961 2062 2085 2114 nihil
2117 2064 2262 2114 enim
2295 2065 2397 2115 hoc
2426 2066 2622 2115 attine-

1570 2136 1691 2198 bat,
1740 2140 1920 2187 utrum
1955 2136 2208 2201 pulchrae
2243 2140 2426 2188 essent
2461 2138 2623 2188 clien-

1570 2213 1688 2270 tae,
1748 2224 1888 2274 quae
1938 2209 2226 2261 lanificium
2278 2215 2617 2273 exercerent,

1569 2297 1758 2334 necne.
1800 2285 2090 2348 («ostendit
2121 2287 2305 2335 votum
2340 2284 2618 2346 clientum,

1570 2372 1801 2421 quorum
1824 2371 2047 2419 uxores,
2085 2371 2207 2408 cum
2245 2357 2511 2410 nobilibus
2546 2361 2623 2409 to-

1571 2444 1669 2495 gae
1701 2433 2012 2496 praetextae
2048 2431 2180 2482 fiunt
2214 2432 2282 2482 ad
2319 2445 2475 2497 spem
2510 2445 2625 2481 ma-

1572 2507 1889 2569 gistratuum
1924 2506 2310 2570 gerendorum,
2358 2520 2623 2571 purpuras

1573 2583 1875 2643 carpentes»,
1897 2582 2079 2631 iuvant
2096 2583 2417 2631 matronas.»
2437 2583 2619 2630 senor..

1576 2656 1720 2705 Haec
1771 2655 1814 2704 si
1866 2668 1931 2704 ex
1982 2656 2210 2719 antiquis
2244 2654 2623 2718 interpretibus

1575 2727 1900 2791 desumpsit,
1937 2727 2078 2778 bene
2114 2727 2311 2778 babet:
2349 2728 2448 2778 sed
2480 2728 2621 2788 vide,

1576 2815 1643 2851 ne
1677 2802 1746 2851 sit
1778 2802 2088 2852 recentioris
2111 2800 2331 2852 alicuius
2354 2814 2629 2851 commen-

1576 2875 1728 2938 tum.)
1784 2876 2001 2925 Mirifica
2049 2879 2133 2926 est
2173 2877 2277 2927 ΗΡ.
2314 2877 2628 2939 interpreta-

1576 2949 1674 2998 tio:
1731 2948 2017 3000 «Pulchrae
2062 2949 2286 3000 clientae
2333 2963 2439 3000 non
2474 2951 2622 3012 mihi,

1576 3023 1685 3072 mei
1718 3023 1936 3073 honoris
1970 3036 2131 3075 causa
2167 3026 2222 3074 et
2254 3025 2314 3074 ut
2346 3024 2474 3073 mihi
2508 3022 2625 3088 pla-

1575 3099 1734 3147 ceant
1766 3098 1818 3147 in
1851 3096 2020 3162 longis
2057 3099 2342 3163 purpureis
2388 3097 2626 3149 vestibus

1576 3170 1832 3222 incedunt
1865 3173 1920 3221 et
1952 3172 2023 3222 ad
2055 3185 2144 3223 me
2179 3174 2449 3223 veniunt.»

1642 3246 1721 3295 40.
1759 3246 1987 3310 Benigno
2016 3247 2169 3311 vena]
2207 3249 2267 3297 ut
2295 3249 2357 3298 A.
2397 3249 2452 3297 P.
2490 3245 2622 3296 409:

1574 3321 1681 3371 sine
1701 3321 1853 3371 αόυἰιο
1869 3334 1999 3371 vena
2020 3335 2032 3380 3
2069 3334 2233 3384 quam
2254 3321 2626 3385 metaphoram

1575 3408 1605 3445 a
1643 3393 1839 3445 metalli
1872 3397 2025 3447 venis
2062 3395 2303 3459 plerique
2344 3395 2627 3458 repetitam

1572 3471 1794 3533 putant;
1831 3468 1983 3520 aliter
2006 3469 2155 3519 Ovid.
2182 3470 2335 3519 Trist.
2362 3469 2419 3529 3,
2448 3469 2509 3517 45
2536 3465 2619 3528 (al.

1576 3542 1677 3607 44),
1731 3542 1820 3593 33:
1895 3544 2155 3607 Ingenium
2211 3543 2406 3605 fream
2462 3553 2629 3591 motam

1573 3618 1741 3678 mala,
1777 3618 1921 3667 cuius
1951 3618 2007 3667 ef
2029 3623 2147 3667 ante
2178 3617 2309 3666 Fons
2338 3615 2630 3678 infecundus

1569 3705 1838 3754 parvaque
1878 3705 2009 3742 vona
2045 3691 2177 3754 finit,
2232 3688 2324 3739 ubi
2375 3690 2459 3739 est
2491 3701 2627 3739 vena

1577 3778 1769 3829 aquae.

1646 3839 1726 3888 44.
1779 3841 1863 3889 Me
1901 3839 2053 3904 pom]
2114 3849 2305 3901 «saepe
2340 3836 2410 3887 ad
2444 3849 2504 3887 se
2539 3849 2627 3887 me

1578 3913 1737 3962 vocat
1780 3911 2114 3974 libenterque
2156 3914 2212 3961 et
2251 3912 2479 3962 comiter
2510 3924 2630 3962 me-

1579 3998 1705 4035 cum
1739 3987 2000 4035 versatur.
2072 3984 2211 4037 Ultra
2254 3986 2390 4036 baec
2445 3988 2627 4036 autem

1580 4057 1707 4108 nihil
1758 4073 1789 4108 a
1841 4058 1923 4108 dis
1973 4059 2215 4123 impenso
2264 4060 2441 4111 studio
2476 4060 2629 4111 effla-

1581 4132 1739 4194 gito.»
1790 4133 1900 4182 Cic.
1927 4131 1995 4181 ad
2018 4133 2162 4183 Fam.
2208 4134 2300 4196 43,
2343 4135 2403 4195 4,
2447 4136 2510 4184 l:
2547 4148 2631 4185 σοι

1580 4220 1683 4255 non
1732 4205 2059 4269 mouebatur,
2118 4209 2626 4272 ommpooebam
