3234 4975
642 383 754 447 190

1396 385 1652 435 HORATn
1689 385 2025 436 CARMINUM

976 541 1288 607 iniurioso
1333 559 1413 606 ne
1458 539 1631 626 pede
1677 559 1953 627 proruas

973 662 1255 728 Stantem
1301 659 1696 735 columnam,
1745 681 1872 728 neu
1919 660 2197 748 populus
2245 659 2551 747 frequens

1057 782 1152 847 Ad
1195 802 1373 848 arma
1418 790 1782 857 cessantes,
1831 781 1911 847 ad
1956 801 2136 846 arma
2725 780 2799 844 15

1145 903 1433 971 Concitet
1477 903 1947 990 imperiumque
1993 901 2257 989 frangat.

975 1064 1059 1129 Te
1103 1081 1363 1149 semper
1405 1060 1605 1127 anteit
1649 1080 1848 1126 saeva
1890 1060 2290 1137 NecessitaS,

771 1216 850 1267 44.
887 1216 1099 1277 fremens
1134 1209 1369 1261 malebat
1411 1209 1578 1261 Bentl.
1626 1237 1679 1245 —

1726 1211 1806 1259 45.
1841 1211 2077 1261 οοεεαηείε
2107 1212 2172 1271 Β,
2221 1216 2480 1261 cursantes
2511 1210 2745 1262 malebat

704 1289 868 1340 Bentl.
912 1318 964 1325 -
992 1288 1071 1338 47.
1097 1300 1245 1336 serva
1265 1287 1365 1347 BT,
1401 1280 1692 1351 βγδκμξω,
1730 1283 1914 1335 Bland.
1942 1287 2219 1348 quattuor,
2259 1286 2490 1336 Pottierii
2515 1287 2563 1347 4,
2602 1286 2651 1345 7,
2688 1287 2738 1335 9.

708 1366 933 1429 (Habent
962 1377 1116 1414 saeva
1148 1362 1314 1413 ceteri
1349 1363 1482 1419 mei,
1522 1362 1683 1411 etiam
1719 1360 1795 1423 d.)

642 1489 818 1538 Flevit.
889 1487 975 1536 Sic
1020 1485 1211 1535 Statius
1258 1482 1423 1534 Theb.
1466 1485 1521 1543 4,
1570 1480 1685 1532 334.

636 1574 947 1625 purpureum
962 1573 1124 1609 senem
1135 1558 1264 1608 dixit
1281 1560 1336 1607 et
1350 1556 1689 1608 macedonius

643 1638 696 1688 in
729 1633 936 1686 Anthol.
974 1631 1134 1684 Palat.
1173 1634 1235 1682 11.
1275 1644 1393 1696 pag.
1424 1631 1538 1681 337.
1576 1626 1689 1680 τῶν

641 1711 902 1780 χρυσέων
936 1703 1187 1767 ὑπάτων,
1226 1706 1424 1757 trabeis
1459 1718 1590 1755 auro
1613 1705 1692 1769 pi-

642 1786 742 1836 ctis
775 1782 1099 1833 indutorum.
1162 1782 1413 1831 Ceterum
1437 1778 1540 1829 noli
1565 1792 1690 1829 cum

641 1856 907 1908 nonnullis
977 1855 1333 1918 distinguere.
1408 1855 1693 1917 Reqwnque

644 1937 849 1991 matres,
886 1929 1221 1978 barbarorum
1255 1933 1302 1977 et
1332 1928 1385 1977 P.
1424 1941 1491 1977 m.
1531 1932 1566 1977 t.

709 2005 788 2054 43.
807 2002 887 2054 44.
908 1998 1380 2071 Ῑνιίυνίο301Ὓβριν,
1396 2000 1691 2065 superbum

643 2078 788 2129 illum
835 2079 1201 2140 contemptum
1244 2076 1527 2139 significat,
1583 2088 1692 2139 quo

644 2153 872 2202 Fortuna
895 2149 979 2199 vel
1006 2163 1125 2200 eam
1151 2149 1516 2212 tyrrannidem
1542 2162 1696 2200 ever-

643 2227 733 2285 tit,
770 2237 908 2288 quae
936 2224 1270 2275 stabilissima
1294 2223 1590 2274 videbatur.
1634 2249 1688 2258 —

644 2301 888 2352 columna
907 2303 1046 2348 stans
1067 2301 1150 2349 est
1172 2297 1431 2350 felicitatis
1454 2312 1517 2348 ac
1541 2311 1696 2347 secu-

645 2373 811 2424 ritatis
843 2370 1088 2437 publicae
1123 2371 1525 2435 stabilitatisque
1551 2368 1697 2435 ‹rzip›

643 2446 845 2511 βολον,
882 2460 986 2512 qua
1023 2446 1269 2498 columna
1308 2448 1381 2511 (ut
1413 2448 1464 2498 in
1502 2446 1692 2497 eadem

648 2526 873 2588 imagine
920 2524 1246 2588 perseverat)
1284 2525 1501 2588 proruta
1537 2519 1694 2573 simul

647 2600 904 2650 evertitur
937 2599 1238 2663 imperium.
1279 2598 1536 2661 Cogitavit
1558 2610 1697 2646 non—

647 2689 807 2725 nemo
843 2674 910 2723 de
947 2677 1297 2737 tyrannorum
1331 2674 1518 2724 statuis
1545 2671 1698 2720 deie-

648 2751 773 2808 ctis;
811 2749 908 2800 sed
944 2763 1217 2813 nunquam
1251 2763 1301 2798 v.
1328 2749 1561 2797 colmnna
1595 2747 1697 2795 hac

647 2824 1029 2887 significatione
1066 2825 1388 2886 usurparunt
1422 2821 1605 2871 Latini.

717 2898 795 2948 44.
827 2900 904 2947 45.
938 2897 1187 2960 frequens]
1209 2897 1423 2958 «Magna
1448 2909 1573 2960 pars
1596 2907 1700 2958 po-

647 2971 783 3037 puli,
840 2970 995 3020 turba
1038 2969 1290 3020 seditiosa
1325 2971 1380 3018 et
1413 2967 1697 3024 concitata,

649 3046 779 3097 alios
814 3046 958 3094 cives
1001 3049 1269 3104 cessantes,
1322 3045 1560 3106 quietOS,
1609 3055 1701 3092 se-

649 3120 833 3170 ditioni
868 3117 1123 3168 adversos
1156 3118 1550 3181 proptereaque
1574 3128 1703 3165 cun-

651 3195 874 3251 ctanteS,
900 3191 969 3241 ad
992 3204 1139 3241 arma
1159 3194 1367 3241 vocet.»
1409 3219 1464 3227 —
1501 3191 1577 3240 Ad
1607 3203 1702 3238 ar-

648 3281 739 3326 ma
761 3293 791 3303 -
813 3267 884 3315 ad
916 3265 1087 3331 amna]
1125 3265 1273 3315 ovid.
1296 3267 1418 3316 Met.
1448 3265 1536 3326 44,
1574 3264 1696 3314 377:

650 3341 815 3394 cuncti
831 3343 1066 3390 coeamus
1081 3344 1128 3389 et
1149 3353 1327 3401 arma,
1352 3340 1510 3389 Arma
1525 3351 1703 3400 capes-

650 3429 835 3468 samus.
896 3413 1028 3465 Ibid.
1069 3415 1156 3475 ⁴2,
1194 3413 1317 3465 244:
1368 3414 1705 3476 Certatimque

651 3490 1220 3551 mnnesunooreAnna,
1246 3489 1698 3550 annuloquuntur.

652 3567 775 3616 Tac.
814 3565 948 3614 Ann.
979 3565 997 3612 4
1025 3601 1036 3623 ,
1074 3563 1164 3613 59:
1202 3563 1629 3613 Armeniusarma
1650 3563 1704 3611 4η

654 3641 926 3704 Segesten,
952 3651 1104 3687 anna
1126 3638 1178 3686 in
1197 3638 1462 3688 Caesarem
1476 3650 1698 3702 poscens.

720 3713 800 3764 47.
826 3712 997 3778 mtteit]
1017 3711 1173 3777 Apud
1190 3714 1310 3763 Tac.
1330 3715 1463 3763 Ann.
1481 3711 1530 3773 4,
1550 3713 1605 3762 74
1622 3752 1632 3761 .
1651 3713 1705 3761 et

656 3786 779 3838 alibi
805 3787 934 3837 Cod.
962 3787 1100 3837 Med.
1134 3788 1316 3837 antire.
1346 3788 1541 3837 Contra
1568 3786 1699 3837 Cod.

656 3861 795 3914 Med.
830 3862 970 3924 Virg.
1009 3864 1139 3912 Aen.
1180 3862 1267 3922 42,
1306 3861 1394 3913 84:
1437 3863 1701 3912 anteirent.

661 3965 715 3974 —
756 3949 910 3986 saeva
944 3936 1234 4000 Necessitas]
1274 3935 1372 3986 Alii
1413 3937 1521 3986 iam
1561 3936 1702 4000 apud

657 4008 975 4061 Scholiastas
996 4023 1144 4059 serva
1163 4011 1455 4071 Necessitas,
1481 4008 1534 4059 id
1559 4010 1703 4074 quod

658 4084 924 4135 immerito
981 4082 1243 4135 nonnullis
1308 4083 1507 4149 placuit
1561 4084 1704 4134 haud

656 4156 1121 4225 perspicientibus,
1159 4171 1320 4222 quam
1344 4160 1606 4221 ingratum
1631 4161 1707 4208 at-

1762 1482 1950 1532 θετον.
2009 1483 2218 1532 Etenim
2258 1495 2440 1532 manus
2471 1480 2556 1532 illa
2590 1484 2724 1532 acha
2758 1486 2812 1533 et

1760 1570 1962 1617 severa,
2017 1569 2155 1620 quae
2207 1558 2406 1619 gestat,
2458 1556 2811 1607 instrumenta

1763 1631 1890 1681 satis
1925 1630 2220 1694 significant
2253 1643 2358 1680 non
2394 1629 2462 1681 de
2497 1643 2668 1692 serva,
2713 1630 2812 1681 sed

1764 1705 1832 1755 de
1883 1705 1982 1754 dea
2034 1705 2259 1765 comite,
2315 1718 2381 1754 ex
2428 1705 2657 1756 aeternis
2701 1706 2810 1755 Fati

1764 1779 1970 1843 legibus
2028 1792 2153 1829 cum
2213 1780 2438 1829 Fortuna
2495 1780 2774 1830 coniuncta
2797 1818 2810 1840 ,

1765 1855 1985 1918 cogitari
2026 1854 2248 1905 debere.
2327 1853 2415 1904 llla
2461 1855 2617 1918 igitur
2652 1853 2815 1904 veluti

1765 1926 2034 1991 σύνναος,
2055 1924 2335 1999 πάρεδρος
2348 1931 2608 1980 Fortunae
2623 1942 2813 1981 severe

1767 2018 1827 2055 ea
1874 2004 2204 2067 exsequitur,
2256 2017 2394 2066 quae
2437 2002 2650 2068 placent
2684 2005 2815 2053 For-

1765 2080 1943 2128 tunae.
2013 2079 2075 2126 V.
2100 2091 2253 2126 εαευα
2281 2077 2446 2127 refert
2468 2078 2814 2128 Homericum

1766 2151 1893 2202 illud
1927 2151 2022 2201 Od.
2060 2166 2123 2210 κ,
2159 2151 2282 2201 273:
2331 2147 2578 2222 κρατερὴ
2614 2150 2677 2202 δέ
2707 2165 2814 2215 μοι

1765 2221 1946 2276 ’ἔπλετ’
1981 2220 2226 2292 ἀνάγκη.
2277 2227 2624 2277 Parmenides
2647 2240 2699 2276 v.
2728 2226 2810 2275 94.

1768 2300 2019 2351 Brandis:
2045 2295 2290 2370 κρατερὴ
2314 2297 2425 2371 γὰρ
2439 2294 2664 2367 ἀνάγκη
2687 2299 2820 2350 Πεί-

1767 2390 1941 2462 patos·
1986 2374 2048 2425 ἐν
2091 2369 2459 2440 δεσμοῖσινν
2430 2390 2578 2436 εχει,
2603 2371 2685 2430 τό
2716 2391 2818 2440 μιν

1767 2444 1955 2516 ἀμφὶς
1989 2448 2184 2520 ἐέργει.
2257 2449 2425 2501 Nolim
2457 2452 2638 2500 autem
2673 2449 2814 2510 ideo,

1769 2525 1914 2590 quod
1958 2528 2168 2588 gemina
2217 2526 2310 2576 fuit
2355 2526 2580 2575 Fortuna
2616 2525 2815 2587 AntiaS,

1768 2603 1956 2666 putare
1993 2597 2214 2650 alteram
2237 2600 2586 2650 Necessitatem
2606 2613 2638 2648 a
2659 2601 2818 2663 po‘eta

1771 2673 2089 2739 appellatam
2123 2688 2272 2734 esse,
2310 2676 2370 2723 ut
2393 2673 2612 2737 quidam
2635 2672 2814 2724 voluit.

1776 2778 1830 2786 —
1844 2751 1992 2813 Ipsos
2005 2750 2326 2812 scriptorum
2336 2747 2498 2808 locos,
2516 2749 2603 2812 qui
2620 2748 2706 2798 hic
2721 2763 2821 2798 ne-

1773 2823 2006 2872 cessario
2037 2837 2065 2871 a
2094 2820 2292 2871 lectore
2329 2821 2643 2886 inspiciendi
2676 2826 2818 2884 sunt,

1774 2895 2022 2947 dabimus
2058 2897 2109 2946 in
2141 2897 2395 2946 Excursu.

1839 2970 2008 3020 48-20.
2036 2971 2211 3020 Clavos
2232 2970 2463 3034 trabales]
2490 2970 2641 3021 Haud
2658 2970 2822 3020 infre-

1776 3057 1947 3108 quens
1981 3045 2310 3095 necessitatis
2340 3046 2531 3108 image.
2569 3044 2819 3108 Aeschyl.

1775 3117 1955 3182 Suppl.
1977 3117 2092 3168 945.
2117 3118 2264 3169 Pind.
2292 3121 2445 3182 Pyth.
2473 3118 2523 3180 4,
2550 3120 2632 3169 74.
2670 3118 2824 3183 Apud

1778 3193 1987 3244 Latinos
2030 3194 2082 3243 in
2123 3192 2471 3257 proverbium
2510 3193 2819 3243 transierat:

1778 3269 1888 3318 Cic.
1935 3268 2084 3318 Verr.
2131 3271 2325 3320 Aecus.
2362 3269 2421 3329 ὅ,
2465 3269 2548 3319 24.
2610 3270 2820 3319 Petron.

1777 3344 1858 3393 75.
1875 3341 2042 3393 Plaut.
2064 3344 2268 3393 Asinar.
2291 3344 2338 3404 4,
2359 3343 2408 3403 3,
2432 3341 2480 3393 4.
2503 3342 2657 3403 Quid,
2679 3341 2825 3406 quod

1778 3417 1833 3465 et
1897 3416 2155 3467 Fortunae
2221 3418 2417 3466 Antiati
2482 3418 2536 3468 et
2590 3417 2823 3481 Athrpae

1779 3483 2057 3561 (Ἀτρόπῳ)
2086 3489 2151 3540 4114
2176 3492 2430 3542 Etruscae
2465 3489 2600 3541 clavi
2635 3492 2687 3540 in
2726 3504 2826 3540 an-

1779 3566 1937 3629 tiquis
1955 3567 2316 3617 monumentis
2339 3566 2678 3617 tribuuntur?
2714 3565 2821 3616 Cfr.

1779 3637 1964 3689 Miiller
2008 3639 2249 3690 Etrusker
2291 3641 2354 3689 11.
2393 3652 2447 3703 p.
2484 3640 2596 3690 334.
2655 3639 2828 3689 Deuk-

1776 3713 1939 3762 maler
1971 3713 2028 3762 T.
2067 3713 2190 3762 LXI.
2229 3727 2282 3763 n.
2315 3714 2428 3769 301.
2491 3714 2598 3764 Csr.
2624 3713 2694 3765 ad
2728 3714 2824 3763 Od.

1779 3787 1835 3847 3,
1873 3786 1964 3846 24,
2002 3788 2049 3837 5.
2093 3814 2148 3822 —
2184 3788 2380 3852 cuneos]
2409 3788 2541 3839 Vide
2576 3787 2830 3852 pulcher-

1780 3861 1975 3912 rimum
1995 3862 2252 3911 Fortunae
2270 3857 2613 3913 simulacrum
2635 3863 2689 3912 in
2710 3864 2832 3913 Mu-

1776 3949 1858 3986 seo
1902 3936 2157 3987 cheat-am.
2219 3937 2280 3985 11.
2318 3937 2373 3984 T.
2411 3936 2540 3986 XIV.
2611 3936 2828 3986 Sinistra

1776 4011 1928 4059 tenet
1949 4023 2115 4059 cornu
2140 4010 2345 4073 copiae,
2384 4010 2534 4059 cuius
2570 4010 2731 4060 fundo
2762 4009 2831 4059 ad

1781 4085 2110 4135 necessitatis
2135 4086 2241 4134 vim
2266 4085 2666 4148 significandam
2703 4084 2832 4134 obe-

1779 4156 2029 4209 liscorum
2055 4159 2222 4209 forma
2261 4159 2400 4208 infixi
2436 4160 2561 4209 sunt
2584 4159 2690 4209 duo
2725 4172 2755 4208 c
2775 4172 2833 4207 u-

660 4249 763 4298 que
799 4246 988 4297 parum
1012 4234 1280 4297 poeticum
1308 4233 1409 4283 hoc
1434 4232 1570 4282 soret
1592 4232 1707 4282 ἑπι-
1781 4231 2002 4282 neoli.
2076 4235 2152 4284 De
2202 4235 2370 4282 ranas
2420 4234 2487 4283 ad
2541 4233 2833 4284 firmandas
