3234 4975
1206 367 1407 417 Lissa.
1459 345 1654 418 cmm.
1692 367 1820 417 xm.

598 523 844 587 Levare
888 521 1048 587 diris
1092 531 1358 608 pectora
1405 519 1982 597 sollicitudinibus;

2474 361 2597 426 7215

2517 517 2598 582 40

507 640 752 708 Nobilis
796 651 866 707 ut
908 641 1134 728 grandi
1177 641 1410 709 cecinit
1455 641 1817 708 Centaurus
1860 638 2147 706 alumno:

591 761 862 838 Invicte,
911 761 1196 827 mortalis
1239 761 1365 828 dea
1407 770 1555 827 nate
1601 780 1769 848 puer
1813 758 2116 834 Thetide,

511 884 598 947 Te
641 891 857 948 manet
900 882 1195 949 Assaraci
1240 880 1452 957 tellus,
1502 901 1699 968 quam
1744 879 1972 967 frigida
2015 879 2196 967 parvi

554 1040 631 1089 40.
686 1039 829 1087 duris
877 1051 942 1087 ex
975 1034 1009 1101 ξ
1060 1041 1116 1089 et
1148 1039 1244 1089 Ed.
1288 1039 1516 1089 Locheri
1562 1038 1709 1089 ⁴498.
1747 1035 2034 1088 Bentleius.

1368 1113 1544 1162 cecinit
1589 1113 1779 1176 prandi
1827 1114 1895 1173 B,
1948 1113 2103 1176 praui
2149 1114 2325 1163 cecinit
2356 1114 2412 1163 T.
2472 1139 2529 1151 —

489 1113 623 1161 tierii
673 1123 862 1162 omnes
912 1112 1079 1174 diris.)
1135 1138 1189 1148 -
1251 1114 1330 1162 44.

2092 1040 2282 1100 (Nostri
2318 1041 2373 1089 et
2406 1042 2532 1090 Pot-

487 1187 567 1235 42.
604 1186 789 1235 Invicto
817 1185 1081 1245 mortalis,
1126 1187 1220 1235 dea
1253 1186 1583 1249 distinguunt
1615 1187 1696 1236 FJ.
1755 1212 1809 1222 -
1862 1187 1942 1236 43.
1973 1187 2146 1248 parvi]
2174 1186 2330 1249 proni
2363 1186 2533 1237 male-

488 1258 583 1308 bat
623 1257 891 1309 Bentleius
913 1296 926 1320 ,
973 1259 1100 1321 puri
1145 1259 1371 1310 Horman
1415 1258 1756 1324 Peerlkamp,
1811 1261 1947 1311 tardo·
1980 1261 2220 1312 Meineke
2254 1261 2424 1312 maol.
2462 1263 2523 1312 II.

493 1345 614 1397 pag.
653 1332 768 1383 462.
807 1331 951 1395 (paui
984 1333 1063 1394 T.)

426 1474 729 1536 exponunt:
792 1471 1021 1534 «grandi
1074 1472 1252 1522 animo
1296 1485 1341 1522 s.
1390 1473 1473 1523 in-

426 1544 618 1605 dole3»
655 1544 741 1594 vel
765 1546 956 1596 etiam:
997 1543 1260 1604 «adulto»,
1298 1547 1356 1595 ut
1390 1547 1476 1596 est

426 1631 556 1670 sane
576 1657 589 1679 ,
626 1619 726 1668 sed
758 1618 966 1670 ridiculi
1000 1631 1189 1680 causa,
1227 1620 1372 1683 apud
1392 1622 1475 1669 Iu-

424 1706 546 1744 ven.
585 1693 643 1754 7,
695 1693 819 1743 24οε
876 1694 1101 1742 Metuens
1143 1693 1323 1757 vir-qao
1367 1693 1476 1742 iam

424 1767 634 1831 mandis
661 1767 871 1817 Achilles
911 1766 1159 1817 cambac
1200 1767 1389 1828 patriis
1421 1768 1474 1815 in

423 1840 685 1891 montibus,
749 1839 968 1891 Procius
1019 1841 1071 1891 in
1123 1839 1250 1890 Plat.
1301 1840 1470 1891 Alcih.

425 1916 486 1964 V.
524 1916 562 1964 1.
601 1928 654 1979 p.
702 1915 785 1966 98.
836 1915 1098 1965 Creuzer:
1150 1913 1320 1981 Λέγει
1369 1906 1476 1966 οὖν

426 1988 529 2038 καὶ
562 1983 593 2038 ὁ
625 1984 1018 2052 Ἀντισθένους
1045 1984 1328 2077 Ἡρακλῆς
1349 1990 1479 2060 περί

430 2077 587 2124 τινος
616 2065 922 2114 νεανίσκου
947 2059 1104 2133 παρὰ
1125 2061 1204 2130 τῷ
1227 2063 1476 2134 Χείρωνι

431 2151 462 2187 τ
463 2137 821 2207 ρεφομένου·
882 2138 1097 2203 μέγας
1157 2134 1269 2205 γάρ
1325 2151 1476 2202 φησι

429 2212 527 2259 καὶ
568 2206 748 2271 καλὸς
791 2211 891 2260 καὶ
940 2205 1183 2297 ὡραῖος,
1242 2204 1351 2261 οὐκ
1399 2204 1477 2260 ἄν

429 2278 611 2335 αὐτοῦ
648 2278 883 2353 ἠράσθη
906 2279 1096 2346 δειλὸς
1128 2280 1473 2353 ἐραστής.-

431 2358 723 2422 Cencaurus]
751 2358 964 2417 Chiron,
993 2359 1083 2420 qui
1106 2358 1160 2407 in
1183 2356 1308 2407 Pelii
1326 2370 1478 2408 mon-

429 2433 496 2483 tis
552 2432 704 2481 antro
758 2429 1159 2495 Aesculapium,
1230 2433 1474 2482 Iasonem

429 2505 694 2568 huiusque
718 2504 883 2554 filium
900 2505 1133 2565 Medum,
1160 2507 1288 2556 item
1304 2505 1480 2556 Achil-

429 2579 538 2629 lem
588 2578 850 2628 educavit.
901 2578 1045 2628 Pind.
1089 2580 1241 2629 Nem.
1284 2579 1345 2640 3,
1390 2579 1473 2629 53.

425 2656 524 2717 Ap.
560 2651 740 2715 Eurip.
768 2650 933 2715 Iphig.
971 2652 1024 2701 in
1046 2651 1159 2702 Aul.
1187 2653 1301 2702 709.
1340 2653 1478 2703 edu-

428 2727 565 2776 cavit
617 2737 742 2775 eum
791 2724 1043 2808 Χείρων,
1099 2725 1166 2774 ἵν’
1219 2719 1339 2791 ηθη
1389 2722 1475 2791 μή

425 2797 615 2863 μάθοι
662 2794 857 2847 κακῶν
905 2795 1148 2869 βροτῶν.
1219 2799 1362 2850 Iliad.
1405 2797 1473 2862 λ,

428 2872 544 2923 832ε
568 2867 932 2933 δικαιότατος
947 2813 1303 2942 Κενταύρων.
1325 2872 1473 2923 Pind.

428 2947 581 3009 Pyth.
619 2945 676 3007 3,
714 2945 806 2995 63:
853 2941 1122 3016 σώφρων.
1160 2948 1284 2997 Loci
1317 2959 1478 3011 prae-

429 3019 568 3083 cipui
602 3021 730 3069 sunt
762 3020 922 3070 etiam
958 3020 1010 3070 in
1044 3020 1240 3084 Orphei
1278 3022 1472 3084 Argon.

433 3094 547 3143 379.
609 3093 759 3145 Ovid.
803 3094 941 3145 Fast.
981 3096 1040 3155 5,
1077 3094 1191 3145 379.
1231 3093 1474 3145 Philostr.

428 3169 624 3231 Imagg.
649 3169 708 3230 2,
728 3169 779 3218 2.
816 3167 1001 3219 Liban.
1030 3169 1158 3219 Enc.
1181 3167 1349 3218 Achil.
1377 3168 1474 3219 Ed.

429 3242 617 3291 Reiske
642 3243 726 3291 IV.
753 3255 806 3306 p.
829 3242 974 3293 ⁴0⁴4.
1025 3243 1269 3293 Chironis
1302 3244 1477 3306 imago

429 3315 583 3365 estin
599 3315 756 3365 Gerh.
784 3317 989 3380 Vasenq.
1010 3318 1094 3367 111.
1114 3319 1170 3367 T.
1188 3317 1472 3368 CCXXVII.

429 3389 540 3438 Iam
564 3389 793 3438 Hesiodo
815 3389 1188 3440 tribuebantur
1216 3391 1480 3460 παραινέ-

432 3475 554 3523 σεις
592 3460 684 3511 ἐπὶ
707 3459 1048 3529 διδασκαλίᾳ
1068 3461 1138 3533 τῇ
1163 3457 1474 3528 Ἀχιλλέως.

430 3537 653 3585 Pausan.
684 3535 741 3594 9,
778 3536 869 3596 34,
906 3538 957 3586 5.
1007 3536 1180 3586 Schol.
1216 3538 1287 3587 ad
1325 3538 1473 3588 Pind.

433 3609 585 3672 Pyth.
611 3610 661 3670 6,
681 3610 763 3659 24.
801 3607 1012 3659 Schultz
1035 3611 1088 3659 in
1106 3611 1290 3660 Museo
1308 3611 1474 3661 Rhen.

431 3684 490 3741 5,
526 3681 576 3732 4.
611 3695 664 3745 p.
704 3682 818 3733 600.
877 3683 1049 3734 Etiam
1079 3683 1477 3734 Marcksehess'el

431 3755 644 3807 Hesiodi
667 3756 751 3806 Fr.
779 3769 833 3820 p.
865 3756 983 3806 ⁴79:
1045 3756 1156 3807 «Ad
1186 3757 1478 3809 Hesiodeas

431 3830 673 3879 Chironis
712 3823 1017 3894 ὑποθήκας
1050 3831 1271 3882 fortasse
1308 3832 1479 3882 Hora·-

431 3903 535 3953 tius
573 3902 629 3952 h.
661 3901 697 3952 1.
737 3904 1023 3967 respexit.»
1084 3905 1192 3955 Nisi
1233 3918 1362 3955 vero
1397 3918 1481 3954 re-

431 3975 604 4040 spexit
635 3977 811 4040 potius
833 3976 904 4026 ad
925 3978 1249 4028 Antisthenis
1281 3978 1481 4028 Hercu-

431 4050 555 4100 lem.
606 4050 738 4101 Vide
777 4064 937 4116 supra
977 4053 1032 4101 et
1074 4049 1479 4102 Winckelmann

430 4124 655 4176 Antisth.
680 4137 735 4189 p.
757 4125 837 4174 45.
865 4125 1100 4188 Scriptor
1115 4125 1475 4177 Titanomach.

1551 1467 1796 1555 (πρῶτός
1813 1459 2006 1535 οὗτος)
2026 1468 2126 1533 Εἷς
2142 1486 2204 1522 τε
2220 1470 2599 1537 δικαιοσύνην

1549 1541 1780 1608 θνητῶν
1827 1545 1994 1610 γένος
2039 1539 2219 1611 ἤγαγε
2258 1543 2449 1610 δείξας
2470 1538 2599 1634 Ὅρ-

1549 1633 1692 1681 κους
1722 1618 1824 1669 καὶ
1854 1618 2068 1681 θυσίας
2102 1614 2304 1690 ἱλαρὰς
2324 1620 2425 1670 καὶ
2447 1616 2599 1684 σχή-

1548 1695 1682 1758 ματ’
1722 1686 2031 1757 Ὀλύμπου.
2091 1694 2197 1744 Cir.
2235 1696 2451 1758 Gregor.
2490 1697 2598 1745 Na-

1549 1768 1714 1818 zianz.
1768 1768 2009 1831 Epitaph.
2046 1767 2237 1818 Basilii.
2297 1769 2393 1820 Ed.
2429 1770 2594 1819 Paris.

1550 1842 1696 1892 4778.
1724 1855 1777 1905 p.
1814 1842 1929 1891 779.
1967 1843 2029 1909 et
2057 1843 2324 1905 egregiam
2359 1840 2598 1892 tabulam

1551 1916 1605 1965 in
1654 1917 1825 1966 Μωοο
1872 1915 2088 1966 Bor-bon.
2141 1915 2256 1966 Vol.
2299 1918 2337 1966 I.
2380 1916 2436 1967 T.
2485 1917 2593 1966 VII.

1550 1989 1758 2040 Etenim
1777 2001 1938 2053 saepe
1957 1989 2189 2040 artifices
2207 1989 2409 2052 antiqui
2424 1987 2601 2040 Achil-

1548 2064 1612 2115 lis
1668 2063 1811 2129 apud
1876 2065 2166 2115 Chironem
2226 2064 2599 2116 educationem

1551 2141 1951 2202 expresserunt,
1970 2138 2118 2188 velut
2134 2151 2260 2189 cum
2277 2138 2466 2189 Peleus
2489 2150 2602 2188 ma-

1550 2213 1714 2274 gistro
1748 2210 1913 2261 filium
1947 2212 2108 2261 tradit
2139 2211 2225 2261 vel
2260 2224 2385 2262 cum
2408 2225 2602 2276 parvu-

1549 2284 1634 2335 lus
1679 2297 1863 2335 coram
1914 2287 2178 2335 Centauro
2229 2285 2363 2335 ludit
2409 2286 2600 2350 θυμο-

1549 2356 1695 2408 λέων
1745 2356 1846 2408 ille.
1908 2359 2086 2408 Annal.
2141 2359 2252 2408 dell’
2286 2359 2445 2408 instit.
2507 2359 2590 2407 111.

1550 2444 1672 2497 pag.
1711 2430 1824 2481 453.
1884 2431 2124 2482 Gerhard
2171 2432 2377 2495 Vasenq.
2416 2432 2499 2480 111.
2538 2431 2594 2479 T.

1552 2505 1900 2556 CLXXXVIII.
1970 2504 2103 2556 Vide
2159 2507 2475 2556 Excursum.
2536 2529 2595 2541 -

1547 2578 1750 2643 [mete]
1797 2579 2057 2629 Construe
2096 2593 2147 2628 v.
2180 2579 2365 2630 Invicto
2408 2591 2507 2642 per
2538 2590 2598 2627 se

1550 2652 1724 2715 posito
1762 2652 1839 2712 (ut
1871 2655 1956 2702 est
1986 2653 2127 2715 Virg.
2165 2654 2298 2702 Aen.
2326 2652 2384 2711 6,
2404 2651 2518 2702 365.
2546 2653 2602 2700 et

1549 2726 1606 2787 8,
1634 2725 1799 2787 293.);
1842 2725 2053 2786 Invicto,
2082 2739 2214 2787 puer
2247 2730 2367 2775 nate
2401 2729 2600 2774 morta-

1550 2800 1612 2847 lis
1644 2800 1764 2859 dea,
1800 2798 1978 2862 potius
2013 2810 2202 2861 quam:
2239 2799 2422 2848 Invicto
2445 2809 2596 2860 puer,

1549 2877 1668 2922 nato
1703 2872 1935 2921 mortuus
1967 2873 2088 2932 dca3
2141 2873 2299 2935 «qui,
2353 2872 2599 2935 quamvis

1549 2944 1688 2995 filius
1705 2945 1841 2995 deae
1867 2946 2131 3006 marinae,
2158 2946 2316 2996 morti
2338 2943 2599 2995 obnoxius

1551 3032 1663 3070 es.»
1733 3017 1831 3069 Alii
1864 3018 2096 3083 denique
2132 3019 2481 3083 distinguunt:
2517 3019 2600 3068 lw-

1547 3094 1677 3143 vicce
1706 3093 1962 3144 ntortalis!
2013 3095 2109 3143 dea
2145 3099 2266 3146 nato
2301 3107 2434 3157 puer
2479 3094 2600 3142 The-

1549 3168 1680 3225 tid03
1739 3180 1844 3230 qua
1893 3167 1947 3218 in
1993 3169 2200 3219 ratione
2244 3170 2422 3220 minus
2457 3167 2600 3217 clare

1550 3242 1777 3304 apparet
1824 3243 2088 3306 oppositio
2135 3242 2274 3292 inter
2317 3240 2597 3292 mortalem

1552 3317 1606 3364 et
1640 3314 1826 3375 deam,
1879 3328 1982 3366 nec
2018 3316 2181 3366 credo
2214 3316 2445 3379 antiquis
2484 3313 2602 3378 pla-

1551 3389 1776 3439 cituram
1812 3387 1973 3439 tuisse
2016 3388 2156 3439 hanc
2189 3387 2596 3439 allocutionem:

1548 3463 1735 3512 Invicto
1764 3463 2030 3511 mortalis!

1616 3535 1699 3585 43.
1738 3534 1819 3585 ⁴4.
1866 3536 1926 3585 Te
1946 3535 2130 3599 manet]
2168 3532 2373 3584 «Fatale
2401 3532 2497 3583 tibi
2519 3537 2604 3584 est

1552 3610 1622 3659 ad
1644 3610 1857 3660 Troiam
1874 3608 2196 3673 proficisci.»
2225 3633 2280 3645 —
2305 3608 2600 3668 Assaracus,

1551 3684 1701 3734 Trois
1718 3681 1878 3744 filius,
1902 3683 2166 3733 Anchisae
2191 3694 2340 3733 avus.
2380 3680 2522 3731 Iliad.
2545 3696 2600 3743 υ,

1551 3757 1640 3807 234
1667 3769 1787 3820 sqq.
1820 3783 1873 3793 —
1897 3757 2106 3821 trifida]
2133 3758 2348 3807 Homer.
2370 3754 2514 3805 Iliad.
2542 3770 2599 3816 χ,

1554 3831 1668 3880 454.
1707 3829 1776 3881 de
1800 3829 1967 3880 altero
1992 3830 2304 3881 Scamandri
2330 3829 2506 3880 fonte·
2537 3824 2607 3881 Η

1552 3901 1597 3953 δ’
1630 3903 1721 3955 ἑτέ
1830 3904 1994 3974 θέρει
2019 3905 2245 3988 προρέει
2271 3902 2460 3955 ἐικυῖα
2492 3919 2603 3965 χα-

1553 3974 1696 4050 λάζῃ
1799 3974 1954 4037 χιόνι
1972 3973 2199 4049 ψυχρῇ.
2226 3979 2378 4029 Manu.
2402 4002 2457 4014 ·-
2477 3992 2604 4041 par-

1551 4053 1603 4101 vi
1636 4079 1665 4089 -
1703 4052 2034 4116 Scamandn]
2111 4054 2303 4103 Contra
2346 4051 2491 4102 Iliad.
2530 4068 2599 4111 υ,

1555 4125 1657 4174 73³
1711 4126 1895 4191 μένας
1946 4122 2208 4191 ποταμὸς
2248 4123 2567 4191 βαθυδίνης
2584 4163 2599 4187 ‚

433 4199 574 4262 apud
610 4198 777 4249 Clem.
816 4198 962 4250 Alex.
1014 4199 1116 4249 Str.
1167 4199 1219 4261 4,
1260 4199 1346 4260 45,
1383 4199 1476 4249 73τ
1542 4193 1904 4250 ὋνΞάνθον
1926 4199 2200 4253 καλέουσι
2222 4201 2378 4263 θεοί,
2403 4193 2603 4270 ἄνδρες
