3234 4975
649 382 671 446 *l
688 384 767 446 44

1413 385 1669 436 HORATH
1707 386 2041 437 CARMINUM
2116 445 2119 448 Α

1310 745 1777 807 cm
1840 746 2145 807 XXVI-

983 925 1180 990 Musis
1223 910 1467 991 amicus
1513 925 1828 992 tristitiam
1877 935 1941 990 et
1982 932 2189 990 metus

982 1046 1251 1111 Tradam
1298 1047 1614 1133 protervis
1661 1047 1724 1111 in
1768 1067 1944 1112 mare
1989 1046 2312 1112 Creticum

776 1249 949 1298 XXVI.
1021 1249 1184 1296 Inscr.
1231 1247 1367 1311 volg.
1439 1249 1514 1298 Aa
1552 1246 1747 1296 Aeliu-m
1788 1246 2033 1295 Lamiam.
2088 1272 2143 1282 -
2189 1245 2265 1294 Ad
2306 1246 2479 1294 Musas
2513 1246 2572 1295 de
2604 1246 2742 1294 Aelio

716 1320 902 1385 (Caelio
950 1322 1046 1386 BT)
1098 1322 1284 1371 Lamia
1314 1323 1448 1373 BST.
1504 1350 1557 1358 —
1607 1322 1731 1370 Post
1778 1333 1825 1369 v.
1880 1322 1927 1370 2.
1981 1320 2162 1370 deficit
2211 1319 2340 1370 Cod.
2387 1320 2423 1369 d
2466 1332 2637 1382 usque
2677 1320 2743 1369 ad

715 1397 890 1446 Carm.
929 1397 1010 1455 28,
1049 1395 1129 1446 34.

718 1573 890 1623 XXVI.
951 1575 1144 1635 «Musa,
1182 1575 1268 1624 cui
1310 1576 1451 1624 totus
1484 1573 1696 1624 deditus

651 1661 738 1699 res
788 1650 935 1698 extra
986 1661 1074 1698 me
1125 1651 1324 1712 positas
1367 1648 1494 1699 nihil
1544 1662 1690 1708 curo,

651 1721 864 1772 celebra
899 1723 1137 1772 Lamiam
1173 1725 1416 1773 meuml»
1477 1725 1531 1772 L.
1573 1723 1695 1785 (non

650 1797 730 1859 Q.)
766 1795 943 1846 Aelius
978 1799 1154 1847 Lamia
1191 1796 1515 1848 nobilissima
1538 1800 1694 1861 gente

651 1873 797 1921 ortus
832 1870 1016 1921 consul
1049 1885 1097 1921 a.
1136 1885 1189 1921 u.
1218 1884 1265 1921 c.
1292 1872 1405 1921 756.
1462 1872 1567 1923 Cir.
1594 1872 1690 1922 Od.

652 1946 700 2004 3,
741 1945 821 2005 47,
851 1946 895 1994 4.
935 1946 1065 2009 Epp.
1096 1947 1144 2005 4,
1173 1945 1253 2007 44,
1282 1947 1329 1995 6.
1368 1947 1528 1996 Tacit.
1555 1948 1690 1996 Anu.

652 2021 700 2081 6,
738 2020 842 2079 27„
879 2019 971 2069 ubi
1006 2019 1072 2068 ad
1098 2032 1219 2069 ann.
1248 2033 1299 2069 u.
1339 2033 1387 2069 c.
1427 2021 1539 2071 786.
1580 2022 1695 2071 eius

651 2106 797 2143 mors
845 2094 1092 2143 refertur.
1165 2092 1311 2155 (Vide
1365 2094 1694 2157 Excursum.)

652 2168 806 2218 Filius
842 2170 924 2218 est
957 2169 1013 2216 L.
1051 2166 1180 2218 Aelii
1217 2170 1446 2230 Lamiae,
1487 2172 1699 2233 praeto-

650 2243 725 2292 ris
760 2255 807 2291 a.
845 2254 898 2290 u.
938 2255 984 2290 c.
1021 2243 1144 2303 744,
1193 2255 1355 2305 quem
1390 2244 1699 2307 frequenter

650 2315 832 2367 laudat
898 2317 1084 2366 Cicero
1160 2317 1225 2379 (v.
1297 2318 1695 2367 Onomasticum

653 2390 872 2453 meum).
934 2391 1070 2440 Cum
1104 2391 1207 2440 hoc
1231 2404 1448 2441 carmen
1483 2405 1700 2455 compo-

653 2468 887 2525 neretur,
925 2463 1217 2516 admodum
1251 2465 1563 2519 adolescens
1587 2467 1700 2517 fue-

653 2543 720 2593 rit
753 2553 976 2592 necesse
1012 2542 1109 2602 est,
1147 2543 1307 2605 atque
1339 2541 1424 2592 vel
1459 2543 1579 2593 ideo
1613 2544 1698 2592 in-

653 2613 905 2666 credibile
963 2614 1174 2665 videtur
1239 2628 1362 2665 eum
1423 2618 1697 2667 hominem

653 2692 813 2742 fuisse
867 2686 1287 2757 μελαγχολικὸν
1343 2692 1398 2740 et
1462 2693 1693 2752 anxium,

651 2769 711 2815 ut
756 2765 938 2814 volunt
994 2763 1254 2825 nonnulli;
1313 2766 1478 2816 immo
1534 2764 1697 2816 nobili

652 2839 1047 2890 adolescentulo
1103 2841 1217 2891 siue
1286 2841 1446 2890 nimio
1512 2839 1695 2890 labore

652 2915 933 2978 gratificari
986 2913 1150 2963 voluit
1198 2916 1301 2964 hoc
1351 2915 1593 2965 odarium
1647 2915 1697 2963 ei

653 2991 886 3048 mittens,
902 3001 1026 3038 cum
1036 2989 1296 3039 iuniorem
1306 2991 1535 3039 amicum
1547 2990 1698 3053 poesi

652 3063 755 3112 hac
801 3075 938 3111 nova
986 3064 1050 3124 (v.
1101 3062 1200 3124 40.)
1242 3060 1493 3113 delectari
1525 3063 1695 3128 probe

653 3138 831 3188 sciret.
894 3136 996 3185 «Ex
1033 3149 1117 3185 W.
1155 3135 1265 3185 3-5.
1293 3136 1459 3199 liquet
1480 3139 1697 3188 carmen

655 3213 913 3275 scriptum
948 3223 1067 3260 esse
1103 3224 1150 3260 a.
1189 3225 1242 3260 u.
1282 3225 1328 3261 c.
1367 3213 1479 3262 729.
1517 3214 1700 3277 Respi-

654 3288 790 3336 citur
839 3284 982 3333 enim
1031 3287 1315 3349 apparatus
1365 3284 1507 3348 belli,
1553 3285 1697 3350 quod

654 3359 904 3425 expulsus
939 3359 1189 3410 Phraates
1211 3372 1316 3409 una
1342 3374 1466 3411 cum
1489 3361 1700 3424 Scythis

654 3438 837 3486 contra
893 3435 1156 3485 Tiridaten
1206 3449 1392 3499 regem
1444 3439 1694 3501 suscepit.

652 3513 798 3561 Tunc
831 3510 987 3572 igitur
1018 3511 1074 3559 et
1104 3511 1203 3574 ipsi
1237 3511 1431 3573 Parthi,
1470 3524 1698 3574 quorum

652 3597 941 3650 permagna
1008 3597 1134 3647 pars
1188 3585 1400 3635 Tiridati
1465 3586 1694 3648 favebat,

653 3658 967 3710 metuebant
1007 3672 1193 3722 regem
1227 3661 1543 3723 Scytharum
1578 3675 1699 3712 ma-

653 3747 756 3797 gno
807 3747 931 3783 cum
981 3736 1214 3784 exercitu
1266 3736 1698 3800 appropinquan-

653 3811 782 3868 tem,
822 3811 876 3858 et
907 3808 1164 3861 Tiridates
1200 3822 1412 3860 summo
1431 3811 1480 3860 in
1506 3812 1695 3860 timore

651 3881 992 3942 versabatur,
1030 3897 1097 3934 ne
1131 3897 1294 3948 regno
1328 3885 1694 3948 expelleretur.

653 3959 825 4020 Atque
860 3958 929 4006 ita
965 3959 1079 4008 eius
1115 3960 1271 4009 timor
1304 3960 1559 4011 adauctus
1594 3962 1694 4022 est,

655 4034 713 4081 ut
746 4032 798 4081 in
832 4033 1139 4096 Hispaniam
1162 4034 1231 4084 ad
1253 4037 1547 4098 Augustum
1569 4048 1697 4099 pro-

653 4106 859 4170 fugerit.
920 4109 1031 4158 Hoc
1064 4110 1262 4159 factum
1296 4124 1343 4160 a.
1382 4124 1434 4160 u.
1473 4123 1521 4159 c.
1559 4110 1693 4170 729„

653 4182 714 4229 ut
743 4183 892 4246 patet
914 4196 943 4232 e
965 4184 1163 4233 Iustino
1197 4182 1278 4244 42,
1303 4186 1352 4244 ὅ,
1379 4184 1428 4233 6.
1467 4185 1696 4234 Carmen

656 4258 834 4306 autem
870 4257 1209 4307 Horatianum
1237 4258 1588 4321 compositum
1615 4259 1698 4307 est

1768 1577 1891 1624 ante
1932 1573 2109 1637 sugam
2149 1571 2387 1623 Tiridatis
2408 1610 2420 1632 ,
2469 1575 2615 1623 certe
2657 1576 2808 1623 ante—

1769 1659 1931 1711 quam
1966 1647 2033 1697 de
2079 1661 2144 1697 ea
2178 1649 2392 1698 nuntius
2427 1649 2649 1698 Romam
2682 1662 2811 1712 per-

1768 1723 1903 1773 latus
1954 1725 2149 1772 esset.n
2219 1724 2434 1773 Funus.
2516 1722 2595 1773 Ad
2647 1735 2811 1786 quem

1767 1799 1903 1847 haec
1954 1797 2139 1848 scribit
2188 1798 2522 1848 LAcuuAmms
2571 1812 2624 1862 p.
2683 1798 2806 1847 239:

1770 1872 2096 1929 «Concede8‚
2135 1871 2187 1920 ni
2223 1869 2388 1933 fallor,
2427 1871 2626 1933 aliquot
2662 1873 2811 1922 annis

1767 1946 1914 2009 prius
1960 1946 2064 1995 hoc
2098 1958 2315 1995 carmen
2359 1946 2519 1996 scribi
2553 1947 2806 2011 potuisse.

1768 2022 1845 2070 De
1880 2024 2121 2084 tempore
2157 2021 2300 2071 enim
2324 2022 2626 2072 telustinus
2647 2020 2812 2070 dece-

1768 2096 1861 2158 pit,
1900 2096 1990 2158 qui
2047 2108 2169 2145 cum
2206 2095 2431 2145 deberet
2468 2096 2647 2146 dicere
2687 2108 2812 2145 cum

1768 2170 1934 2218 Dione
1969 2170 2051 2229 54,
2091 2171 2170 2220 48.
2208 2171 2261 2219 in
2293 2171 2473 2220 Asiam
2512 2171 2582 2221 ad
2615 2172 2812 2220 Caesa-

1769 2256 1885 2293 rem
1919 2244 2218 2307 profugisse
2242 2244 2522 2305 Tiridaten,
2558 2256 2810 2309 perverse

1771 2318 1823 2367 in
1874 2319 2124 2381 Hispania
2170 2317 2369 2368 bellum
2414 2324 2532 2369 timo
2580 2319 2814 2380 temporis

1768 2397 2017 2457 gerentem
2050 2394 2357 2455 somniavit,
2406 2392 2551 2456 quod
2595 2391 2812 2442 videbat

1769 2468 1997 2532 Trogum
2048 2468 2340 2521 subiecisse
2396 2468 2458 2533 (ἓ.
2515 2468 2615 2533 40.)
2672 2480 2808 2532 quae

1768 2545 1891 2607 post
1938 2543 2073 2592 haec
2115 2544 2260 2595 finito
2300 2545 2628 2608 Hispaniensi
2670 2541 2810 2593 bello

1771 2619 1920 2680 gesta
1961 2621 2204 2667 essent.»
2274 2621 2445 2681 Atque
2488 2619 2808 2670 Lachmanni

1770 2692 2087 2742 sententiam
2154 2693 2433 2742 confirmat
2495 2691 2691 2756 Virgilii
2758 2695 2809 2743 in

1770 2767 2037 2829 Georgicis
2072 2780 2121 2816 a.
2156 2780 2211 2816 u.
2251 2780 2297 2817 c.
2324 2767 2437 2818 724.
2477 2768 2631 2818 editis
2663 2767 2809 2818 locus

1770 2841 1904 2890 infra
1939 2840 2005 2890 ad
2038 2855 2090 2890 v.
2128 2842 2178 2891 3.
2217 2843 2527 2906 exscriptus

1837 2954 1881 3002 4.
1951 2953 2107 3003 Musis
2146 2954 2352 3018 amicus]
2391 2955 2564 3018 «Eg0,
2616 2954 2699 3004 cui
2737 2954 2812 3003 sa-

1767 3028 1895 3076 vent
1906 3040 2173 3090 quemque
2195 3029 2410 3079 tuentur
2431 3031 2626 3090 Musae,
2654 3042 2808 3079 curas

1771 3114 1957 3151 omnes
1986 3100 2139 3164 longe
2162 3115 2192 3151 a
2216 3114 2303 3152 me
2327 3101 2514 3166 pellem
2556 3131 2610 3139 —
2634 3104 2807 3168 metus]

1769 3174 1986 3226 Pluralis
2020 3176 2203 3226 rarior.
2242 3177 2389 3226 Ovid.
2427 3177 2561 3226 Fast.
2602 3179 2623 3227 4
2646 3216 2658 3238 ,
2714 3179 2809 3228 465

1770 3251 1941 3311 Deque
1954 3264 2061 3300 meo
2072 3251 2284 3312 pavidos
2294 3252 2624 3300 excutecorda
2634 3257 2805 3302 nictus.

1835 3361 1883 3410 2.
1936 3361 2201 3425 protervis]
2233 3360 2384 3412 Idem
2417 3360 2679 3412 ἐπίθετον
2712 3376 2808 3426 pro

1773 3437 2136 3499 «impetuosis,
2180 3436 2460 3487 violentis»
2507 3437 2598 3486 dat
2638 3436 2809 3486 &frico

1770 3511 1933 3574 Epod.
1974 3511 2053 3572 46,
2090 3513 2172 3562 22.
2231 3511 2479 3562 Similiter
2509 3513 2715 3562 Lucret.
2755 3512 2804 3571 6,

1771 3588 1890 3637 44οτ
1920 3587 2257 3648 petulantibus
2284 3588 2451 3636 Euris,
2507 3587 2646 3649 Virg.
2673 3588 2803 3635 Aen.

1771 3663 1817 3722 4,
1854 3661 1976 3711 536:
2006 3661 2303 3722 procacibus
2331 3661 2539 3711 Austris.
2592 3662 2810 3710 Senten-

1769 3737 1840 3785 tia
1883 3737 1967 3785 est
2006 3737 2113 3786 iam
2154 3736 2453 3785 Homerica.
2513 3734 2703 3797 Odyss.
2745 3734 2804 3795 θ,

1768 3809 1891 3860 408:
1949 3803 2089 3872 ἔπος
2137 3808 2186 3859 δ’
2241 3806 2395 3879 εἴπερ
2426 3824 2481 3859 τι
2528 3807 2809 3870 βέβακται

1768 3881 1994 3944 Δεινόν,
2029 3878 2194 3957 ἄφαρ
2212 3880 2282 3935 τὸ
2303 3887 2537 3955 φέροιεν
2558 3878 2810 3955 ἀναρπά-

1769 3956 1944 4024 ξασαι
1966 3954 2181 4010 ἄελλαι.
2211 3987 2268 3995 -
2292 3961 2347 4008 in
2365 3973 2510 4009 mare
2543 3960 2805 4023 Crotiemn]

1770 4034 1928 4099 Soph.
1955 4035 2140 4085 Trach.
2170 4035 2289 4084 ⁴⁴7:
2325 4030 2529 4092 βιότου
2561 4030 2808 4084 πολύπο-

1768 4123 1890 4169 νον,
1919 4101 2113 4179 ὥσπερ
2135 4105 2381 4173 πέλαγος
2403 4106 2678 4178 Κρήσιον,
2714 4107 2805 4157 ubi

1770 4181 1969 4231 Schol.:
2038 4178 2118 4245 ὦς
2185 4178 2334 4232 πάνυ
2390 4183 2807 4246 χειμαζομένης

1770 4254 1875 4321 τῆς
1907 4258 2029 4326 περὶ
2068 4253 2297 4328 Κρήτης
2332 4253 2651 4321 θαλάσσης.
