3234 4975
674 394 755 457 86

1427 394 1686 445 HoRA'rn
1725 393 2057 449 CARMINUM,

1095 550 1334 616 Furtim
1374 548 1641 628 labitur,
1688 570 1966 637 arguens

1007 675 1213 751 Quam
1254 671 1438 739 lentis
1481 674 1734 760 penitus
1776 693 2067 740 macerer
2107 672 2376 760 ignibus.

1096 833 1280 907 Uror,
1328 852 1445 898 seu
1492 831 1604 899 tibi
1650 831 1960 898 candidos

1007 955 1365 1040 Turparunt
1406 952 1710 1021 humeros
1754 953 2136 1021 immodicae
2180 974 2360 1021 mero

2738 954 2819 1019 40

1097 1076 1323 1153 Rixae‚
1371 1076 1507 1142 sive
1550 1095 1716 1162 puer
1757 1074 1975 1142 furens

1001 1196 1332 1284 Impressit
1372 1216 1728 1263 memorem
1771 1196 1964 1263 dente
2009 1196 2205 1264 labris
2248 1208 2481 1264 notam.

1085 1320 1250 1397 Non,
1298 1319 1353 1384 si
1395 1339 1502 1385 me
1545 1319 1703 1385 satis
1743 1318 2005 1396 audiaS,

813 1509 889 1558 40.
925 1509 1173 1559 enmodtco
1208 1507 1318 1571 (sic)
1354 1509 1410 1558 Τ.
1459 1534 1512 1543 -
1549 1507 1632 1557 42.
1669 1507 1806 1569 [apr.
1845 1506 1900 1556 T.
1944 1534 1998 1543 -
2036 1507 2114 1557 43.
2150 1507 2323 1558 audies
2356 1509 2411 1558 Τ.

667 1653 771 1720 λὰς
803 1656 866 1709 δὲ
906 1654 1308 1728 μετετρωπᾶτο
1341 1652 1578 1743 παρειὰς
1605 1650 1706 1718 Ἐς

663 1728 860 1794 χλόον,
894 1726 1086 1783 ἄλλοτ’
1120 1725 1378 1803 ἔρευθος,
1401 1730 1706 1802 ακηδειῃσι

661 1803 844 1857 νόοιο.
881 1809 1098 1858 Servavi
1117 1814 1321 1859 manent
1339 1811 1559 1873 propter
1581 1822 1709 1861 con-

661 1895 881 1932 sensum
900 1881 1067 1932 Codd.
1087 1895 1351 1944 meorum,
1378 1895 1703 1947 quamquam

660 1954 925 2005 Bentleius
974 1955 1224 2017 adnotat,
1282 1955 1374 2006 ubi
1424 1956 1705 2020 singularia

660 2029 767 2078 duo
818 2030 1201 2092 coniungantur
1222 2068 1234 2092 ‚
1288 2044 1413 2082 cum
1456 2032 1704 2082 utriusvis

663 2105 870 2153 numeri
912 2104 1082 2154 verbo
1117 2118 1428 2168 congruere,
1466 2105 1558 2156 ubi
1591 2106 1705 2156 dis-

661 2177 958 2240 iungantur,
984 2178 1302 2241 singularem
1326 2181 1541 2244 requiri.
1577 2183 1705 2231 Pro-

662 2251 966 2303 ductionem
1034 2254 1251 2317 quidem
1324 2254 1503 2307 brevis
1580 2254 1698 2319 syll.

663 2327 870 2392 (manet)
904 2330 955 2378 in
990 2341 1211 2379 caesura
1244 2343 1434 2380 versus
1467 2330 1705 2381 defendit

661 2401 755 2452 Od.
794 2403 844 2464 2,
883 2404 962 2464 43,
1001 2404 1088 2453 46;
1133 2404 1294 2455 Caeca
1335 2405 1472 2455 timet
1501 2406 1705 2455 aliunde

658 2476 788 2539 sata.
813 2505 868 2513 —
893 2478 1118 2528 humor-
1133 2506 1163 2517 -
1180 2479 1389 2545 Furtim]
1429 2482 1699 2531 «secretae

659 2549 1014 2603 lacrimulae.»
1043 2581 1097 2589 —
1134 2555 1366 2619 ανσυοηε]
1402 2555 1697 2619 Asclepiad.

660 2624 713 2675 in
763 2628 918 2677 Anth.
978 2627 1083 2678 Pal.
1132 2629 1195 2678 11.
1254 2643 1306 2694 p.
1363 2629 1492 2681 492:
1563 2628 1704 2701 ἐρᾷν

655 2696 1006 2770 ἀρνεύμενον
1038 2698 1181 2770 ἡμῖν
1212 2698 1427 2771 ἤτασεν
1464 2702 1527 2756 ἐν
1560 2703 1702 2755 πολ-

654 2772 724 2847 λῇ
759 2773 1091 2850 Νικαγόρην
1123 2775 1421 2848 προπόσει.

719 2851 768 2900 8.
805 2852 961 2917 levatis]
1000 2867 1129 2918 «per
1150 2853 1458 2906 diuturnum
1484 2858 1699 2920 tempus

658 2922 862 2974 occulte
887 2939 976 2976 me
994 2930 1484 2980 consumentibus.»
1510 2930 1695 2981 Tibull.

658 2996 922 3058 4,4,84;
968 3001 1699 3065 ΗουὴοαᾳυαηιιοηιοΜα-

653 3072 831 3121 rachus
861 3087 942 3123 me
973 3079 1166 3138 torquet
1199 3081 1402 3129 amore!
1447 3079 1594 3129 Ovid.
1633 3084 1692 3131 Α.

655 3147 715 3196 Α.
755 3147 804 3208 3,
840 3149 966 3197 573:
1013 3151 1213 3213 Iynibus
1237 3153 1316 3202 hic
1348 3154 1492 3203 levatis
1520 3161 1700 3206 uretur

653 3225 710 3270 ul
741 3221 947 3272 hmnida
978 3226 1143 3274 taeda.
1186 3254 1239 3263 —
1287 3228 1527 3294 macerer]
1564 3233 1698 3280 Pro-

655 3296 768 3359 prie
793 3295 955 3347 linum
979 3311 1116 3363 aqua
1132 3308 1439 3364 nuncet-atur,
1463 3304 1534 3354 ita
1557 3304 1698 3355 mol-

656 3371 793 3432 litur,
815 3375 873 3421 ut
902 3372 1004 3423 tela
1034 3374 1280 3426 cellulosa
1314 3379 1606 3442 putrefacta
1630 3379 1696 3430 fl-

656 3445 800 3496 latim
834 3446 966 3497 solvi
1000 3447 1148 3499 facile
1189 3453 1373 3515 possit.
1445 3454 1576 3504 Hinc
1622 3455 1697 3505 si-

655 3520 868 3582 gnificat
887 3536 1185 3574 consumere.
1241 3528 1523 3591 Utramque
1542 3530 1700 3592 signi-

655 3597 954 3647 ficationem
985 3604 1368 3651 conservarunt
1398 3602 1527 3653 Itali.
1588 3603 1694 3654 Csr.

656 3669 816 3720 Plaut.
857 3673 975 3723 Cas.
1013 3675 1063 3734 2,
1096 3673 1145 3734 8,
1175 3674 1235 3724 9:
1271 3668 1472 3726 illorum
1503 3691 1583 3728 me
1614 3679 1699 3728 ab·

653 3748 730 3794 ter
760 3747 979 3809 mactat,
1016 3749 1145 3798 alter
1176 3756 1416 3800 macerat.

718 3820 768 3868 9.
821 3821 964 3887 Uror]
1016 3825 1132 3873 Non
1165 3824 1450 3887 significat:
1490 3824 1698 3876 «Doleo

654 3895 703 3942 te
740 3892 875 3943 male
911 3896 1194 3948 mulcatam
1217 3912 1248 3948 a
1270 3897 1565 3962 Telephon
1600 3901 1698 3950 sed

657 3965 998 4037 «ζηλοτυπίᾳ
1022 3974 1297 4022 excrucior
1314 3974 1476 4024 certis
1501 3987 1566 4022 ex
1598 3988 1700 4024 no-

655 4043 720 4093 tis
754 4044 1181 4095 animadvertens
1215 4049 1266 4096 te
1297 4049 1420 4112 post
1453 4048 1621 4098 rixam
1647 4049 1698 4098 in

655 4119 769 4168 eius
801 4120 1061 4182 potestate
1100 4119 1257 4171 fuisse
1278 4136 1333 4180 »ις
1384 4135 1507 4172 nam
1554 4124 1700 4174 eius-

654 4192 798 4243 modi
865 4194 1004 4243 rixas
1078 4191 1391 4258 plerumque
1461 4199 1702 4260 sequitur

654 4267 927 4331 amplexus
979 4271 1032 4320 et
1075 4269 1272 4332 gratiae
1323 4271 1694 4323 reconciliatio.

1778 1657 1836 1705 ln
1870 1655 1953 1706 his
2000 1655 2249 1707 omnibus
2281 1660 2480 1721 quanto
2525 1658 2819 1708 vehemen-

1778 1732 1940 1781 tiores
1972 1730 2127 1782 nobis
2159 1733 2265 1782 sint
2293 1731 2473 1797 populi
2495 1732 2820 1783 meridiona-

1777 1805 1874 1867 les,
1925 1819 2199 1869 nunquam
2247 1805 2667 1858 obliviscendum
2716 1809 2815 1857 est.

1779 1884 1948 1944 Atque
1983 1882 2138 1932 nimis
2171 1881 2410 1945 profecto
2449 1880 2658 1931 delicati
2697 1882 2820 1931 sunt

1778 1956 2125 2020 interpreteS,
2184 1956 2273 2019 qui
2329 1957 2396 2007 de
2445 1956 2817 2006 verberatione

1776 2029 1983 2094 puellae
2016 2044 2115 2081 nos
2147 2032 2378 2094 cogitare
2403 2034 2596 2081 vetant.
2628 2028 2814 2081 Tibull.

1778 2106 1825 2165 4,
1865 2106 1944 2165 40,
1975 2106 2067 2154 55:
2104 2104 2309 2170 (puella)
2341 2106 2445 2155 Flet
2476 2111 2673 2157 teneras
2701 2104 2819 2154 sub-

1775 2184 1891 2229 tusa
1920 2194 2074 2244 genas
2088 2194 2107 2239 ‚·
2158 2181 2242 2230 sed
2286 2181 2449 2230 victor
2496 2185 2542 2230 et
2577 2182 2683 2243 ipse
2713 2180 2819 2230 Flet

1773 2255 1866 2303 sibi
1914 2256 2155 2306 ammos
2201 2261 2308 2305 tam
2354 2255 2567 2306 valuisse
2618 2269 2813 2306 manu-s.

1775 2331 2015 2393 Propert.
2067 2331 2118 2390 2,
2167 2329 2393 2392 45,’49;
2465 2331 2595 2392 Quin
2643 2331 2813 2393 etiam,

1773 2405 1815 2453 si
1847 2417 1927 2455 me
1955 2406 2165 2455 ulter-ius
2179 2406 2469 2468 provenerit
2496 2407 2604 2468 ira,
2643 2407 2816 2457 Osten-

1774 2480 1857 2530 des
1887 2481 2043 2530 matri
2075 2479 2283 2530 brachia
2314 2481 2451 2530 laesa
2484 2486 2616 2531 tuae.

1839 2555 2047 2605 40-43.
2107 2556 2409 2620 ΤωῬαηιηι]
2445 2555 2665 2608 maculis
2698 2555 2817 2608 livi-

1773 2628 1873 2690 dis,
1911 2643 1976 2680 ex
2006 2629 2322 2681 verberibus
2351 2631 2497 2680 ortis.
2539 2659 2595 2667 —
2635 2632 2816 2682 inuno-

1772 2705 1912 2754 dicao
1952 2717 2091 2754 mero
2134 2705 2313 2768 Rioeae]
2363 2718 2492 2768 uper
2533 2704 2815 2768 largiorem

1772 2779 2221 2841 computationem
2255 2780 2390 2829 inter
2418 2792 2517 2829 vos
2557 2781 2814 2832 excitatae

1772 2857 1827 2903 et
1877 2853 2009 2903 ultra
2054 2854 2278 2904 modum
2321 2867 2699 2919 progressae.»
2756 2883 2809 2892 .-

1770 2929 2050 2993 memorem]
2106 2929 2205 2988 ita,
2243 2930 2303 2978 ut
2334 2926 2812 2980 morsiuncularum

1772 3003 1928 3052 notae
1962 3003 2255 3066 impressae
2289 3005 2556 3053 maneant.
2610 3003 2721 3053 Tib.
2763 3006 2810 3064 4,

1770 3078 1819 3137 6,
1859 3075 1952 3127 ⁴4:
2005 3076 2157 3139 livor,
2214 3079 2368 3139 Quom
2412 3078 2537 3141 facit
2578 3078 2815 3140 impresso

1767 3155 1946 3200 mutua
1994 3151 2135 3200 dente
2186 3152 2360 3201 Venus.
2430 3151 2577 3202 ovid.
2628 3155 2810 3203 Amor.

1770 3227 1818 3284 4,
1870 3224 1920 3284 8,
1974 3224 2066 3274 98;
2120 3226 2375 3288 Factaque
2421 3226 2618 3276 lascivis
2659 3227 2816 3276 livida

1767 3299 1897 3348 colla
1944 3300 2088 3349 notis.
2133 3326 2189 3335 —-
2241 3301 2357 3351 Non
2387 3329 2416 3338 -
2448 3328 2479 3338 -
2512 3301 2704 3366 speres]
2755 3304 2813 3351 ut

1768 3375 1874 3422 Sat.
1923 3375 1974 3433 2,
2022 3375 2070 3433 5,
2126 3374 2219 3423 9⁴:
2288 3376 2401 3425 Non
2450 3376 2602 3425 ettam
2649 3376 2808 3424 sileas,

1768 3449 1899 3512 Epp.
1936 3449 1983 3508 4,
2018 3447 2098 3508 48,
2133 3449 2227 3498 72:
2286 3450 2399 3500 Non
2448 3450 2635 3499 ancilla
2672 3454 2815 3499 tuum

1764 3523 1904 3572 iecur
1952 3523 2150 3571 taceret.
2220 3524 2280 3573 A.
2318 3526 2374 3573 P.
2410 3523 2535 3575 46οε
2587 3526 2701 3575 Non
2751 3525 2815 3574 sit

1768 3598 1855 3660 qui
1887 3597 2058 3648 tollere
2089 3602 2244 3647 curet.

1836 3671 1914 3723 ⁴4.
1962 3674 2040 3722 ⁴5.
2082 3672 2395 3737 papatuum]
2449 3675 2809 3725 «constantem

1770 3760 1833 3796 ac
1868 3746 2034 3796 fidum
2068 3750 2415 3797 amatorem.»
2439 3774 2493 3783 -
2514 3748 2684 3797 oscula
2714 3762 2811 3812 pro

1769 3820 1972 3871 labellis
2006 3822 2151 3885 ipsis,
2189 3820 2383 3885 quibus
2414 3823 2469 3871 tu
2495 3835 2619 3872 eum
2653 3837 2814 3872 oscu-

1768 3898 1909 3950 laris.
1947 3896 2131 3948 Catull.
2167 3897 2249 3959 99,
2286 3898 2346 3947 2:
2389 3896 2647 3946 Saviolum
2681 3898 2815 3947 dulci

1769 3975 1962 4024 diucius
1999 3973 2266 4022 mnbrosia.

1836 4050 1916 4098 45.
1957 4048 2036 4097 46.
2096 4049 2240 4097 Duae
2298 4046 2633 4110 potissimum
2691 4049 2812 4096 sunt

1771 4124 1926 4173 huius
1968 4120 2069 4171 loci
2115 4121 2610 4185 interpretationes,
2677 4122 2812 4170 inter

1771 4211 1903 4260 quas
1938 4197 2193 4246 fluctuare
2221 4196 2512 4260 possimus:
2552 4196 2597 4258 4)
2634 4197 2808 4256 «Quae

1770 4272 1912 4322 savia
1935 4271 2113 4322 Venus
2136 4270 2330 4322 mellita
2355 4270 2579 4322 reddit.»
2606 4273 2704 4320 Pro
2728 4270 2809 4320 his
