3234 4975
655 408 780 473 578

1458 408 1717 458 HORATII
1734 408 1975 458 CARMIN
1986 408 2072 460 ΠΜ

913 564 1172 631 Gaudes
1216 562 1646 641 carminibus;
1693 563 1976 630 carmina
2023 584 2373 650 possumus

920 688 1177 751 Donare
1223 695 1287 750 et
1329 684 1607 771 pretium
1652 683 1870 751 dicere
1915 684 2186 749 muneri.

913 808 1055 872 Non
1100 805 1301 872 incisa
1346 805 1511 871 notis
1554 823 1879 870 marmora
1922 803 2233 890 publicis,

913 929 1037 994 Per
1079 947 1249 1014 quae
1293 926 1557 1013 spiritus
1604 936 1669 993 et
1713 925 1841 991 vita
1884 925 2053 991 redit
2095 925 2285 993 bonis

909 1050 1062 1115 Post
1102 1056 1376 1113 mortem
1418 1045 1697 1113 ducibus
1718 1097 1732 1122 ,

1781 1065 1911 1111 non
1953 1045 2204 1114 celeres
2250 1046 2437 1133 fugae
2754 1046 2835 1111 45

909 1168 1341 1254 Reiectaeque
1386 1174 1745 1233 retrorsum
1797 1166 2172 1234 Hannibalis
2214 1169 2428 1234 minae
2446 1217 2460 1243 ‚

790 1358 870 1406 42.
904 1356 1103 1406 muneri
1121 1352 1292 1415 Bb'l'c,
1318 1357 1427 1405 tres
1448 1353 1633 1404 Bland.
1653 1392 1664 1416 ‚
1688 1351 1869 1419 βγ,(ἶῑ,
1895 1352 2063 1403 Bentl.
2084 1369 2096 1403 ι
2121 1354 2345 1404 muneris
2366 1354 2456 1414 Sd,
2481 1356 2590 1405 tres
2614 1353 2769 1404 dum-

723 1432 863 1481 taxat
883 1431 1015 1480 Pott.
1035 1469 1046 1491 ,
1073 1431 1202 1479 item
1226 1429 1371 1480 [ΡΜ.
1400 1455 1458 1465 -
1484 1429 1581 1478 Vv.
1604 1427 1670 1479 ⁴4
1690 1453 1718 1464 -
1735 1429 1813 1477 47.
1842 1427 2153 1477 subditicios
2186 1429 2374 1477 censet
2399 1427 2570 1478 Hofm.
2593 1427 2771 1478 Peerl-

722 1506 900 1568 kamp.
942 1531 995 1542 -
1053 1505 1132 1554 45.
1158 1504 1330 1554 celcris
1368 1504 1496 1568 naqa
1529 1504 1589 1553 B.
1634 1500 1827 1565 (Verba
1863 1514 1966 1550 non
2003 1501 2182 1551 celeres
2218 1502 2372 1564 suque
2396 1527 2426 1538 -
2454 1527 2482 1538 -
2517 1501 2770 1551 Luc-ratus

719 1580 869 1629 rediit
915 1579 1092 1642 spuria
1135 1578 1387 1628 videntur
1423 1578 1676 1638 Haackio‚
1738 1577 1961 1629 Martino
1983 1614 1995 1638 ,
2033 1576 2412 1638 Lachmanno.)
2455 1602 2510 1612 —
2554 1577 2634 1626 46.
2673 1590 2767 1627 an—

722 1653 907 1704 nabilis
944 1653 1054 1716 (sic)
1097 1654 1153 1702 T.

723 1811 804 1860 44.
845 1810 925 1859 42.
986 1809 1184 1859 Gaudes
1204 1808 1526 1872 caminibus]
1577 1809 1703 1870 «Tu,
1776 1804 2004 1872 praebet
2026 1805 2158 1856 Plut.
2195 1808 2308 1856 Cat.
2350 1807 2472 1856 mai.
2512 1807 2592 1857 49.
2644 1809 2831 1859 Catoni

658 1883 803 1949 quod
820 1895 1142 1947 generosum
1159 1883 1398 1932 animum
1420 1880 1575 1945 longe
1594 1894 1712 1933 ma-

659 1960 739 2022 gis
763 1957 944 2017 decet,
981 1968 1144 2006 sensu
1167 1968 1296 2005 vere
1320 1956 1529 2020 poetico
1553 1968 1709 2019 prae-

659 2033 800 2084 ditus
824 2045 936 2082 es.»
966 2057 1020 2067 —-
1038 2031 1261 2093 pretium
1283 2030 1459 2094 dicere]
1500 2030 1598 2081 «de
1621 2031 1707 2080 iu-

658 2108 740 2157 sto
785 2105 955 2169 pretio
991 2105 1287 2154 carminum
1304 2142 1316 2164 ,
1378 2116 1517 2168 quae
1559 2105 1706 2155 omni

657 2179 760 2231 alio
770 2180 974 2229 honore
994 2178 1190 2229 certius
1207 2176 1566 2228 immortalem
1577 2180 1706 2230 viris

656 2254 798 2305 bene
850 2253 1054 2304 meritis
1105 2250 1325 2315 gloriam
1387 2252 1701 2314 conciliant,

654 2330 802 2379 recte
826 2329 1112 2377 statuere.»
1141 2354 1196 2362 —
1232 2326 1452 2390 muneri]
1488 2328 1705 2377 omnino

656 2402 967 2466 exquisitior
999 2399 1182 2462 lectio,
1219 2401 1274 2451 in
1314 2414 1420 2464 qua
1451 2414 1504 2450 v.
1543 2402 1707 2450 dicere

655 2476 922 2529 statuendi
999 2474 1163 2526 habet
1228 2474 1700 2538 significationem;

654 2564 832 2614 neque
868 2548 1081 2613 intelligi
1115 2550 1318 2614 potest,
1379 2562 1476 2598 cur
1507 2547 1705 2598 librarii

655 2623 945 2675 faciliorem
1010 2622 1294 2674 lectionem
1362 2624 1585 2672 muneris
1651 2623 1703 2672 in

653 2698 1004 2750 difficiliorem
1059 2698 1329 2748 mutarint.
1402 2697 1703 2747 Genitivum

655 2772 950 2837 explicant:
1032 2771 1358 2822 «ostendere
1431 2772 1664 2834 pretium
1685 2807 1698 2832 ,

655 2845 800 2911 quod
842 2844 1008 2896 habet
1041 2858 1259 2895 carmen
1301 2846 1355 2895 in
1388 2858 1449 2896 se
1484 2847 1702 2909 specta-

654 2922 771 2971 tum
791 2935 836 2980 ;»
890 2918 944 2969 id
979 2919 1123 2989 qqod
1158 2918 1352 2969 eodem
1383 2918 1494 2969 fere
1528 2919 1698 2979 redit,

653 2993 753 3045 sed
801 2992 1037 3057 pedestri
1081 2993 1302 3043 orationi
1343 2994 1562 3057 propius
1597 2995 1697 3043 cst.

656 3068 760 3120 Cir.
800 3068 961 3117 etiam
995 3068 1100 3116 Sat.
1136 3068 1194 3128 2,
1231 3066 1292 3127 3,
1328 3066 1427 3117 23:
1483 3068 1703 3118 Callidus

652 3143 766 3192 huic
815 3142 955 3204 siquo
1001 3140 1245 3202 ponebam
1290 3141 1434 3191 milia
1481 3146 1696 3191 contum.

652 3218 763 3268 Nec
826 3227 957 3264 vero
1008 3213 1259 3277 superbia
1308 3215 1449 3265 inest
1513 3215 1700 3266 Flacco

652 3288 864 3352 indigna
900 3289 951 3338 in
988 3301 1052 3339 ea
1086 3286 1312 3339 lectione
1335 3325 1347 3349 ,
1403 3301 1563 3351 quam
1600 3302 1700 3340 nos

652 3361 1017 3428 praetulimus.

720 3437 798 3487 43.
826 3436 908 3488 44.
944 3438 1075 3487 notis
1094 3436 1365 3501 -publicisJ
1394 3438 1539 3487 «Non
1564 3437 1698 3488 tituli

652 3510 944 3574 insignibus
1006 3510 1232 3561 ducibus
1292 3511 1344 3562 in
1401 3514 1698 3563 statuarum

653 3585 1083 3650 (triumphalium)
1132 3584 1250 3635 basi
1301 3584 1513 3648 publice
1548 3586 1700 3637 incisi

650 3672 716 3709 eo
751 3660 935 3722 utique
977 3658 1116 3721 fine,
1170 3661 1230 3709 ut
1278 3657 1460 3709 talium
1510 3658 1699 3711 laudes

651 3736 813 3785 etiam
846 3747 878 3784 a
910 3735 1139 3798 posteris
1182 3732 1548 3796 celebrentur,
1602 3748 1700 3785 ae-

649 3808 917 3871 quiparari
965 3810 1191 3872 possunt
1234 3807 1560 3859 carminibus
1607 3809 1699 3859 bo-

646 3894 855 3943 norum,
892 3881 1104 3931 fortium
1127 3896 1191 3933 ac
1214 3884 1573 3943 strenuorum,
1602 3884 1699 3933 im-

646 3958 955 4020 peratorum
982 3955 1168 4007 laudes
1203 3954 1692 4021 praedicantibus.»

647 4029 757 4079 Liv.
799 4029 859 4090 6,
901 4030 998 4079 29:
1070 4030 1244 4080 tabula
1292 4031 1470 4081 litteris
1514 4032 1691 4081 incisa.

646 4101 850 4153 Eadem
870 4101 1164 4154 litterarum
1179 4142 1191 4165 ,
1227 4117 1331 4154 non
1357 4104 1698 4169 compendio-

643 4175 775 4228 rum*
788 4175 1059 4229 scribendi
1081 4176 1385 4243 (statar-um),
1428 4179 1696 4242 significa-

648 4252 788 4301 tione
834 4251 963 4302 dixit
994 4250 1045 4300 h.
1082 4250 1117 4301 l.
1154 4257 1316 4303 ποιαε.
1380 4252 1693 4317 Exemplum

1780 1881 2023 1932 censorio
2062 1878 2240 1944 populi
2274 1881 2422 1931 iussu
2454 1881 2623 1944 posita
2656 1884 2832 1933 statua

1779 1969 1904 2006 cum
1928 1953 2074 2005 titulo
2093 1954 2646 2006 honorificentissimo.
2673 1958 2833 2007 Prae-

1779 2031 1926 2079 terea
1960 2029 2055 2079 cfr.
2093 2029 2259 2079 Inscr.
2297 2042 2371 2080 m.
2411 2031 2522 2080 Lat.
2549 2030 2605 2080 T.
2633 2031 2672 2079 1.
2700 2044 2824 2095 pag.

1781 2103 1893 2154 ⁴45.
1942 2104 2281 2153 Monumenta
2317 2104 2587 2154 historica.
2658 2107 2831 2156 Gene—

1778 2177 1901 2228 ralis
1935 2180 2122 2234 autem
2152 2180 2234 2227 est
2268 2179 2529 2229 sententia
2565 2191 2667 2229 nec
2700 2192 2828 2230 cum

1777 2264 1984 2315 nupero
2028 2252 2263 2314 quodam
2313 2253 2602 2316 interprete
2635 2253 2826 2304 referri

1776 2327 1954 2388 potest
1997 2326 2066 2375 ad
2111 2326 2373 2376 bonorem
2416 2340 2444 2375 a
2481 2327 2724 2391 Scipione
2774 2328 2828 2377 in

1778 2398 2023 2463 Hispania
2069 2401 2299 2463 partum.
2357 2399 2462 2450 Cfr.
2501 2401 2662 2451 etiam
2684 2401 2817 2464 Epp.

1776 2472 1837 2533 2,
1877 2473 1932 2534 4,
1981 2472 2078 2524 248
2135 2486 2254 2537 sqq.
2328 2475 2582 2524 Ceterum
2623 2474 2824 2539 proba-

1774 2546 1952 2598 biliter
1999 2549 2086 2598 hic
2137 2549 2206 2598 de
2257 2549 2495 2599 virorum
2555 2548 2821 2600 clarorum

1775 2623 1964 2672 statuis
2007 2620 2155 2672 locus
2197 2623 2428 2672 refertur
2473 2623 2541 2673 ad
2576 2637 2699 2685 eas,
2753 2624 2822 2674 de

1775 2695 1970 2758 quibus
2012 2697 2293 2747 Suetonius
2338 2699 2518 2747 Octav.
2568 2697 2658 2746 3⁴:
2713 2698 2825 2748 Au-

1774 2772 1959 2833 gustus
1973 2772 2272 2833 proximum
2306 2784 2341 2820 a
2363 2772 2441 2820 dis
2461 2772 2823 2823 inmortalibus

1772 2846 2010 2896 honorem
2036 2847 2307 2897 ηιοηιονίιιο
2340 2847 2524 2897 ducum
2548 2849 2821 2910 praestitit,

1773 2921 1860 2980 qut
1914 2921 2182 2983 imperium
2243 2922 2421 2984 populi
2491 2924 2702 2972 Romani
2758 2936 2824 2974 aa:

1771 2994 1979 3044 nunimo
2010 2996 2296 3044 mavimam
2325 2996 2665 3047 reddidissent.
2714 2997 2823 3047 Ica-

1774 3081 1868 3128 quc
1929 3073 1975 3119 οι
2023 3082 2181 3131 opera
2229 3070 2468 3131 cuiusque
2513 3070 2824 3121 manantibus

1772 3142 1928 3192 titulis
1986 3143 2202 3192 restittat
2250 3147 2298 3193 ot
2355 3148 2550 3193 uacuas
2602 3146 2824 3195 omnam»

1772 3216 2066 3278 triumphato·
2098 3217 2259 3280 effigio
2291 3217 2346 3266 in
2377 3223 2594 3278 utraque
2622 3219 2725 3282 fori
2744 3221 2823 3269 sui

1764 3291 1968 3351 porticu
1999 3291 2261 3341 dedicavit.
2321 3290 2449 3342 Gell.
2477 3294 2537 3342 N.
2561 3293 2622 3342 Α.
2650 3293 2709 3352 9,
2736 3294 2819 3344 44.
2863 3283 2872 3290 ’

1773 3363 2039 3429 Lamprid.
2075 3364 2222 3416 Alex.
2247 3366 2347 3416 28:
2401 3367 2652 3430 Augustus
2682 3381 2822 3418 smn-

1769 3452 1971 3489 morum
2002 3444 2196 3489 statuas
2232 3441 2462 3489 virorum
2503 3441 2556 3490 in
2586 3441 2700 3504 foro
2731 3454 2822 3490 suo

1771 3527 1798 3563 e
1818 3527 2075 3564 marmore
2089 3515 2348 3565 collocavit
2364 3516 2549 3565 additis
2569 3515 2735 3579 pestis.
2757 3541 2817 3552 —

1769 3588 1974 3650 spiritus
2000 3587 2209 3654 (Autem)
2243 3594 2291 3640 ot
2320 3589 2454 3654 vita]
2503 3591 2566 3642 Ut
2599 3590 2685 3640 hic
2720 3602 2822 3639 no-

1770 3662 1943 3722 mina,
1995 3663 2074 3713 sic
2108 3662 2273 3712 verba
2298 3661 2672 3728 respondentia
2707 3664 2823 3713 iun-

1771 3737 1965 3797 guntur
2014 3735 2110 3786 Od.
2147 3735 2206 3798 4,
2243 3737 2292 3798 9,
2323 3738 2417 3786 4οε
2463 3737 2626 3798 spirat
2657 3736 2821 3786 adhuc

1770 3822 1917 3858 amor
1938 3809 2214 3872 Vtcumque
2233 3811 2481 3860 comnissi
2503 3810 2696 3861 calores
2711 3812 2815 3861 cet.

1769 3883 1911 3946 Virg.
1956 3886 2087 3934 Aen.
2131 3884 2190 3946 6,
2234 3884 2356 3936 848:
2414 3886 2680 3935 Excudent
2727 3884 2820 3934 alii

1766 3958 2018 4019 spirantia
2064 3959 2263 4008 mollius
2295 3973 2449 4020 acra,
2487 3959 2644 4010 &edo
2676 3959 2820 4021 0ᾳυί-

1767 4032 1897 4092 dem,
1931 4032 2071 4082 vivos
2108 4033 2285 4083 ducem
2321 4034 2382 4083 dc
2422 4045 2678 4083 mamere
2706 4033 2819 4082 vol—

1767 4109 1847 4155 tus
1893 4108 1996 4155 cet.

1833 4181 1895 4229 45
1928 4193 2083 4244 seqq.
2103 4179 2276 4231 Multis
2309 4178 2703 4231 difficultatibus
2737 4177 2818 4228 la·

1767 4252 1923 4303 horat
1944 4254 2029 4302 hic
2054 4251 2203 4304 locus
2225 4292 2236 4313 ‚
2281 4256 2340 4304 ut
2362 4256 2534 4305 exstat
2566 4255 2619 4304 in
2641 4253 2820 4303 omni-
