3234 4975
654 384 776 448 404

1423 387 1677 437 flonA'rn
1711 386 2048 439 caminum

907 543 1004 608 Me
1050 564 1220 609 nunc
1264 542 1535 609 Thressa
1579 541 1778 609 Chlo'e
1822 542 2023 630 regit,

989 663 1225 731 Dulces
1270 662 1460 731 docta
1503 663 1733 730 modos
1777 675 1842 730 et
1883 663 2166 731 citharae
2212 664 2462 742 scienS‚

2727 663 2808 728 40

900 788 1023 852 Pro
1073 806 1202 873 qua
1245 806 1372 852 non
1416 795 1698 852 metuam
1741 785 1946 861 mori,

987 906 1052 974 Si
1097 916 1362 995 parcent
1403 907 1654 974 animae
1699 906 1824 973 fata
1868 907 2213 994 superstiti.

898 1067 997 1132 Me
1045 1076 1244 1133 torret
1283 1066 1422 1133 face
1464 1076 1684 1132 mutua

981 1187 1238 1254 Thurini
1285 1186 1496 1255 Calais
1538 1185 1709 1253 filius
1753 1189 1984 1276 Ornyti
2011 1239 2025 1264 ,

895 1311 1019 1375 Pro
1064 1329 1194 1396 quo
1237 1308 1338 1375 bis
1385 1309 1592 1397 patiar
1633 1310 1831 1387 mori,

2723 1310 2804 1376 45

980 1431 1047 1497 Si
1090 1440 1355 1518 parcent
1394 1451 1600 1518 puero
1644 1431 1770 1497 fata
1818 1432 2165 1519 superstiti.

771 1621 820 1670 9.
876 1618 1115 1670 Maesta
1144 1620 1212 1680 B,
1264 1619 1441 1669 Cressa
1481 1635 1554 1683 μ,
1609 1618 1704 1669 Ed.
1743 1620 1985 1671 Locheri.

2046 1644 2099 1655 —
2153 1621 2283 1684 riget
2321 1636 2405 1687 γι,
2458 1634 2539 1685 pr.
2575 1618 2634 1682 β.
2676 1648 2733 1658 -

706 1695 785 1746 40.
821 1695 996 1745 Dulcis
1025 1695 1081 1744 T.
1124 1720 1179 1730 —
1218 1693 1298 1744 44.
1335 1694 1528 1743 Omithi
1561 1695 1667 1744 LCt
1700 1707 1825 1745 cum
1857 1693 2009 1745 Aldo.
2049 1696 2128 1759 (Ut
2161 1708 2284 1757 nos,
2322 1695 2547 1758 Bbs'rc.)

636 1876 797 1913 mana
828 1875 924 1926 pro
948 1875 1040 1923 ea,
1078 1874 1214 1925 quae
1249 1861 1463 1925 proprie
1485 1861 1682 1911 Albana

640 1940 777 1995 erat;
835 1937 911 1986 sic
945 1936 1105 1986 etiam
1139 1935 1320 1985 ovidio
1355 1936 1490 1986 Fast.
1528 1936 1588 1997 3,
1627 1936 1675 1986 9.

639 2015 723 2063 est
755 2013 983 2061 Romana
1024 2011 1254 2060 sacerdos
1268 2048 1286 2071 ,
1344 2009 1436 2059 ubi
1486 2010 1678 2061 frustra

640 2086 887 2138 Heinsius
914 2085 1157 2146 Troiana,
1193 2083 1447 2135 Krebsius
1480 2085 1675 2149 reqina.

703 2161 752 2209 9.
809 2161 889 2210 40.
953 2157 1177 2222 Thressa]
1229 2157 1360 2209 Alii:
1418 2161 1501 2209 Me
1547 2173 1681 2209 nunc

638 2234 813 2285 Cressa
845 2233 1015 2295 Chloe)
1069 2233 1351 2284 durissimo
1386 2247 1517 2284 sono
1551 2246 1681 2298 pro-

635 2311 757 2373 pter
789 2307 884 2358 litt.
911 2321 961 2370 c,
1002 2321 1053 2369 c,
1092 2308 1165 2356 ch.
1197 2333 1253 2344 —
1289 2307 1476 2372 modos]
1510 2305 1675 2373 μέλη.

640 2410 696 2419 -
732 2383 955 2431 cimai-ae
985 2382 1156 2447 sciens]
1199 2381 1295 2431 Od.
1341 2381 1399 2441 4,
1442 2383 1534 2443 45,
1576 2380 1675 2432 24ε

635 2457 794 2512 sciens
823 2458 1044 2522 Pugnae.
1113 2455 1364 2507 Alexand.
1414 2454 1579 2507 Aetol.
1627 2457 1680 2507 in

634 2530 781 2584 Anal.
817 2534 904 2583 Br.
941 2534 980 2582 1.
1017 2545 1137 2596 pag.
1177 2531 1298 2582 4⁴9:
1351 2524 1484 2580 Ἀλλ’
1530 2523 1565 2581 ὅ
1615 2546 1680 2598 γε

637 2602 995 2672 πευθόμενος
1015 2604 1208 2674 πάγχη
1242 2606 1539 2676 Γραικοτσι
1573 2620 1680 2671 με-

634 2680 839 2733 λέσθω
880 2678 1168 2747 Τιμόθεον
1187 2718 1202 2746 ,
1238 2676 1483 2753 κιθάρης
1514 2677 1680 2747 ἴδμο-

633 2772 707 2807 να
740 2757 843 2808 καὶ
873 2755 1110 2823 μελέων.

701 2832 815 2882 42-
840 2832 919 2883 44.
965 2833 1200 2897 animae]
1258 2832 1425 2883 «vitae
1468 2830 1676 2898 puellae

633 2908 1028 2968 amatissimae,
1075 2922 1211 2972 quae
1247 2908 1404 2969 mibi,
1450 2920 1676 2973 precor,

634 2984 908 3044 superstes
932 2981 1050 3031 sit.»
1080 3008 1134 3018 -
1168 2983 1281 3046 face
1299 2982 1501 3047 mutua]
1541 2985 1679 3047 «Ego

633 3066 818 3104 amore
844 3054 894 3103 in
918 3053 1098 3105 Calain
1120 3055 1336 3107 incensa
1360 3056 1500 3107 feror
1534 3058 1679 3108 eius-

635 3140 740 3191 que
764 3130 1008 3178 mutuum
1030 3141 1272 3182 amorem
1296 3133 1590 3196 experior.»
1619 3159 1673 3168 —

636 3202 899 3265 Titanum,
936 3203 1192 3267 oppidum
1214 3206 1474 3257 Lucaniae
1493 3245 1505 3269 ,
1544 3204 1677 3258 ,olim

634 3275 853 3340 Sybaris
869 3314 882 3338 ‚
920 3277 1213 3330 incolarum
1236 3279 1449 3332 mollitie
1472 3283 1674 3331 notum.

635 3350 874 3414 (Differre
904 3365 938 3401 a
961 3353 1155 3403 Thurio
1186 3352 1447 3406 coloniam
1482 3356 1678 3406 Roma-

634 3439 761 3478 nam
796 3427 1038 3491 Copiam‚
1080 3429 1134 3478 in
1167 3442 1352 3492 agrum
1386 3430 1678 3480 Thurinum

635 3500 953 3563 deductam,
991 3502 1415 3556 demonstratum
1447 3505 1539 3554 ivit
1560 3503 1678 3555 Mil-

631 3575 810 3640 lingen
858 3577 911 3627 in
972 3578 1368 3640 Numismatiquo
1416 3580 1477 3628 de
1521 3579 1673 3629 l’m

631 3652 774 3702 Italic
804 3665 858 3716 p.
895 3651 1032 3715 228.)
1103 3653 1346 3703 sturiam
1394 3654 1679 3717 opponitur

637 3727 868 3776 strenae
910 3724 979 3775 illi
1013 3739 1065 3776 v.
1103 3727 1151 3777 9.
1211 3752 1266 3764 -
1321 3727 1516 3791 Calais]
1568 3730 1679 3779 De-

632 3798 759 3863 legit
806 3800 1021 3850 nomina
1070 3802 1280 3864 poetica
1330 3802 1385 3853 et
1446 3815 1674 3853 sonora:

632 3873 831 3936 calm,
910 3875 986 3924 uti
1052 3875 1417 3939 appellabatur
1474 3877 1676 3927 Boreae

632 3947 802 4010 filius,
839 3950 895 3999 et
927 3949 1147 4012 Ornytus
1166 3949 1404 4015 Apollon.
1430 3950 1597 4002 Rhod.
1624 3952 1674 4014 2,

632 4023 717 4074 65.
755 4023 894 4088 Virg.
932 4027 1064 4076 Aen.
1109 4026 1200 4087 44,
1242 4026 1357 4076 677.
1411 4024 1674 4078 Plutarch.

633 4097 790 4154 Thes.
815 4098 863 4148 8.
903 4099 1009 4162 (nln
1043 4099 1319 4151 hominum
1353 4100 1408 4150 et
1438 4098 1680 4152 locorum

632 4171 1075 4237 appellationibus
1107 4176 1255 4237 grato
1288 4187 1421 4226 sono
1455 4176 1510 4225 et
1532 4187 1682 4226 men·

1753 1862 1949 1912 rimum
1984 1862 2196 1913 dedisse
2232 1864 2566 1927 Propertium
2598 1866 2798 1929 patet.»

1753 1936 2045 2000 Hertzberg
2078 1939 2315 2002 Propert.
2351 1940 2393 1987 1.
2418 1952 2471 2002 p.
2500 1939 2612 1989 463.
2651 1938 2802 1989 Idem

1753 2023 1876 2060 cum
1921 2010 2234 2062 iamdudum
2278 2009 2555 2075 aliquoties
2599 2012 2801 2076 signifi—

1753 2097 1960 2135 cassem
1996 2086 2050 2134 in
2084 2085 2220 2136 fictis
2245 2087 2441 2137 Horatii
2472 2087 2796 2150 nominibus,

1752 2161 1984 2210 riserunt
2006 2173 2093 2210 me
2118 2160 2362 2212 homiues
2385 2160 2617 2212 nonnulli
2639 2162 2800 2213 scho-

1751 2233 1948 2293 lastici,
1984 2234 2201 2286 auribus
2236 2234 2519 2297 carentes.)

1819 2309 1933 2357 ⁴5-
1956 2308 2034 2359 48.
2104 2308 2382 2371 bispatiar
2410 2310 2572 2374 mori]
2614 2310 2791 2374 Eurip.

1753 2381 1922 2431 Orest.
1951 2383 2114 2432 ⁴⁴⁴6:
2168 2382 2281 2468 Kftl
2316 2378 2438 2448 μὴν
2474 2379 2591 2433 τόδ’
2625 2377 2795 2454 ’ἔρξας

1750 2453 1838 2519 δὶς
1893 2456 2092 2506 θανεῖν
2157 2451 2228 2508 οὗ
2284 2456 2555 2522 χάζομαι.
2645 2456 2792 2509 Plato

1750 2530 1898 2596 Apol.
1935 2532 2017 2583 30.
2062 2534 2151 2583 C.:
2199 2526 2317 2584 οῦδ
2350 2535 2404 2583 εἰ
2431 2531 2621 2598 μέλλω
2657 2531 2798 2583 πολ-

1750 2603 1914 2669 λάκις
1960 2603 2246 2657 τεθνάναι.
2307 2635 2363 2646 -
2411 2608 2613 2673 prisea]
2654 2609 2790 2658 Raro

1749 2694 1850 2732 usu
1872 2694 1971 2745 pro
1985 2682 2220 2744 pristino,
2256 2695 2490 2746 quocum
2511 2696 2630 2732 voc.
2656 2681 2784 2732 illud

1751 2758 2037 2819 cognatum
2076 2759 2174 2807 est.
2247 2759 2462 2808 «Nonne
2501 2757 2664 2808 satius
2703 2757 2790 2818 sit,

1751 2832 1797 2883 si
1841 2831 2094 2896 pristinus
2140 2844 2294 2882 amor
2345 2832 2537 2882 redeat
2583 2843 2789 2894 nosque

1752 2919 1894 2956 nunc
1927 2904 2148 2956 discidio
2182 2905 2445 2957 diiunctos
2478 2918 2619 2956 nova
2664 2917 2794 2955 con-

1751 2980 1929 3030 cordia
1964 2978 2109 3030 velut
2141 2979 2444 3031 firmissimo
2478 2981 2600 3042 iugo
2634 2991 2796 3042 copu-

1750 3054 1899 3104 lew»
1923 3080 1978 3090 .-.
2001 3053 2278 3119 Diductos]
2312 3055 2564 3105 Deductos
2582 3053 2790 3104 etiamsi

1750 3129 1914 3179 habet
1952 3129 2133 3180 Codex
2168 3129 2442 3194 antiquis&
2485 3130 2551 3191 B,
2613 3131 2793 3179 tamen

1749 3206 1861 3254 tam
1898 3216 2211 3268 perversam
2248 3203 2532 3254 lectionem
2560 3202 2791 3267 probare

1749 3291 1856 3328 non
1903 3277 2139 3328 debebat
2182 3276 2406 3329 Hauthal
2451 3277 2523 3328 ad
2567 3279 2712 3328 Pers.
2747 3277 2786 3327 1.

1746 3365 1865 3416 pag.
1894 3351 2005 3401 490.
2053 3377 2107 3389 -
2162 3351 2527 3416 imo-aevaeo]
2571 3351 2649 3402 Cf.
2691 3349 2785 3401 Od.

1751 3428 1807 3488 4,
1844 3425 1935 3487 33,
1974 3427 2065 3475 44;
2102 3426 2226 3491 iuga
2257 3429 2434 3477 aenea.

1816 3501 1895 3551 49.
1948 3502 2216 3565 ementitur]
2266 3502 2473 3552 «oneris
2515 3502 2682 3552 instar
2721 3499 2788 3551 de

1748 3577 1929 3626 mente
1964 3588 2084 3627 mea
2117 3575 2353 3641 pellitur,
2402 3575 2539 3626 adeo
2585 3577 2644 3625 ut
2676 3576 2791 3626 eius

1746 3663 1967 3715 prorsus
2009 3650 2341 3703 obliviscar.»
2407 3653 2587 3715 Imago
2627 3651 2791 3715 petita

1747 3725 1958 3776 videtur
2007 3726 2075 3777 ab
2127 3739 2267 3790 equo
2309 3729 2583 3776 vectorem
2626 3737 2792 3775 excu—

1749 3800 1930 3863 tiente,
1967 3801 2248 3854 deiiciente
2264 3839 2276 3863 ,
2313 3814 2417 3852 nec
2450 3800 2518 3851 de
2553 3801 2675 3863 iugo
2696 3811 2790 3848 ac-

1750 3876 2079 3941 cipiendum:
2150 3877 2240 3939 qui
2301 3876 2446 3927 enim
2508 3887 2615 3925 uno
2669 3875 2790 3936 iugo

1749 3952 1911 4002 iuncti
1965 3953 2089 4002 sunt
2142 3951 2277 4001 tauri
2293 3985 2306 4012 ,
2377 3948 2602 4001 altemm
2658 3946 2792 3998 alter

1752 4028 2001 4078 excutere
2037 4025 2237 4089 nequit.
2296 4021 2460 4074 Aliter
2481 4023 2793 4086 interpreta-

1751 4104 1837 4151 tur
1865 4098 2134 4151 Bentleius
2165 4098 2235 4149 ad
2267 4098 2364 4149 od.
2389 4097 2443 4160 3,
2482 4098 2570 4158 45,
2607 4096 2665 4146 9;
2706 4096 2788 4145 «Si

1752 4172 1914 4226 Chloe
1948 4187 1980 4224 e
2015 4173 2176 4224 domo
2211 4173 2441 4231 eiicitur;
2484 4171 2546 4222 ut
2575 4170 2784 4221 Terent.

632 4259 792 4298 surae
827 4245 1074 4300 versibus
1096 4248 1533 4302 accommodatae
1554 4248 1676 4316 plu·
1749 4249 1882 4300 Eun.
1907 4249 1964 4311 2,
1991 4248 2045 4312 3,
2082 4249 2173 4298 67:
2208 4248 2368 4300 Homo
2389 4246 2642 4311 quat-'ew
2661 4248 2791 4296 certe
