3234 4975
652 386 732 449 78

905 543 1202 629 Tarquini
1246 541 1485 618 sasoeS,
1534 540 1795 615 dubito,
1843 560 1923 605 an
1970 540 2225 607 Catonis

1152 661 1378 729 Nobile
1424 661 1642 729 letum.

1408 384 1665 449 nortun
1701 385 2036 438 CARMINUM

903 822 1213 911 Regulum
1257 832 1322 889 et
1365 822 1648 889 Scauros
1694 819 2075 907 animaeque
2121 839 2391 907 magnae

911 943 1258 1031 Prodigum
1300 942 1591 1010 Paullum
1636 950 1985 1029 superante
2029 943 2248 1008 Poeno

778 1171 857 1221 35.
901 1183 1033 1220 anno
1064 1169 1205 1219 Curti
1238 1167 1472 1219 malebat
1493 1165 1660 1218 Bentl.
1693 1195 1747 1203 —
1774 1166 1853 1217 38.
1892 1168 2052 1218 Poeno
2084 1172 2374 1230 amarante,
2409 1167 2639 1217 Pauuum
2661 1180 2691 1217 e
2715 1183 2749 1215 κ

717 1243 1032 1308 (Reginensi)
1068 1241 1233 1293 Bentl.
1273 1242 1502 1305 (paulun
1533 1242 1611 1304 Τ.)

648 1420 794 1485 quod
828 1420 928 1471 sub
965 1419 1052 1471 illo
1082 1420 1258 1484 prisca
1281 1420 1443 1470 Roma
1468 1420 1588 1469 ante
1612 1432 1699 1468 re-

652 1509 747 1561 ges
800 1494 1047 1559 expulsos
1101 1506 1373 1545 summum
1428 1494 1694 1558 potentiae

649 1569 873 1633 gradum
909 1569 1092 1631 attigit.
1129 1568 1471 1632 Tarquinium
1506 1568 1700 1630 Super-

649 1645 781 1694 bum
818 1643 903 1707 (de
940 1656 1048 1706 quo
1083 1640 1168 1691 alii
1201 1642 1528 1705 interpretati
1551 1643 1694 1703 sunt,

651 1720 709 1767 ut
758 1731 929 1781 nuper
976 1716 1210 1767 Bosscha
1262 1718 1317 1766 et
1367 1717 1516 1766 Estre
1567 1716 1693 1765 Hor.

649 1795 733 1842 Pr,
770 1806 825 1856 p.
863 1791 996 1854 245.)
1032 1791 1206 1841 dirum
1241 1792 1525 1852 tyrannum
1561 1791 1698 1840 inter

649 1866 841 1916 heroas
875 1864 1120 1915 laudibus
1166 1862 1419 1915 extollere
1466 1877 1574 1914 non
1606 1878 1702 1928 po-

649 1942 801 1989 terat.
871 1941 1056 2002 Neque
1090 1952 1220 1989 vero
1254 1938 1429 1989 afferri
1464 1937 1701 1989 debebat

651 2012 779 2063 illud
813 2014 964 2077 quasi
1000 2011 1230 2076 elogium
1263 2013 1406 2077 apud
1430 2014 1538 2064 Cic.
1567 2011 1695 2063 Phil.

654 2087 706 2148 3,
758 2088 819 2140 b:
879 2089 1178 2150 Tarquinius
1207 2114 1237 2125 -
1270 2114 1300 2125 -
1331 2102 1434 2138 non
1466 2089 1696 2147 crudelis,

652 2177 753 2213 non
785 2163 996 2225 impius,
1030 2164 1116 2212 sed
1146 2163 1385 2225 simet-bus
1414 2163 1611 2213 habitus
1630 2169 1701 2213 est

647 2242 696 2287 et
727 2239 900 2288 ἀίειω.
936 2264 966 2275 -
997 2263 1029 2274 -
1059 2239 1198 2287 Nihil
1244 2238 1426 2288 hinnite
1475 2238 1536 2287 do
1571 2239 1700 2287 Tar-

648 2313 843 2375 quinio,
910 2312 1035 2362 nihil
1085 2314 1344 2363 sordidum
1399 2313 1695 2375 accepimus.

649 2387 887 2447 Etenim,
937 2388 1027 2451 qui
1062 2386 1413 2449 sceleratum,
1462 2389 1554 2451 qui
1586 2401 1701 2439 sor-

650 2462 836 2514 didum
880 2461 1043 2514 ruisse
1089 2467 1275 2529 negat,
1329 2463 1451 2515 ideo
1500 2476 1702 2529 nequa·

649 2551 812 2602 quam
868 2536 1064 2589 laudat.
1129 2565 1184 2576 —-
1243 2539 1490 2590 callidior
1534 2541 1696 2590 etiam

650 2613 773 2672 suit,
833 2613 922 2676 qui
980 2615 1287 2678 nuperrime
1344 2613 1412 2664 de
1470 2617 1696 2677 utroque

649 2686 930 2749 Tarquinio
985 2688 1219 2751 accepit,
1276 2701 1573 2752 provocans
1629 2688 1697 2738 ad

649 2761 792 2824 Virg.
837 2764 969 2812 Aen.
1007 2763 1055 2822 6,
1092 2763 1218 2812 848:
1284 2762 1365 2813 Vis
1403 2768 1450 2814 et
1491 2764 1702 2826 Tarqui·-

647 2836 759 2886 m‘os
788 2849 931 2899 reyes
961 2862 991 2873 -
1022 2863 1053 2873 -
1083 2836 1288 2887 videro?

714 2910 796 2960 35.
851 2910 1065 2975 Catonis]
1119 2913 1304 2975 Neque
1339 2912 1427 2962 hic
1460 2925 1561 2963 nec
1596 2911 1693 2962 Od.

648 2985 699 3043 2,
755 2984 802 3042 ⁴,
857 2983 938 3034 24.
999 2985 1244 3036 Horatius
1302 2985 1553 3036 audacior
1603 2987 1699 3036 fuit

647 3055 860 3120 Virgilio
907 3060 1039 3108 Aen.
1092 3059 1143 3118 8,
1198 3059 1322 3109 670:
1381 3060 1701 3122 Secretusque

642 3132 773 3194 pios,
808 3132 883 3179 his
915 3133 1114 3181 dantem
1146 3132 1266 3181 iura
1287 3133 1556 3193 Catamitu
1590 3136 1700 3187 Ma·

650 3204 772 3255 nilio
808 3206 855 3265 4,
893 3204 1018 3256 794:
1078 3207 1146 3255 Et
1178 3208 1301 3257 Cato
1332 3208 1586 3260 Fortunae
1614 3211 1698 3259 vi-

647 3285 781 3341 ctor,
819 3278 915 3329 ubi
947 3280 1177 3343 iungitur
1220 3295 1345 3332 cum
1379 3285 1607 3348 Agrippa
1643 3287 1699 3335 et

651 3356 912 3413 Caesare3
938 3353 1132 3404 eodem
1156 3354 1205 3416 4,
1227 3356 1318 3406 87:
1356 3358 1596 3408 invictum
1615 3360 1699 3409 do-

648 3429 786 3478 victa
816 3432 979 3478 morte
1012 3429 1282 3488 contonam
1316 3430 1522 3482 Valerio
1557 3434 1692 3483 Max.

648 3505 699 3564 2,
738 3503 819 3564 ⁴0,
856 3504 917 3554 8:
971 3504 1194 3567 Perfecta
1222 3506 1384 3555 virtus
1414 3507 1605 3569 effecit,
1641 3512 1699 3557 ut

649 3578 872 3640 quisquis
902 3580 1156 3643 serapium
1189 3584 1237 3629 at
1270 3585 1499 3631 sanctium
1527 3582 1697 3632 vinoun

647 3654 900 3716 cwavnqus
918 3654 1202 3718 significare
1220 3655 1354 3717 velit,
1389 3656 1479 3705 sub
1499 3659 1698 3707 nomina

650 3727 851 3778 Catonis
879 3728 1134 3792 siqniflcat.
1182 3731 1386 3780 Seneca
1409 3731 1477 3781 de
1500 3732 1692 3794 Tranq.

649 3814 734 3851 an.
763 3802 853 3851 ⁴5:
907 3802 1047 3864 Cato,
1080 3804 1325 3854 virtutum
1354 3806 1474 3854 viva
1504 3806 1691 3870 imago.

641 3875 804 3935 -Quid,
842 3876 987 3938 quod
1021 3878 1288 3944 Augustus
1323 3878 1436 3943 ipse
1461 3880 1697 3930 Catonem

648 3949 777 3998 sario
811 3949 1070 4000 laudavit?
1126 3952 1359 4004 Macrob.
1409 3954 1514 4003 Sat.
1552 3955 1602 4013 2,
1641 3952 1690 4004 4.

650 4026 724 4073 Ac
758 4022 844 4073 vel
878 4023 979 4074 sub
1025 4027 1321 4078 Domitiano
1359 4026 1606 4080 Martialis
1642 4030 1690 4088 4,

650 4099 699 4148 8.
738 4097 977 4149 scribere
1010 4112 1173 4152 ausus
1197 4104 1307 4153 est:
1343 4103 1517 4166 mayni
1541 4103 1696 4153 Thra-

1767 1421 1828 1469 ut
1881 1418 2223 1470 Weichertus
2277 1420 2410 1484 Imp.
2471 1419 2627 1471 Caes.
2680 1422 2810 1484 Aug.

1769 1506 1900 1542 serr.
1926 1492 2037 1543 Rel.
2074 1493 2379 1556 Excurs.1.,
2414 1494 2513 1543 rati
2537 1496 2676 1555 sunt,
2712 1494 2816 1545 hoc

1770 1564 1998 1629 elogium
2044 1570 2338 1630 Augustum
2386 1581 2624 1632 pungere
2659 1569 2816 1634 pote-

1770 1641 1889 1703 rat.)

1838 1714 1920 1764 36.
1989 1714 2163 1764 Nobila
2205 1714 2373 1780 letmn]
2422 1714 2598 1777 Adeo,
2648 1719 2705 1767 ut
2749 1730 2816 1767 ex

1771 1790 1958 1840 mortis
1990 1787 2107 1838 loco
2143 1801 2437 1852 cognomen
2477 1790 2731 1842 Uticensis
2765 1792 2815 1840 ei

1771 1864 1824 1912 in
1875 1866 2197 1927 perpetuum
2246 1864 2518 1914 manserit.
2589 1866 2697 1915 Cic.
2746 1864 2817 1915 ad

1773 1938 1918 1987 Fam.
1947 1937 1995 1999 9,
2034 1938 2123 1987 ⁴8:
2158 1939 2434 2000 Pomm,
2459 1939 2644 2001 scipio,
2667 1940 2818 2003 Afra-

1770 2013 1885 2061 nius
1934 2013 1989 2061 in
2038 2011 2159 2062 betto
2208 2013 2343 2062 civili
2372 2013 2512 2075 foedo
2535 2015 2813 2077 perierunt,

1772 2092 1826 2136 αι
1871 2086 1994 2137 cato
2030 2088 2314 2150 praeclara.
2357 2114 2411 2123 —
2459 2088 2621 2139 Vides
2643 2127 2655 2149 ,
2709 2103 2816 2140 non

1770 2163 1940 2225 magis
1974 2163 2027 2211 in
2061 2175 2214 2226 seqq.
2253 2175 2416 2226 quam
2450 2163 2502 2212 h.
2540 2161 2575 2213 l.
2614 2166 2817 2227 tempo-

1771 2250 1891 2287 rum
1937 2237 2179 2287 ordinem
2220 2238 2455 2293 servari;
2508 2237 2565 2287 id
2612 2240 2812 2298 tamen,

1772 2313 1824 2361 ni
1860 2310 2035 2373 fallor,
2079 2313 2372 2375 spectavit,
2421 2314 2509 2372 ut,
2558 2316 2814 2375 quantum

1770 2385 1887 2436 fleri
1908 2390 2107 2450 posset,
2146 2386 2402 2436 Catonem
2436 2398 2467 2435 a
2490 2385 2617 2436 Iulio
2639 2387 2813 2438 sidere

1769 2462 2089 2512 removeret.
2159 2460 2368 2512 Nemini
2421 2461 2596 2512 adhuc
2652 2462 2813 2514 Bent—

1771 2535 1905 2586 leius
1945 2535 2190 2601 probavit
2233 2549 2386 2588 suam
2425 2537 2562 2587 coni.
2600 2538 2815 2588 omnino

1771 2611 1927 2662 nimis
1978 2610 2240 2661 audacem
2290 2623 2423 2661 anna
2471 2611 2613 2662 Curti
2657 2613 2722 2661 N.
2774 2611 2809 2662 1.

1773 2686 1883 2737 «M.
1924 2686 2239 2743 Curtium,»
2289 2685 2483 2748 inquit,
2521 2684 2810 2749 «intellige,

1771 2760 1860 2823 qui
1894 2772 1953 2809 re
1987 2772 2116 2808 vera
2146 2759 2501 2809 nobilissimum
2532 2759 2631 2810 sibi
2664 2761 2816 2809 letzem

1770 2846 1867 2896 pro
1899 2833 2067 2897 patria
2102 2834 2384 2894 conscivit,
2422 2847 2544 2884 cum
2578 2836 2813 2885 armatus

1773 2910 1828 2957 et
1860 2921 1999 2972 equo
2034 2908 2267 2960 insidens
2300 2910 2353 2959 in
2386 2909 2700 2972 profundam
2722 2922 2816 2958 vo-

1771 2983 2011 3045 raginem
2033 3020 2046 3042 ,
2085 2996 2222 3047 quae
2258 2982 2434 3034 medio
2469 2983 2580 3033 soro
2614 2985 2812 3033 Romae

1770 3058 1990 3120 repente
2026 3059 2149 3106 nata
2195 3059 2310 3116 est,
2358 3056 2692 3108 insiluisset.»
2742 3059 2807 3121 (a.

1770 3145 1823 3181 u.
1861 3145 1909 3181 c.
1946 3131 2059 3181 393.
2099 3133 2208 3183 Liv.
2246 3132 2293 3193 7,
2331 3132 2378 3181 6.
2438 3131 2550 3182 Val.
2586 3133 2720 3182 Max.
2757 3134 2807 3194 δ,

1768 3207 1818 3267 6,
1856 3207 1925 3269 2.)
1992 3206 2200 3258 Inuisus
2235 3209 2316 3258 est
2348 3207 2665 3270 praesertim
2703 3207 2812 3257 Cu-

1768 3278 1881 3331 licis
1924 3294 1975 3330 v.
2024 3281 2139 3330 36⁴.
2189 3281 2277 3332 ed.
2324 3280 2497 3344 Sillig,
2544 3280 2636 3331 ubi
2676 3281 2815 3331 inter

1769 3355 1899 3406 alios
1934 3354 2101 3407 duces
2136 3357 2427 3414 Romanos,
2463 3358 2522 3406 ut
2553 3356 2665 3415 hic,
2702 3367 2813 3404 me-

1770 3433 2047 3480 morantur
2081 3429 2359 3490 Camillus,
2398 3432 2615 3491 CuriuS,
2652 3433 2813 3493 atque

1770 3506 1988 3570 insuper
2037 3506 2239 3556 Curtius
2293 3511 2372 3567 ot,
2427 3507 2617 3557 vuadias
2669 3517 2815 3566 quam

1768 3581 2020 3642 quondam
2048 3579 2243 3629 sedibus
2276 3580 2418 3630 Urbis
2435 3582 2680 3630 Devotum
2710 3579 2814 3629 bd-

1766 3656 1829 3704 lis
1859 3654 2157 3717 consumpsit
2185 3667 2371 3718 yur-yos
2398 3656 2664 3705 inundans.
2732 3655 2811 3705 De

1770 3729 1949 3780 Curtio
1998 3729 2185 3791 triplex:
2224 3732 2339 3778 erat
2380 3730 2621 3790 historia,
2676 3731 2811 3779 teste

1766 3804 2002 3854 Varrone
2048 3806 2104 3854 L.
2155 3805 2209 3854 L.
2259 3804 2310 3860 δ,
2349 3803 2460 3855 448.
2529 3806 2688 3853 Totus
2723 3816 2815 3852 au-

1769 3881 1877 3929 tem
1914 3878 1981 3929 de
2018 3880 2197 3929 Curtio
2218 3874 2410 3944 μῦθος
2432 3878 2689 3939 originem
2712 3877 2813 3928 de-

1770 3952 1900 4004 bere
1934 3954 2146 4004 videtur
2192 3953 2259 4004 illi
2293 3965 2512 4017 prorsus
2551 3951 2708 4002 simili
2742 3952 2810 4002 de

1771 4028 2050 4081 Celaenitis
2084 4032 2140 4080 et
2171 4030 2437 4088 Anchuro,
2479 4027 2650 4079 Midae
2686 4026 2806 4087 filio,

1772 4107 1982 4154 narrato
2016 4117 2047 4154 a
2071 4102 2388 4155 Callisthene
2410 4103 2553 4167 apud
2577 4101 2722 4152 Stob.
2748 4103 2804 4152 Τ.

648 4175 1204 4236 εοαοοοπευνπηωιίᾳυο
1224 4177 1693 4241 Οαιοηόεῡορνπαια
1772 4179 1819 4228 7.
1858 4179 1938 4229 69.
1977 4180 2015 4228 l.
2054 4193 2105 4243 p.
2146 4179 2257 4229 ⁴89.
2297 4178 2450 4228 Gaisi'.
2514 4176 2809 4240 (Egregium

651 4249 751 4297 cet.
798 4248 1027 4312 (Minime
1052 4249 1232 4312 igitur,
1270 4251 1412 4313 quod
1437 4251 1687 4310 nonnulli,
1772 4254 2062 4317 specimen,
2100 4253 2369 4316 quomodo
2402 4253 2669 4315 corrigere
2702 4263 2807 4300 non
