3234 4975
1177 407 1294 457 Lm.
1333 408 1370 456 1.
1442 406 1500 457 C.
1539 405 1689 456 xvu.

2432 398 2556 464 1109

812 565 1143 643 Quaerunt
1182 562 1452 630 latentes
1496 572 1560 628 et
1602 560 1822 653 thyma
1864 560 2093 628 deviae

898 684 1146 753 Olentis
1189 704 1425 750 uxores
1467 683 1710 757 mariti,

977 807 1110 872 Nec
1152 804 1393 871 virides
1436 814 1727 870 metuunt
1769 803 2097 881 colubras),

812 965 942 1030 Nec
983 962 1299 1029 Martiales
1343 961 1674 1030 Haediliae
1719 961 1935 1050 lupos,

815 1085 1149 1173 Utcunque
1192 1083 1393 1162 dulci,
1440 1082 1752 1173 Tyndari,
1800 1082 2013 1150 fistula

2480 1083 2560 1149 10

522 1310 570 1359 8.
595 1310 774 1359 viridis
804 1310 903 1360 ΒΤ.
924 1336 978 1349 -··-
1000 1310 1226 1359 colubros
1258 1308 1422 1360 C3dd.
1459 1307 1734 1359 vanderb.
1774 1311 1829 1358 et
1868 1309 2196 1359 recentiores
2232 1309 2293 1359 H.
2322 1308 2497 1359 Peerl-
2534 1304 2541 1313 '

457 1385 670 1447 kampii.
708 1412 762 1420 -
800 1384 847 1433 9.
873 1385 1125 1433 martiale
1157 1385 1254 1434 BT.
1291 1410 1346 1419 -
1377 1384 1636 1434 Ηωααεαο
1656 1381 1887 1450 Βι),βγκ,
1913 1385 2147 1434 pomerii
2170 1385 2218 1443 Ξ,
2245 1384 2294 1446 3,
2324 1382 2374 1445 4,
2406 1384 2489 1433 43.

459 1457 547 1509 ⁴4:
596 1458 814 1508 modilia
855 1456 1132 1518 STcd,LT‚
1183 1457 1444 1508 haeduliae
1486 1460 1557 1520 C,
1610 1459 1879 1509 haeduleac
1910 1457 2076 1511 Benss.
2117 1459 2253 1509 coni.
2298 1461 2350 1507 et
2383 1459 2487 1509 ΡΜ.

457 1533 736 1596 (Haeduico
768 1545 983 1582 mecum
1014 1532 1082 1595 J.)
1123 1560 1176 1568 —
1214 1533 1365 1596 lupus
1399 1533 1454 1582 T.

394 1737 735 1788 securitatem
780 1738 1042 1801 exprimit.
1125 1736 1439 1787 pedestrem

393 1812 688 1862 orationem
717 1810 924 1861 redolet
953 1817 1110 1861 totum
1124 1825 1310 1861 nonnus.
1354 1811 1443 1859 To-

393 1892 498 1936 tum
562 1886 782 1949 quidem
839 1885 1087 1950 praetulit
1151 1885 1437 1946 BentleiuS,

393 1962 518 2024 quia
568 1959 637 2011 nil
678 1962 872 2010 mirum
917 1961 984 2010 sit
1028 1961 1244 2024 impune
1281 1973 1312 2010 a
1348 1974 1442 2009 ca—

393 2035 546 2099 pellis
578 2034 798 2085 arbutos
828 2035 1037 2098 quaeri,
1082 2036 1126 2085 si
1159 2040 1321 2085 luctam
1353 2037 1435 2085 sit.

395 2110 501 2160 Sed
550 2109 618 2159 nil
653 2109 981 2173 frequentius
1024 2112 1223 2173 poetis,
1276 2123 1442 2175 quam

395 2184 654 2234 rationem
697 2183 849 2233 verbi
898 2182 982 2233 vel
1028 2184 1267 2235 adverbii
1316 2184 1442 2235 red-

395 2258 525 2308 dere
561 2259 646 2309 tali
675 2258 933 2324 ἐπιθέτῳ.
995 2258 1101 2309 Cfr.
1138 2261 1341 2310 lanium
1370 2258 1438 2309 ad

395 2334 449 2382 h.
476 2331 511 2382 l.
539 2335 724 2383 Reum„
765 2360 820 2368 —
857 2333 1342 2398 urbanos-latentes]
1367 2336 1445 2384 in-

397 2412 480 2458 ter
511 2406 638 2457 alias
671 2407 895 2458 arbores
910 2408 1047 2471 picei
1078 2411 1305 2470 generi8‚
1346 2423 1443 2458 cu-

397 2495 617 2548 pressos
640 2520 653 2543 ,
705 2484 857 2532 taxos
879 2520 891 2544 ,
944 2495 1079 2547 quas
1125 2497 1316 2549 caprae
1356 2498 1445 2534 re-

397 2559 611 2621 spuunt,
649 2556 936 2621 dispersas.
974 2558 1113 2620 virg.
1136 2560 1228 2608 Ge.
1249 2560 1297 2618 3,
1319 2559 1439 2608 300:

395 2633 536 2681 {nabeo
566 2632 853 2695 frondentia
874 2632 1042 2693 capris
1073 2632 1270 2682 Arbuta
1301 2634 1444 2697 suffi-

396 2720 521 2756 cere.
593 2708 846 2757 Ceterum
900 2705 1091 2756 eadem
1142 2708 1444 2758 etiamnunc

402 2781 564 2831 facies
618 2782 703 2830 est
762 2782 996 2830 nemoris
1060 2782 1440 2842 amoenissimi,

398 2854 626 2914 arbutis,
677 2853 867 2914 lauriS,
913 2852 1190 2905 lavendula
1208 2893 1220 2916 ,
1259 2856 1444 2920 thymo

401 2930 607 2979 consiti.

468 3004 518 3053 7.
554 3004 604 3053 8.
674 3002 877 3067 utores]
914 3004 1134 3054 Theocr.
1171 3006 1219 3066 8,
1257 3005 1348 3056 49:
1398 2995 1446 3052 ὦ

399 3073 571 3148 τράγε
588 3115 603 3138 ,
650 3075 756 3128 τᾶν
804 3073 1013 3128 λευκᾶν
1060 3077 1232 3145 αἰγᾶν
1280 3075 1441 3151 ἄνερ.

401 3153 660 3203 Leonidas
708 3154 826 3202 Tar.
869 3153 962 3217 Ep.
1005 3153 1087 3215 64,
1140 3156 1197 3204 4;
1249 3151 1446 3219 {gaios-

405 3221 677 3294 εὖπώγων
710 3223 877 3294 αἰγὸς
910 3224 1098 3291 πόσις.
1156 3230 1296 3294 Virg.
1335 3230 1442 3281 Ecl.

399 3303 450 3362 7,
485 3301 543 3350 7:
609 3304 696 3352 Vir
721 3304 889 3367 gregis
919 3304 1024 3366 ipso
1054 3317 1223 3367 caper.
1294 3306 1442 3357 Ovid.

401 3377 536 3427 Fast.
558 3377 605 3437 4,
626 3376 748 3428 334:
775 3377 1035 3441 laniqerao
1054 3380 1306 3444 coniuqe-
1324 3382 1445 3431 ovis.

406 3479 462 3487 —
507 3453 567 3501 In
602 3465 652 3501 ν.
694 3453 879 3502 Olentis
919 3455 1247 3504 recentiores
1289 3457 1451 3505 iuter-

402 3530 581 3590 pretes
634 3527 743 3577 fere
786 3527 1087 3588 offendunt3
1141 3543 1205 3580 ex
1251 3531 1448 3580 Horatii

401 3614 531 3651 vero
564 3602 777 3663 iudicio,
815 3603 867 3652 in
898 3616 1005 3666 quo
1045 3603 1195 3654 facile
1229 3607 1449 3668 acquie-

403 3689 553 3725 scere
587 3689 906 3739 possumus‚
944 3676 1069 3727 nihil
1105 3679 1339 3729 hahebat
1365 3682 1449 3730 in-

404 3751 510 3813 epti
538 3753 628 3799 aut
660 3750 886 3801 molesti.
948 3752 1067 3802 Scil.
1105 3757 1188 3803 est
1219 3754 1448 3805 verbum

403 3824 639 3875 medium
676 3839 865 3875 omnes
898 3827 954 3875 et
986 3829 1164 3890 gratos
1205 3833 1260 3880 et
1294 3830 1449 3879 foeti-

405 3898 502 3949 dos
535 3899 730 3950 odores
770 3901 1087 3962 significans.
1145 3931 1200 3939 —
1247 3905 1448 3968 virides]

405 3973 556 4024 Haud
602 3973 872 4025 insolitum
911 3980 1298 4028 venenatorum
1333 3980 1449 4028 ani-

404 4046 621 4099 malium
652 4047 935 4100 ἐπίθετον.
974 4049 1244 4102 claudian.
1272 4053 1326 4102 in
1347 4054 1451 4103 Ru-

405 4122 568 4173 finum
607 4124 665 4184 4,
709 4124 833 4174 290:
881 4125 1254 4189 Lernaeamque
1284 4128 1449 4176 viram

404 4197 660 4248 obsederat
685 4198 849 4260 hydra
875 4199 1127 4261 paludem.

470 4273 517 4321 9.
587 4273 866 4337 Martiales]
913 4276 972 4325 Ut
1004 4276 1165 4325 ceteri
1201 4274 1254 4323 di
1289 4288 1446 4325 suum

1516 1737 1743 1800 quisque
1788 1736 1989 1788 habeut
2021 1738 2159 1789 inter
2205 1736 2448 1788 animalia
2489 1737 2563 1788 sa-

1516 1809 1752 1871 mulum,
1803 1812 2128 1873 ministrum,
2177 1813 2255 1862 sic
2297 1814 2436 1863 Mars
2477 1811 2561 1862 lu-

1514 1897 1662 1948 pum.
1696 1884 1834 1948 Virg.
1862 1889 1992 1936 Aen.
2025 1887 2073 1945 9,
2105 1888 2154 1947 5,
2181 1887 2305 1937 563:
2342 1889 2563 1939 Martius

1515 1985 1544 1995 -
1565 1985 1594 1995 -
1615 1960 1778 2020 lupus,
1804 1988 1858 1996 ·—
1877 1961 2150 2024 Haeduico]
2170 1963 2386 2012 Restitui
2403 1960 2563 2011 libro-

1515 2047 1635 2082 rum
1684 2033 2000 2097 lectionem,
2067 2038 2283 2086 secutus
2328 2035 2561 2099 glossam

1515 2111 1865 2173 antiquissimi
1901 2110 2032 2160 Cod.
2069 2112 2126 2161 B.
2169 2126 2379 2162 «mons»
2430 2114 2562 2177 (sive

1516 2183 1647 2233 silva
1682 2185 1807 2245 fuit,
1861 2187 1920 2234 ut
1951 2186 2131 2235 Litana
2160 2187 2309 2247 cet.),
2361 2189 2561 2238 Lucre-

1516 2257 1589 2307 tili
1620 2260 1674 2307 et
1708 2260 1910 2311 Usticae
1944 2259 2178 2319 vicinus3
2219 2264 2274 2310 et
2305 2262 2563 2313 {laodiciae

1516 2333 1640 2394 lupi,
1676 2333 1767 2397 qui
1800 2334 1852 2383 in
1887 2332 2119 2383 Haedilia
2148 2348 2245 2384 sua
2272 2334 2437 2385 lustra
2471 2337 2564 2385 ha-

1516 2406 1665 2456 hent.
1750 2408 2008 2457 Haediliae
2060 2408 2188 2472 quid
2243 2409 2562 2471 significaret

1518 2495 1643 2532 cum
1670 2496 1892 2545 prorsus
1925 2484 2249 2544 nesciretur,
2302 2484 2565 2535 hinnuleao

1518 2555 1842 2606 substituere
1861 2556 2147 2618 malebant,
2174 2558 2317 2607 haud
2334 2561 2565 2621 cogitan-

1519 2633 1601 2680 tes
1646 2630 1714 2680 de
1750 2631 2016 2681 cicuribus
2061 2631 2405 2692 animalibuS‚
2454 2647 2562 2683 uon

1518 2705 1586 2754 de
1624 2706 1767 2766 feriS,
1811 2707 1897 2756 hic
1929 2707 2029 2768 agi.
2065 2707 2393 2768 Ingeniosius
2432 2720 2563 2757 sane

1517 2779 1786 2830 Bentleius
1829 2781 1899 2831 ad
1947 2779 2241 2842 analogiam
2284 2795 2336 2830 ν.
2379 2782 2565 2830 hinnu-

1517 2854 1621 2903 lous
1664 2867 1863 2904 novum
1918 2866 2037 2904 voc.
2086 2854 2232 2904 fluxit
2275 2855 2560 2917 locedium,

1518 2942 1616 2992 pro
1651 2928 1970 2993 simpliciore
2002 2930 2170 2980 forma
2197 2930 2435 2980 haedulus
2468 2931 2568 2994 (lu-

1519 3018 1642 3054 ven.
1697 3006 1777 3064 Η,
1831 3004 1931 3068 65.)
1968 3007 2020 3055 et
2048 3005 2263 3055 haedula
2309 3006 2439 3068 (Not.
2477 3005 2565 3054 Ti-

1519 3080 1676 3143 ron.).
1756 3081 1822 3130 At
1872 3080 1999 3129 mihi
2045 3081 2191 3129 certe
2230 3077 2564 3130 intolerabile

1519 3153 1732 3204 videtur
1787 3156 1870 3204 ter
1927 3157 2003 3205 sic
2054 3156 2218 3217 ingeri
2289 3155 2566 3218 caprinum

1519 3242 1714 3292 pecus:
1766 3230 1985 3292 capellis,
2021 3230 2195 3280 olentis
2218 3231 2411 3291 mariti,
2450 3230 2568 3279 hao-

1520 3305 1710 3353 duleae.
1770 3305 2071 3355 Schreiberi
2103 3307 2284 3354 autem
2311 3305 2569 3367 interpre-

1521 3379 1667 3438 tati0,
1704 3380 1764 3427 ut
1792 3378 2053 3428 haedtdiae
2094 3377 2566 3442 (quemadmodum

1522 3454 1779 3517 scriptum
1798 3452 1921 3516 volt)
1956 3454 2216 3517 significet
2240 3450 2566 3501 «haedorum

1522 3526 1789 3588 stabulm»,
1840 3530 1926 3577 vix
1977 3527 2065 3578 ulli
2115 3525 2329 3591 probari
2366 3526 2564 3588 potest,

1523 3603 1719 3666 quippe
1755 3615 1976 3667 prorsus
2010 3601 2267 3665 precaria.

1588 3678 1669 3727 ⁴0.
1713 3676 1977 3739 Utcunque]
2019 3674 2463 3739 quandocunque,
2500 3672 2570 3721 si-

1522 3753 1633 3803 mul
1663 3766 1728 3803 ac
1763 3754 1923 3803 Fauni
1960 3752 2155 3816 nstrata,
2193 3746 2416 3819 σύριγγι
2457 3752 2564 3800 cet.

1521 3828 1662 3890 Virg.
1700 3827 1807 3878 Ecl.
1844 3829 1894 3889 2,
1925 3828 2016 3877 82:
2064 3827 2173 3876 Pom
2197 3826 2397 3887 primus
2423 3825 2569 3874 cala-

1520 3916 1629 3952 mos
1654 3916 1773 3952 cora
1792 3903 2092 3964 coniungere
2125 3901 2298 3961 plures
2331 3900 2565 3951 Instituit.

1521 3977 1699 4040 Eurip.
1741 3977 1853 4039 Iph.
1900 3976 2052 4024 Taur.
2111 3975 2266 4024 ⁴052:
2318 3973 2569 4044 Συρίζων

1520 4047 1568 4099 δ’
1605 4044 1641 4098 ὁ
1675 4047 1987 4120 κηροδέτας
2020 4045 2297 4114 Κάλαμος
2338 4041 2567 4119 οὐρείου

1521 4120 1720 4187 Πωιός
1784 4122 1904 4173 κτλ.
1964 4152 2017 4161 -
2091 4125 2335 4186 Μαίη-ἐι
2387 4126 2568 4173 autem

1522 4201 1676 4265 quasi
1714 4198 1915 4250 «altera
1948 4199 2206 4260 Helena»,
2241 4213 2438 4250 nomen
2469 4199 2573 4248 uti-

1523 4289 1629 4339 que
1663 4275 1861 4326 fletum.
