<?xml version="1.0" encoding="UTF-8"?>
<!DOCTYPE html PUBLIC "-//W3C//DTD XHTML 1.0 Transitional//EN"
    "http://www.w3.org/TR/xhtml1/DTD/xhtml1-transitional.dtd">
<html xmlns="http://www.w3.org/1999/xhtml" xml:lang="en" lang="en">
 <head>
  <title>
</title>
<meta http-equiv="Content-Type" content="text/html;charset=utf-8" />
  <meta name='ocr-system' content='tesseract 3.04.00' />
  <meta name='ocr-capabilities' content='ocr_page ocr_carea ocr_par ocr_line ocrx_word'/>
</head>
<body>
  <div class='ocr_page' id='page_1' title='image "./qhoratiusflaccu05baitgoog_0645.png"; bbox 0 0 3234 4975; ppageno 0'>
   <div class='ocr_carea' id='block_1_1' title="bbox 1183 408 1720 459">
    <p class='ocr_par' dir='ltr' id='par_1_1' title="bbox 1183 408 1720 459">
     <span class='ocr_line' id='line_1_1' title="bbox 1183 408 1720 459; baseline -0.006 0"><span class='ocrx_word' id='word_1_1' title='bbox 1183 408 1301 459; x_wconf 86' lang='lat' dir='ltr'><strong>LlB.</strong></span> <span class='ocrx_word' id='word_1_2' title='bbox 1338 408 1422 457; x_wconf 85' lang='lat' dir='ltr'><strong>IV.</strong></span> <span class='ocrx_word' id='word_1_3' title='bbox 1496 409 1553 458; x_wconf 88' lang='lat' dir='ltr'><strong>C.</strong></span> <span class='ocrx_word' id='word_1_4' title='bbox 1592 408 1720 458; x_wconf 81' lang='lat' dir='ltr'><strong>xlv.</strong></span> 
     </span>
    </p>
   </div>
   <div class='ocr_carea' id='block_1_2' title="bbox 2493 404 2618 469">
    <p class='ocr_par' dir='ltr' id='par_1_2' title="bbox 2493 404 2618 469">
     <span class='ocr_line' id='line_1_2' title="bbox 2493 404 2618 469; baseline -0.016 0"><span class='ocrx_word' id='word_1_5' title='bbox 2493 404 2618 469; x_wconf 70' lang='lat'><strong>6⁴3</strong></span> 
     </span>
    </p>
   </div>
   <div class='ocr_carea' id='block_1_3' title="bbox 953 561 2081 650">
    <p class='ocr_par' dir='ltr' id='par_1_3' title="bbox 953 561 2081 650">
     <span class='ocr_line' id='line_1_3' title="bbox 953 561 2081 650; baseline 0 -23"><span class='ocrx_word' id='word_1_6' title='bbox 953 564 1084 628; x_wconf 90' lang='lat' dir='ltr'><strong>Per</strong></span> <span class='ocrx_word' id='word_1_7' title='bbox 1125 561 1343 629; x_wconf 89' lang='lat' dir='ltr'><strong>titulos</strong></span> <span class='ocrx_word' id='word_1_8' title='bbox 1385 582 1842 650; x_wconf 80' lang='lat' dir='ltr'><strong>memoresque</strong></span> <span class='ocrx_word' id='word_1_9' title='bbox 1886 562 2081 628; x_wconf 85' lang='lat' dir='ltr'><strong>fastos</strong></span> 
     </span>
    </p>
   </div>
   <div class='ocr_carea' id='block_1_4' title="bbox 781 709 2616 1160">
    <p class='ocr_par' dir='ltr' id='par_1_4' title="bbox 781 709 2616 1160">
     <span class='ocr_line' id='line_1_4' title="bbox 782 709 2616 799; baseline -0.002 -23"><span class='ocrx_word' id='word_1_10' title='bbox 782 713 1115 789; x_wconf 85' lang='lat' dir='ltr'><strong>Aeternet,</strong></span> <span class='ocrx_word' id='word_1_11' title='bbox 1163 732 1232 789; x_wconf 90' lang='lat'><strong>0,</strong></span> <span class='ocrx_word' id='word_1_12' title='bbox 1279 732 1412 799; x_wconf 85' lang='lat' dir='ltr'><strong>qua</strong></span> <span class='ocrx_word' id='word_1_13' title='bbox 1456 709 1549 777; x_wconf 94' lang='lat' dir='ltr'><strong>sol</strong></span> <span class='ocrx_word' id='word_1_14' title='bbox 1605 710 1988 778; x_wconf 83' lang='lat' dir='ltr'><strong>habitabiles</strong></span> <span class='ocrx_word' id='word_1_15' title='bbox 2575 711 2616 773; x_wconf 86' lang='grc'><strong>5</strong></span> 
     </span>
     <span class='ocr_line' id='line_1_5' title="bbox 781 830 2063 919; baseline -0.001 -23"><span class='ocrx_word' id='word_1_16' title='bbox 781 830 1059 899; x_wconf 84' lang='lat' dir='ltr'><strong>Illustrat</strong></span> <span class='ocrx_word' id='word_1_17' title='bbox 1101 853 1283 911; x_wconf 92' lang='lat' dir='ltr'><strong>oras,</strong></span> <span class='ocrx_word' id='word_1_18' title='bbox 1331 833 1608 899; x_wconf 80' lang='lat' dir='ltr'><strong>maxime</strong></span> <span class='ocrx_word' id='word_1_19' title='bbox 1652 832 2063 919; x_wconf 83' lang='lat' dir='ltr'><strong>principum?</strong></span> 
     </span>
     <span class='ocr_line' id='line_1_6' title="bbox 866 952 1937 1042; baseline 0.002 -24"><span class='ocrx_word' id='word_1_20' title='bbox 866 954 1078 1033; x_wconf 90' lang='lat' dir='ltr'><strong>Quem</strong></span> <span class='ocrx_word' id='word_1_21' title='bbox 1121 952 1281 1042; x_wconf 83' lang='lat' dir='ltr'><strong>legis</strong></span> <span class='ocrx_word' id='word_1_22' title='bbox 1326 963 1630 1040; x_wconf 87' lang='lat' dir='ltr'><strong>expertes</strong></span> <span class='ocrx_word' id='word_1_23' title='bbox 1673 954 1937 1020; x_wconf 85' lang='lat' dir='ltr'><strong>Latinae</strong></span> 
     </span>
     <span class='ocr_line' id='line_1_7' title="bbox 952 1073 1885 1160; baseline -0.001 -21"><span class='ocrx_word' id='word_1_24' title='bbox 952 1073 1262 1142; x_wconf 88' lang='lat' dir='ltr'><strong>Vindelici</strong></span> <span class='ocrx_word' id='word_1_25' title='bbox 1308 1073 1598 1141; x_wconf 87' lang='lat' dir='ltr'><strong>didicere</strong></span> <span class='ocrx_word' id='word_1_26' title='bbox 1642 1094 1885 1160; x_wconf 88' lang='lat' dir='ltr'><strong>nuper,</strong></span> 
     </span>
    </p>
   </div>
   <div class='ocr_carea' id='block_1_5' title="bbox 779 1230 2082 1319">
    <p class='ocr_par' dir='ltr' id='par_1_5' title="bbox 779 1230 2082 1319">
     <span class='ocr_line' id='line_1_8' title="bbox 779 1230 2082 1319; baseline 0.001 -22"><span class='ocrx_word' id='word_1_27' title='bbox 779 1230 951 1312; x_wconf 87' lang='lat' dir='ltr'><strong>Quid</strong></span> <span class='ocrx_word' id='word_1_28' title='bbox 991 1232 1190 1298; x_wconf 87' lang='lat' dir='ltr'><strong>Marte</strong></span> <span class='ocrx_word' id='word_1_29' title='bbox 1232 1252 1483 1319; x_wconf 88' lang='lat' dir='ltr'><strong>posses.</strong></span> <span class='ocrx_word' id='word_1_30' title='bbox 1541 1232 1736 1299; x_wconf 90' lang='lat' dir='ltr'><strong>Milite</strong></span> <span class='ocrx_word' id='word_1_31' title='bbox 1779 1252 1928 1298; x_wconf 86' lang='lat' dir='ltr'><strong>nam</strong></span> <span class='ocrx_word' id='word_1_32' title='bbox 1971 1241 2082 1301; x_wconf 77' lang='lat' dir='ltr'><strong>tuo</strong></span> 
     </span>
    </p>
   </div>
   <div class='ocr_carea' id='block_1_6' title="bbox 776 1351 2209 1441">
    <p class='ocr_par' dir='ltr' id='par_1_6' title="bbox 776 1351 2209 1441">
     <span class='ocr_line' id='line_1_9' title="bbox 776 1351 2209 1441; baseline 0.001 -23"><span class='ocrx_word' id='word_1_33' title='bbox 776 1354 1031 1420; x_wconf 89' lang='lat' dir='ltr'><strong>Drusus</strong></span> <span class='ocrx_word' id='word_1_34' title='bbox 1078 1353 1455 1430; x_wconf 82' lang='lat' dir='ltr'><strong>Genaunes,</strong></span> <span class='ocrx_word' id='word_1_35' title='bbox 1502 1351 1921 1440; x_wconf 90' lang='lat' dir='ltr'><strong>implacidum</strong></span> <span class='ocrx_word' id='word_1_36' title='bbox 1964 1374 2209 1441; x_wconf 84' lang='lat' dir='ltr'><strong>genus,</strong></span> 
     </span>
    </p>
   </div>
   <div class='ocr_carea' id='block_1_7' title="bbox 2535 1353 2616 1418">
    <p class='ocr_par' dir='ltr' id='par_1_7' title="bbox 2535 1353 2616 1418">
     <span class='ocr_line' id='line_1_10' title="bbox 2535 1353 2616 1418; baseline -0.025 0"><span class='ocrx_word' id='word_1_37' title='bbox 2535 1353 2616 1418; x_wconf 62' lang='lat'><strong>110</strong></span> 
     </span>
    </p>
   </div>
   <div class='ocr_carea' id='block_1_8' title="bbox 500 1511 2551 1726">
    <p class='ocr_par' dir='ltr' id='par_1_8' title="bbox 500 1511 2551 1726">
     <span class='ocr_line' id='line_1_11' title="bbox 571 1511 2546 1578; baseline -0.001 -12"><span class='ocrx_word' id='word_1_38' title='bbox 571 1514 620 1567; x_wconf 85' lang='lat'><strong>4.</strong></span> <span class='ocrx_word' id='word_1_39' title='bbox 655 1515 813 1577; x_wconf 77' lang='lat' dir='ltr'><strong>fastos</strong></span> <span class='ocrx_word' id='word_1_40' title='bbox 845 1513 1151 1573; x_wconf 84' lang='lat' dir='ltr'><strong>Scd,LCtF:</strong></span> <span class='ocrx_word' id='word_1_41' title='bbox 1202 1515 1364 1578; x_wconf 56' lang='lat' dir='ltr'><strong>faeti&amp;</strong></span> <span class='ocrx_word' id='word_1_42' title='bbox 1395 1514 1546 1574; x_wconf 87' lang='lat' dir='ltr'><strong>BbT,</strong></span> <span class='ocrx_word' id='word_1_43' title='bbox 1600 1511 1873 1563; x_wconf 88' lang='lat' dir='ltr'><strong>Bentleius</strong></span> <span class='ocrx_word' id='word_1_44' title='bbox 1920 1513 1974 1563; x_wconf 89' lang='lat' dir='ltr'><strong>et</strong></span> <span class='ocrx_word' id='word_1_45' title='bbox 2018 1512 2087 1564; x_wconf 82' lang='lat' dir='ltr'><strong>M.</strong></span> <span class='ocrx_word' id='word_1_46' title='bbox 2128 1511 2233 1563; x_wconf 83' lang='lat' dir='ltr'><strong>Cfr.</strong></span> <span class='ocrx_word' id='word_1_47' title='bbox 2272 1513 2448 1563; x_wconf 90' lang='lat' dir='ltr'><strong>Carm.</strong></span> <span class='ocrx_word' id='word_1_48' title='bbox 2486 1513 2546 1573; x_wconf 81' lang='lat'><strong>3,</strong></span> 
     </span>
     <span class='ocr_line' id='line_1_12' title="bbox 506 1587 2551 1651; baseline -0.002 -11"><span class='ocrx_word' id='word_1_49' title='bbox 506 1591 597 1651; x_wconf 78' lang='grc'><strong>47,</strong></span> <span class='ocrx_word' id='word_1_50' title='bbox 636 1588 683 1641; x_wconf 90' lang='grc'><strong>4.</strong></span> <span class='ocrx_word' id='word_1_51' title='bbox 722 1587 960 1651; x_wconf 87' lang='lat' dir='ltr'><strong>(Ultimus</strong></span> <span class='ocrx_word' id='word_1_52' title='bbox 996 1590 1081 1639; x_wconf 87' lang='lat' dir='ltr'><strong>est</strong></span> <span class='ocrx_word' id='word_1_53' title='bbox 1112 1588 1201 1637; x_wconf 84' lang='lat' dir='ltr'><strong>hic</strong></span> <span class='ocrx_word' id='word_1_54' title='bbox 1232 1601 1285 1637; x_wconf 88' lang='lat' dir='ltr'><strong>v.</strong></span> <span class='ocrx_word' id='word_1_55' title='bbox 1313 1588 1365 1637; x_wconf 92' lang='lat' dir='ltr'><strong>in</strong></span> <span class='ocrx_word' id='word_1_56' title='bbox 1388 1588 1467 1650; x_wconf 90' lang='lat' dir='ltr'><strong>B.)</strong></span> <span class='ocrx_word' id='word_1_57' title='bbox 1496 1614 1552 1624; x_wconf 88' lang='lat'><strong>—-</strong></span> <span class='ocrx_word' id='word_1_58' title='bbox 1589 1588 1639 1637; x_wconf 87' lang='grc'><strong>5.</strong></span> <span class='ocrx_word' id='word_1_59' title='bbox 1674 1587 1919 1636; x_wconf 79' lang='lat' dir='ltr'><strong>Aeternae</strong></span> <span class='ocrx_word' id='word_1_60' title='bbox 1951 1591 2104 1648; x_wconf 80' lang='lat' dir='ltr'><strong>etqua</strong></span> <span class='ocrx_word' id='word_1_61' title='bbox 2126 1587 2181 1636; x_wconf 87' lang='lat' dir='ltr'><strong>T.</strong></span> <span class='ocrx_word' id='word_1_62' title='bbox 2218 1612 2273 1623; x_wconf 89' lang='lat'><em>-</em></span> <span class='ocrx_word' id='word_1_63' title='bbox 2311 1587 2359 1636; x_wconf 82' lang='lat'><strong>6.</strong></span> <span class='ocrx_word' id='word_1_64' title='bbox 2396 1587 2551 1636; x_wconf 78' lang='lat' dir='ltr'><strong>horas</strong></span> 
     </span>
     <span class='ocr_line' id='line_1_13' title="bbox 500 1658 2549 1726; baseline -0.001 -13"><span class='ocrx_word' id='word_1_65' title='bbox 500 1677 570 1713; x_wconf 86' lang='lat' dir='ltr'><strong>m.</strong></span> <span class='ocrx_word' id='word_1_66' title='bbox 600 1664 911 1726; x_wconf 80' lang='lat' dir='ltr'><strong>principium</strong></span> <span class='ocrx_word' id='word_1_67' title='bbox 943 1664 1000 1712; x_wconf 87' lang='lat' dir='ltr'><strong>T.</strong></span> <span class='ocrx_word' id='word_1_68' title='bbox 1044 1690 1100 1700; x_wconf 90' lang='lat'>-</span> <span class='ocrx_word' id='word_1_69' title='bbox 1144 1664 1224 1712; x_wconf 79' lang='grc'><strong>40.</strong></span> <span class='ocrx_word' id='word_1_70' title='bbox 1267 1662 1477 1713; x_wconf 85' lang='lat' dir='ltr'><strong>Habent</strong></span> <span class='ocrx_word' id='word_1_71' title='bbox 1510 1663 1779 1714; x_wconf 79' lang='lat' dir='ltr'><strong>Genaunes</strong></span> <span class='ocrx_word' id='word_1_72' title='bbox 1811 1658 2014 1710; x_wconf 87' lang='lat' dir='ltr'><strong>bSTcd.</strong></span> <span class='ocrx_word' id='word_1_73' title='bbox 2053 1659 2394 1724; x_wconf 76' lang='lat' dir='ltr'><strong>corruptelas</strong></span> <span class='ocrx_word' id='word_1_74' title='bbox 2428 1660 2549 1711; x_wconf 87' lang='lat' dir='ltr'><strong>vide</strong></span> 
     </span>
    </p>
   </div>
   <div class='ocr_carea' id='block_1_9' title="bbox 504 1737 1440 1801">
    <p class='ocr_par' dir='ltr' id='par_1_9' title="bbox 504 1737 1440 1801">
     <span class='ocr_line' id='line_1_14' title="bbox 504 1737 1440 1801; baseline -0.001 -14"><span class='ocrx_word' id='word_1_75' title='bbox 504 1737 650 1801; x_wconf 83' lang='lat' dir='ltr'><strong>apud</strong></span> <span class='ocrx_word' id='word_1_76' title='bbox 683 1738 906 1788; x_wconf 87' lang='lat' dir='ltr'><strong>lanium.</strong></span> <span class='ocrx_word' id='word_1_77' title='bbox 950 1765 1004 1773; x_wconf 91' lang='lat'>—</span> <span class='ocrx_word' id='word_1_78' title='bbox 1041 1737 1351 1800; x_wconf 68' lang='lat' dir='ltr'><strong>inplacidum</strong></span> <span class='ocrx_word' id='word_1_79' title='bbox 1384 1738 1440 1786; x_wconf 89' lang='lat' dir='ltr'><strong>T.</strong></span> 
     </span>
    </p>
   </div>
   <div class='ocr_carea' id='block_1_10' title="bbox 439 1873 1494 2529">
    <p class='ocr_par' dir='ltr' id='par_1_10' title="bbox 439 1873 1494 2529">
     <span class='ocr_line' id='line_1_15' title="bbox 442 1873 1494 1927; baseline -0.001 -1"><span class='ocrx_word' id='word_1_80' title='bbox 442 1878 667 1926; x_wconf 89' lang='lat' dir='ltr'><strong>amator.</strong></span> <span class='ocrx_word' id='word_1_81' title='bbox 727 1873 1076 1927; x_wconf 80' lang='lat' dir='ltr'><strong>pleonasmus</strong></span> <span class='ocrx_word' id='word_1_82' title='bbox 1110 1881 1196 1926; x_wconf 90' lang='lat' dir='ltr'><strong>est</strong></span> <span class='ocrx_word' id='word_1_83' title='bbox 1228 1889 1295 1925; x_wconf 92' lang='lat' dir='ltr'><strong>eo</strong></span> <span class='ocrx_word' id='word_1_84' title='bbox 1316 1876 1494 1926; x_wconf 90' lang='lat' dir='ltr'><strong>minus</strong></span> 
     </span>
     <span class='ocr_line' id='line_1_16' title="bbox 439 1950 1492 2014; baseline 0.001 -16"><span class='ocrx_word' id='word_1_85' title='bbox 439 1950 690 2011; x_wconf 84' lang='lat' dir='ltr'><strong>vitiosus,</strong></span> <span class='ocrx_word' id='word_1_86' title='bbox 730 1950 876 2014; x_wconf 89' lang='lat' dir='ltr'><strong>quod</strong></span> <span class='ocrx_word' id='word_1_87' title='bbox 897 1964 983 2001; x_wconf 85' lang='lat' dir='ltr'><strong>vv.</strong></span> <span class='ocrx_word' id='word_1_88' title='bbox 1009 1951 1063 2000; x_wconf 83' lang='lat' dir='ltr'><strong>in</strong></span> <span class='ocrx_word' id='word_1_89' title='bbox 1086 1963 1267 2001; x_wconf 81' lang='lat' dir='ltr'><strong>aevum</strong></span> <span class='ocrx_word' id='word_1_90' title='bbox 1290 1950 1492 2014; x_wconf 81' lang='lat' dir='ltr'><strong>integro</strong></span> 
     </span>
     <span class='ocr_line' id='line_1_17' title="bbox 446 2021 1488 2076; baseline 0.002 -4"><span class='ocrx_word' id='word_1_91' title='bbox 446 2021 712 2075; x_wconf 83' lang='lat' dir='ltr'><strong>versiculo</strong></span> <span class='ocrx_word' id='word_1_92' title='bbox 746 2037 776 2074; x_wconf 88' lang='lat' dir='ltr'><strong>a</strong></span> <span class='ocrx_word' id='word_1_93' title='bbox 813 2037 864 2073; x_wconf 84' lang='lat' dir='ltr'><strong>v.</strong></span> <span class='ocrx_word' id='word_1_94' title='bbox 891 2029 1110 2075; x_wconf 63' lang='lat' dir='ltr'><strong>aetmnet</strong></span> <span class='ocrx_word' id='word_1_95' title='bbox 1142 2024 1312 2076; x_wconf 89' lang='lat' dir='ltr'><strong>divisa</strong></span> <span class='ocrx_word' id='word_1_96' title='bbox 1347 2026 1488 2075; x_wconf 87' lang='lat' dir='ltr'><strong>sunt.</strong></span> 
     </span>
     <span class='ocr_line' id='line_1_18' title="bbox 442 2098 1491 2163; baseline 0 -16"><span class='ocrx_word' id='word_1_97' title='bbox 442 2098 505 2148; x_wconf 88' lang='lat' dir='ltr'><strong>V.</strong></span> <span class='ocrx_word' id='word_1_98' title='bbox 544 2104 810 2148; x_wconf 77' lang='lat' dir='ltr'><strong>aeternare</strong></span> <span class='ocrx_word' id='word_1_99' title='bbox 844 2100 1026 2148; x_wconf 84' lang='lat' dir='ltr'><strong>autem</strong></span> <span class='ocrx_word' id='word_1_100' title='bbox 1058 2100 1336 2163; x_wconf 85' lang='lat' dir='ltr'><strong>usurpavit</strong></span> <span class='ocrx_word' id='word_1_101' title='bbox 1384 2100 1491 2148; x_wconf 89' lang='lat' dir='ltr'><strong>iam</strong></span> 
     </span>
     <span class='ocr_line' id='line_1_19' title="bbox 441 2171 1490 2236; baseline 0 -15"><span class='ocrx_word' id='word_1_102' title='bbox 441 2173 610 2222; x_wconf 85' lang='lat' dir='ltr'><strong>Varro</strong></span> <span class='ocrx_word' id='word_1_103' title='bbox 645 2186 730 2236; x_wconf 88' lang='lat' dir='ltr'><strong>ap.</strong></span> <span class='ocrx_word' id='word_1_104' title='bbox 769 2174 905 2222; x_wconf 90' lang='lat' dir='ltr'><strong>Non.</strong></span> <span class='ocrx_word' id='word_1_105' title='bbox 942 2185 997 2236; x_wconf 89' lang='lat' dir='ltr'><strong>p.</strong></span> <span class='ocrx_word' id='word_1_106' title='bbox 1031 2173 1121 2233; x_wconf 80' lang='grc'><strong>75,</strong></span> <span class='ocrx_word' id='word_1_107' title='bbox 1158 2174 1241 2223; x_wconf 73' lang='lat'><strong>20.</strong></span> <span class='ocrx_word' id='word_1_108' title='bbox 1295 2171 1490 2223; x_wconf 85' lang='lat' dir='ltr'><strong>Similia</strong></span> 
     </span>
     <span class='ocr_line' id='line_1_20' title="bbox 444 2247 1493 2309; baseline 0.001 -14"><span class='ocrx_word' id='word_1_109' title='bbox 444 2259 532 2295; x_wconf 85' lang='lat' dir='ltr'><strong>vv.</strong></span> <span class='ocrx_word' id='word_1_110' title='bbox 578 2247 876 2309; x_wconf 80' lang='lat' dir='ltr'><strong>antiquiora</strong></span> <span class='ocrx_word' id='word_1_111' title='bbox 922 2247 977 2296; x_wconf 89' lang='lat' dir='ltr'><strong>in</strong></span> <span class='ocrx_word' id='word_1_112' title='bbox 1019 2247 1184 2295; x_wconf 75' lang='lat' dir='ltr'><strong>vitam</strong></span> <span class='ocrx_word' id='word_1_113' title='bbox 1217 2247 1493 2297; x_wconf 81' lang='lat' dir='ltr'><strong>revocavit</strong></span> 
     </span>
     <span class='ocr_line' id='line_1_21' title="bbox 445 2318 1486 2381; baseline 0.001 -12"><span class='ocrx_word' id='word_1_114' title='bbox 445 2319 694 2369; x_wconf 80' lang='lat' dir='ltr'><strong>Horatius</strong></span> <span class='ocrx_word' id='word_1_115' title='bbox 716 2334 728 2378; x_wconf 89' lang='lat'>;</span> <span class='ocrx_word' id='word_1_116' title='bbox 766 2320 843 2369; x_wconf 88' lang='lat' dir='ltr'><strong>sic</strong></span> <span class='ocrx_word' id='word_1_117' title='bbox 867 2318 962 2369; x_wconf 92' lang='lat' dir='ltr'><strong>Od.</strong></span> <span class='ocrx_word' id='word_1_118' title='bbox 990 2319 1045 2380; x_wconf 82' lang='lat'><strong>4,</strong></span> <span class='ocrx_word' id='word_1_119' title='bbox 1071 2319 1128 2379; x_wconf 89' lang='grc'><strong>3,</strong></span> <span class='ocrx_word' id='word_1_120' title='bbox 1155 2319 1210 2370; x_wconf 88' lang='lat'><strong>4:</strong></span> <span class='ocrx_word' id='word_1_121' title='bbox 1264 2321 1486 2381; x_wconf 83' lang='lat' dir='ltr'><strong>clarare,</strong></span> 
     </span>
     <span class='ocr_line' id='line_1_22' title="bbox 445 2390 1487 2456; baseline 0.004 -15"><span class='ocrx_word' id='word_1_122' title='bbox 445 2391 542 2441; x_wconf 91' lang='lat' dir='ltr'><strong>Od.</strong></span> <span class='ocrx_word' id='word_1_123' title='bbox 581 2391 637 2452; x_wconf 97' lang='lat'><strong>4,</strong></span> <span class='ocrx_word' id='word_1_124' title='bbox 675 2390 732 2453; x_wconf 91' lang='lat'><strong>4,</strong></span> <span class='ocrx_word' id='word_1_125' title='bbox 769 2392 866 2442; x_wconf 85' lang='lat'><strong>36:</strong></span> <span class='ocrx_word' id='word_1_126' title='bbox 927 2393 1249 2455; x_wconf 81' lang='lat' dir='ltr'><strong>indecorare,</strong></span> <span class='ocrx_word' id='word_1_127' title='bbox 1302 2393 1398 2444; x_wconf 91' lang='lat' dir='ltr'><strong>Od.</strong></span> <span class='ocrx_word' id='word_1_128' title='bbox 1436 2393 1487 2456; x_wconf 85' lang='grc'><strong>4,</strong></span> 
     </span>
     <span class='ocr_line' id='line_1_23' title="bbox 443 2465 1485 2529; baseline 0.003 -14"><span class='ocrx_word' id='word_1_129' title='bbox 443 2466 534 2527; x_wconf 77' lang='grc'><strong>45,</strong></span> <span class='ocrx_word' id='word_1_130' title='bbox 576 2466 677 2516; x_wconf 76' lang='grc' dir='ltr'><strong>2οε</strong></span> <span class='ocrx_word' id='word_1_131' title='bbox 712 2465 995 2516; x_wconf 72' lang='lat' dir='ltr'><strong>inimicare.</strong></span> <span class='ocrx_word' id='word_1_132' title='bbox 1054 2466 1149 2516; x_wconf 89' lang='lat' dir='ltr'><strong>Od.</strong></span> <span class='ocrx_word' id='word_1_133' title='bbox 1192 2466 1252 2529; x_wconf 89' lang='grc'><strong>3,</strong></span> <span class='ocrx_word' id='word_1_134' title='bbox 1290 2467 1347 2528; x_wconf 69' lang='lat'><strong>2,</strong></span> <span class='ocrx_word' id='word_1_135' title='bbox 1388 2467 1485 2518; x_wconf 77' lang='lat'><strong>⁴8:</strong></span> 
     </span>
    </p>
   </div>
   <div class='ocr_carea' id='block_1_11' title="bbox 346 2540 1484 2604">
    <p class='ocr_par' dir='ltr' id='par_1_11' title="bbox 346 2540 1484 2604">
     <span class='ocr_line' id='line_1_24' title="bbox 346 2540 1484 2604; baseline 0 -12"><span class='ocrx_word' id='word_1_136' title='bbox 346 2584 359 2592; x_wconf 82' lang='grc'><em>.</em></span> <span class='ocrx_word' id='word_1_137' title='bbox 436 2540 782 2589; x_wconf 73' lang='lat' dir='ltr'><strong>intaminatus,</strong></span> <span class='ocrx_word' id='word_1_138' title='bbox 830 2566 885 2576; x_wconf 92' lang='lat'>—</span> <span class='ocrx_word' id='word_1_139' title='bbox 923 2541 1200 2604; x_wconf 88' lang='lat' dir='ltr'><strong>Inscriptio</strong></span> <span class='ocrx_word' id='word_1_140' title='bbox 1245 2543 1484 2592; x_wconf 90' lang='lat' dir='ltr'><strong>nummi:</strong></span> 
     </span>
    </p>
   </div>
   <div class='ocr_carea' id='block_1_12' title="bbox 426 2614 1491 4306">
    <p class='ocr_par' dir='ltr' id='par_1_12' title="bbox 426 2614 1491 4306">
     <span class='ocr_line' id='line_1_25' title="bbox 434 2614 1491 2679; baseline -0.002 -15"><span class='ocrx_word' id='word_1_141' title='bbox 434 2614 863 2665; x_wconf 77' lang='lat' dir='ltr'><strong>AETERNITATI</strong></span> <span class='ocrx_word' id='word_1_142' title='bbox 921 2614 1213 2665; x_wconf 81' lang='lat' dir='ltr'><strong>AVGVSTI.</strong></span> <span class='ocrx_word' id='word_1_143' title='bbox 1272 2642 1327 2651; x_wconf 93' lang='lat'>-</span> <span class='ocrx_word' id='word_1_144' title='bbox 1386 2631 1491 2679; x_wconf 77' lang='lat' dir='ltr'><strong>qua</strong></span> 
     </span>
     <span class='ocr_line' id='line_1_26' title="bbox 432 2686 1490 2753; baseline 0.002 -15"><span class='ocrx_word' id='word_1_145' title='bbox 432 2688 522 2753; x_wconf 79' lang='lat' dir='ltr'><strong>sol]</strong></span> <span class='ocrx_word' id='word_1_146' title='bbox 559 2686 808 2739; x_wconf 86' lang='lat' dir='ltr'><strong>Similiter</strong></span> <span class='ocrx_word' id='word_1_147' title='bbox 842 2689 951 2738; x_wconf 90' lang='lat' dir='ltr'><strong>Cic.</strong></span> <span class='ocrx_word' id='word_1_148' title='bbox 987 2701 1086 2752; x_wconf 90' lang='lat' dir='ltr'><strong>pro</strong></span> <span class='ocrx_word' id='word_1_149' title='bbox 1122 2687 1227 2739; x_wconf 82' lang='lat' dir='ltr'><strong>Mil.</strong></span> <span class='ocrx_word' id='word_1_150' title='bbox 1255 2689 1346 2739; x_wconf 75' lang='lat'><strong>35:</strong></span> <span class='ocrx_word' id='word_1_151' title='bbox 1385 2703 1490 2750; x_wconf 80' lang='lat' dir='ltr'><strong>qua</strong></span> 
     </span>
     <span class='ocr_line' id='line_1_27' title="bbox 428 2762 1483 2827; baseline 0.003 -15"><span class='ocrx_word' id='word_1_152' title='bbox 428 2764 553 2827; x_wconf 70' lang='lat' dir='ltr'><strong>fines</strong></span> <span class='ocrx_word' id='word_1_153' title='bbox 600 2762 801 2824; x_wconf 79' lang='lat' dir='ltr'><strong>imperii</strong></span> <span class='ocrx_word' id='word_1_154' title='bbox 852 2763 1030 2824; x_wconf 78' lang='lat' dir='ltr'><strong>populi</strong></span> <span class='ocrx_word' id='word_1_155' title='bbox 1079 2763 1291 2812; x_wconf 79' lang='lat' dir='ltr'><strong>Romani</strong></span> <span class='ocrx_word' id='word_1_156' title='bbox 1353 2769 1483 2815; x_wconf 75' lang='lat' dir='ltr'><strong>eunt.</strong></span> 
     </span>
     <span class='ocr_line' id='line_1_28' title="bbox 431 2835 1482 2900; baseline 0.003 -15"><span class='ocrx_word' id='word_1_157' title='bbox 431 2835 576 2900; x_wconf 78' lang='lat' dir='ltr'><strong>virg.</strong></span> <span class='ocrx_word' id='word_1_158' title='bbox 612 2840 744 2888; x_wconf 80' lang='lat' dir='ltr'><strong>Aen.</strong></span> <span class='ocrx_word' id='word_1_159' title='bbox 783 2836 840 2898; x_wconf 79' lang='lat'><strong>7,</strong></span> <span class='ocrx_word' id='word_1_160' title='bbox 866 2836 965 2886; x_wconf 83' lang='lat'><strong>99:</strong></span> <span class='ocrx_word' id='word_1_161' title='bbox 1000 2841 1200 2899; x_wconf 78' lang='lat' dir='ltr'><strong>nepotes</strong></span> <span class='ocrx_word' id='word_1_162' title='bbox 1233 2837 1482 2900; x_wconf 79' lang='lat' dir='ltr'><strong>(Aeneae,</strong></span> 
     </span>
     <span class='ocr_line' id='line_1_29' title="bbox 432 2909 1482 2974; baseline 0.001 -15"><span class='ocrx_word' id='word_1_163' title='bbox 432 2909 489 2959; x_wconf 89' lang='lat' dir='ltr'><strong>id</strong></span> <span class='ocrx_word' id='word_1_164' title='bbox 511 2912 610 2972; x_wconf 90' lang='lat' dir='ltr'><strong>est,</strong></span> <span class='ocrx_word' id='word_1_165' title='bbox 635 2910 919 2974; x_wconf 81' lang='lat' dir='ltr'><strong>Augustus)</strong></span> <span class='ocrx_word' id='word_1_166' title='bbox 945 2911 1129 2960; x_wconf 85' lang='lat' dir='ltr'><strong>Omnia</strong></span> <span class='ocrx_word' id='word_1_167' title='bbox 1150 2911 1239 2960; x_wconf 73' lang='lat' dir='ltr'><strong>sub</strong></span> <span class='ocrx_word' id='word_1_168' title='bbox 1253 2911 1482 2973; x_wconf 79' lang='lat' dir='ltr'><strong>pedibus,</strong></span> 
     </span>
     <span class='ocr_line' id='line_1_30' title="bbox 432 2984 1487 3047; baseline 0.001 -14"><span class='ocrx_word' id='word_1_169' title='bbox 432 2998 538 3047; x_wconf 77' lang='lat' dir='ltr'><strong>qua</strong></span> <span class='ocrx_word' id='word_1_170' title='bbox 567 2984 655 3033; x_wconf 83' lang='lat' dir='ltr'><strong>Sol</strong></span> <span class='ocrx_word' id='word_1_171' title='bbox 684 2989 954 3046; x_wconf 65' lang='lat' dir='ltr'><strong>mumque</strong></span> <span class='ocrx_word' id='word_1_172' title='bbox 990 2997 1256 3034; x_wconf 72' lang='lat' dir='ltr'><strong>recurrens</strong></span> <span class='ocrx_word' id='word_1_173' title='bbox 1297 2985 1487 3046; x_wconf 73' lang='lat' dir='ltr'><strong>Aspicit</strong></span> 
     </span>
     <span class='ocr_line' id='line_1_31' title="bbox 435 3058 1479 3123; baseline 0 -14"><span class='ocrx_word' id='word_1_174' title='bbox 435 3059 686 3109; x_wconf 72' lang='lat' dir='ltr'><strong>Oceanmn</strong></span> <span class='ocrx_word' id='word_1_175' title='bbox 723 3060 949 3121; x_wconf 83' lang='lat' dir='ltr'><strong>vertique</strong></span> <span class='ocrx_word' id='word_1_176' title='bbox 991 3059 1199 3123; x_wconf 70' lang='lat' dir='ltr'><strong>roqiqw</strong></span> <span class='ocrx_word' id='word_1_177' title='bbox 1228 3058 1479 3110; x_wconf 79' lang='lat' dir='ltr'><strong>videbunt.</strong></span> 
     </span>
     <span class='ocr_line' id='line_1_32' title="bbox 436 3127 1482 3199; baseline 0.002 -17"><span class='ocrx_word' id='word_1_178' title='bbox 436 3158 490 3167; x_wconf 93' lang='lat'><em>-</em></span> <span class='ocrx_word' id='word_1_179' title='bbox 530 3132 1036 3197; x_wconf 74' lang='lat' dir='ltr'><strong>habitabiles-oras]</strong></span> <span class='ocrx_word' id='word_1_180' title='bbox 1092 3135 1153 3184; x_wconf 84' lang='lat' dir='ltr'><strong>ut</strong></span> <span class='ocrx_word' id='word_1_181' title='bbox 1193 3127 1233 3199; x_wconf 81' lang='grc' dir='ltr'><em>ἦ</em></span> <span class='ocrx_word' id='word_1_182' title='bbox 1282 3134 1482 3184; x_wconf 82' lang='grc' dir='ltr'><strong><em>οἰκου-</em></strong></span> 
     </span>
     <span class='ocr_line' id='line_1_33' title="bbox 428 3206 1479 3273; baseline 0.002 -17"><span class='ocrx_word' id='word_1_183' title='bbox 428 3206 575 3272; x_wconf 75' lang='grc' dir='ltr'><strong>μένη</strong></span> <span class='ocrx_word' id='word_1_184' title='bbox 592 3219 691 3270; x_wconf 88' lang='lat' dir='ltr'><strong>pro</strong></span> <span class='ocrx_word' id='word_1_185' title='bbox 707 3207 840 3257; x_wconf 89' lang='lat' dir='ltr'><strong>orbe</strong></span> <span class='ocrx_word' id='word_1_186' title='bbox 858 3210 1141 3257; x_wconf 86' lang='lat' dir='ltr'><strong>terrarum.</strong></span> <span class='ocrx_word' id='word_1_187' title='bbox 1163 3234 1219 3243; x_wconf 94' lang='lat'>—</span> <span class='ocrx_word' id='word_1_188' title='bbox 1237 3207 1479 3273; x_wconf 72' lang='lat' dir='ltr'><strong>maxime]</strong></span> 
     </span>
     <span class='ocr_line' id='line_1_34' title="bbox 432 3281 1485 3346; baseline 0.004 -18"><span class='ocrx_word' id='word_1_189' title='bbox 432 3281 556 3341; x_wconf 79' lang='lat' dir='ltr'><strong>«qui</strong></span> <span class='ocrx_word' id='word_1_190' title='bbox 588 3293 833 3332; x_wconf 86' lang='lat' dir='ltr'><strong>summus</strong></span> <span class='ocrx_word' id='word_1_191' title='bbox 856 3319 868 3342; x_wconf 91' lang='lat'><strong>,</strong></span> <span class='ocrx_word' id='word_1_192' title='bbox 907 3283 1071 3332; x_wconf 89' lang='lat' dir='ltr'><strong>immo</strong></span> <span class='ocrx_word' id='word_1_193' title='bbox 1095 3294 1235 3332; x_wconf 88' lang='lat' dir='ltr'><strong>unus</strong></span> <span class='ocrx_word' id='word_1_194' title='bbox 1259 3295 1318 3333; x_wconf 90' lang='lat' dir='ltr'><strong>es</strong></span> <span class='ocrx_word' id='word_1_195' title='bbox 1339 3282 1485 3346; x_wconf 88' lang='lat' dir='ltr'><strong>prin-</strong></span> 
     </span>
     <span class='ocr_line' id='line_1_35' title="bbox 429 3356 1476 3419; baseline 0.005 -17"><span class='ocrx_word' id='word_1_196' title='bbox 429 3366 558 3417; x_wconf 87' lang='lat' dir='ltr'><strong>ceps</strong></span> <span class='ocrx_word' id='word_1_197' title='bbox 606 3367 705 3418; x_wconf 87' lang='lat' dir='ltr'><strong>per</strong></span> <span class='ocrx_word' id='word_1_198' title='bbox 747 3356 917 3406; x_wconf 90' lang='lat' dir='ltr'><strong>totum</strong></span> <span class='ocrx_word' id='word_1_199' title='bbox 959 3356 1152 3406; x_wconf 86' lang='lat' dir='ltr'><strong>orbem</strong></span> <span class='ocrx_word' id='word_1_200' title='bbox 1187 3359 1476 3419; x_wconf 86' lang='lat' dir='ltr'><strong>terrarum,</strong></span> 
     </span>
     <span class='ocr_line' id='line_1_36' title="bbox 427 3427 1482 3491; baseline 0.006 -16"><span class='ocrx_word' id='word_1_201' title='bbox 427 3427 826 3491; x_wconf 87' lang='lat' dir='ltr'><strong>potentissimus</strong></span> <span class='ocrx_word' id='word_1_202' title='bbox 858 3430 995 3480; x_wconf 89' lang='lat' dir='ltr'><strong>inter</strong></span> <span class='ocrx_word' id='word_1_203' title='bbox 1029 3431 1325 3482; x_wconf 78' lang='lat' dir='ltr'><strong>homines.»</strong></span> <span class='ocrx_word' id='word_1_204' title='bbox 1374 3431 1482 3482; x_wconf 89' lang='lat' dir='ltr'><strong>Uti-</strong></span> 
     </span>
     <span class='ocr_line' id='line_1_37' title="bbox 429 3501 1484 3568; baseline 0.006 -19"><span class='ocrx_word' id='word_1_205' title='bbox 429 3501 519 3549; x_wconf 83' lang='lat' dir='ltr'><strong>tur</strong></span> <span class='ocrx_word' id='word_1_206' title='bbox 567 3501 783 3550; x_wconf 89' lang='lat' dir='ltr'><strong>nomine</strong></span> <span class='ocrx_word' id='word_1_207' title='bbox 849 3503 1094 3565; x_wconf 85' lang='lat' dir='ltr'><strong>honoris,</strong></span> <span class='ocrx_word' id='word_1_208' title='bbox 1167 3517 1333 3567; x_wconf 86' lang='lat' dir='ltr'><strong>quem</strong></span> <span class='ocrx_word' id='word_1_209' title='bbox 1384 3518 1484 3568; x_wconf 87' lang='lat' dir='ltr'><strong>per</strong></span> 
     </span>
     <span class='ocr_line' id='line_1_38' title="bbox 430 3573 1482 3639; baseline 0.003 -16"><span class='ocrx_word' id='word_1_210' title='bbox 430 3573 879 3624; x_wconf 77' lang='lat' dir='ltr'><strong>consuetudinem</strong></span> <span class='ocrx_word' id='word_1_211' title='bbox 948 3577 1314 3639; x_wconf 86' lang='lat' dir='ltr'><strong>quotidianam</strong></span> <span class='ocrx_word' id='word_1_212' title='bbox 1378 3577 1482 3629; x_wconf 87' lang='lat' dir='ltr'><strong>sibi</strong></span> 
     </span>
     <span class='ocr_line' id='line_1_39' title="bbox 429 3648 1483 3712; baseline 0.006 -16"><span class='ocrx_word' id='word_1_213' title='bbox 429 3648 688 3712; x_wconf 83' lang='lat' dir='ltr'><strong>impertiri</strong></span> <span class='ocrx_word' id='word_1_214' title='bbox 731 3661 763 3697; x_wconf 89' lang='lat' dir='ltr'><strong>a</strong></span> <span class='ocrx_word' id='word_1_215' title='bbox 804 3648 1056 3699; x_wconf 88' lang='lat' dir='ltr'><strong>Romanis</strong></span> <span class='ocrx_word' id='word_1_216' title='bbox 1097 3649 1342 3701; x_wconf 85' lang='lat' dir='ltr'><strong>voluerat</strong></span> <span class='ocrx_word' id='word_1_217' title='bbox 1374 3655 1483 3702; x_wconf 82' lang='lat' dir='ltr'><strong>Au·-</strong></span> 
     </span>
     <span class='ocr_line' id='line_1_40' title="bbox 430 3722 1482 3788; baseline 0.005 -18"><span class='ocrx_word' id='word_1_218' title='bbox 430 3723 637 3785; x_wconf 82' lang='lat' dir='ltr'><strong>gustus.</strong></span> <span class='ocrx_word' id='word_1_219' title='bbox 673 3722 796 3771; x_wconf 88' lang='lat' dir='ltr'><strong>Tac.</strong></span> <span class='ocrx_word' id='word_1_220' title='bbox 823 3723 956 3772; x_wconf 81' lang='lat' dir='ltr'><strong>Ann.</strong></span> <span class='ocrx_word' id='word_1_221' title='bbox 987 3724 1008 3772; x_wconf 79' lang='grc'><strong>4</strong></span> <span class='ocrx_word' id='word_1_222' title='bbox 1034 3762 1045 3783; x_wconf 90' lang='grc'><strong>,</strong></span> <span class='ocrx_word' id='word_1_223' title='bbox 1074 3724 1137 3773; x_wconf 83' lang='lat'><strong>9:</strong></span> <span class='ocrx_word' id='word_1_224' title='bbox 1186 3739 1286 3774; x_wconf 84' lang='lat' dir='ltr'><strong>non</strong></span> <span class='ocrx_word' id='word_1_225' title='bbox 1325 3738 1482 3788; x_wconf 64' lang='lat' dir='ltr'><strong>remeo</strong></span> 
     </span>
     <span class='ocr_line' id='line_1_41' title="bbox 429 3797 1481 3863; baseline 0.002 -17"><span class='ocrx_word' id='word_1_226' title='bbox 429 3821 459 3832; x_wconf 89' lang='lat'>-</span> <span class='ocrx_word' id='word_1_227' title='bbox 479 3809 639 3857; x_wconf 80' lang='lat' dir='ltr'><strong>neque</strong></span> <span class='ocrx_word' id='word_1_228' title='bbox 664 3797 947 3858; x_wconf 68' lang='lat' dir='ltr'><strong>dictatura,</strong></span> <span class='ocrx_word' id='word_1_229' title='bbox 982 3798 1068 3847; x_wconf 77' lang='lat' dir='ltr'><strong>sed</strong></span> <span class='ocrx_word' id='word_1_230' title='bbox 1100 3797 1353 3863; x_wconf 88' lang='lat' dir='ltr'><strong>principis</strong></span> <span class='ocrx_word' id='word_1_231' title='bbox 1385 3813 1481 3848; x_wconf 84' lang='lat' dir='ltr'><strong>no-</strong></span> 
     </span>
     <span class='ocr_line' id='line_1_42' title="bbox 427 3870 1481 3933; baseline 0.003 -13"><span class='ocrx_word' id='word_1_232' title='bbox 427 3870 562 3920; x_wconf 85' lang='lat' dir='ltr'><strong>mine</strong></span> <span class='ocrx_word' id='word_1_233' title='bbox 582 3870 902 3920; x_wconf 77' lang='lat' dir='ltr'><strong>constitutam</strong></span> <span class='ocrx_word' id='word_1_234' title='bbox 921 3884 1030 3920; x_wconf 88' lang='lat' dir='ltr'><strong>rem</strong></span> <span class='ocrx_word' id='word_1_235' title='bbox 1041 3872 1314 3933; x_wconf 76' lang='lat' dir='ltr'><strong>publicam.</strong></span> <span class='ocrx_word' id='word_1_236' title='bbox 1367 3872 1481 3923; x_wconf 92' lang='lat' dir='ltr'><strong>Noli</strong></span> 
     </span>
     <span class='ocr_line' id='line_1_43' title="bbox 431 3943 1480 4008; baseline 0.003 -13"><span class='ocrx_word' id='word_1_237' title='bbox 431 3943 729 4008; x_wconf 80' lang='lat' dir='ltr'><strong>explicare:</strong></span> <span class='ocrx_word' id='word_1_238' title='bbox 792 3946 1053 3995; x_wconf 73' lang='lat' dir='ltr'><strong>«maxime</strong></span> <span class='ocrx_word' id='word_1_239' title='bbox 1093 3947 1231 3997; x_wconf 88' lang='lat' dir='ltr'><strong>inter</strong></span> <span class='ocrx_word' id='word_1_240' title='bbox 1268 3951 1480 3998; x_wconf 89' lang='lat' dir='ltr'><strong>ceteros</strong></span> 
     </span>
     <span class='ocr_line' id='line_1_44' title="bbox 432 4019 1482 4084; baseline 0 -14"><span class='ocrx_word' id='word_1_241' title='bbox 432 4022 610 4071; x_wconf 87' lang='lat' dir='ltr'><strong>terrae</strong></span> <span class='ocrx_word' id='word_1_242' title='bbox 632 4019 963 4084; x_wconf 74' lang='lat' dir='ltr'><strong>principes»;</strong></span> <span class='ocrx_word' id='word_1_243' title='bbox 1001 4032 1128 4070; x_wconf 90' lang='lat' dir='ltr'><strong>nam</strong></span> <span class='ocrx_word' id='word_1_244' title='bbox 1162 4020 1230 4070; x_wconf 89' lang='lat' dir='ltr'><strong>de</strong></span> <span class='ocrx_word' id='word_1_245' title='bbox 1266 4033 1482 4084; x_wconf 89' lang='lat' dir='ltr'><strong>compa-</strong></span> 
     </span>
     <span class='ocr_line' id='line_1_45' title="bbox 429 4092 1479 4156; baseline 0.001 -12"><span class='ocrx_word' id='word_1_246' title='bbox 429 4094 636 4145; x_wconf 82' lang='lat' dir='ltr'><strong>ratione</strong></span> <span class='ocrx_word' id='word_1_247' title='bbox 698 4092 920 4156; x_wconf 80' lang='lat' dir='ltr'><strong>Augusti</strong></span> <span class='ocrx_word' id='word_1_248' title='bbox 987 4105 1112 4143; x_wconf 90' lang='lat' dir='ltr'><strong>cum</strong></span> <span class='ocrx_word' id='word_1_249' title='bbox 1162 4095 1479 4145; x_wconf 84' lang='lat' dir='ltr'><strong>Parthorum</strong></span> 
     </span>
     <span class='ocr_line' id='line_1_46' title="bbox 428 4165 1480 4232; baseline 0.002 -16"><span class='ocrx_word' id='word_1_250' title='bbox 428 4180 556 4231; x_wconf 77' lang='lat' dir='ltr'><strong>rege</strong></span> <span class='ocrx_word' id='word_1_251' title='bbox 578 4207 590 4229; x_wconf 96' lang='lat'><strong>,</strong></span> <span class='ocrx_word' id='word_1_252' title='bbox 644 4165 728 4218; x_wconf 87' lang='lat' dir='ltr'><strong>vel</strong></span> <span class='ocrx_word' id='word_1_253' title='bbox 763 4167 908 4232; x_wconf 90' lang='lat' dir='ltr'><strong>quod</strong></span> <span class='ocrx_word' id='word_1_254' title='bbox 944 4168 1104 4219; x_wconf 88' lang='lat' dir='ltr'><strong>etiam</strong></span> <span class='ocrx_word' id='word_1_255' title='bbox 1136 4168 1314 4219; x_wconf 88' lang='lat' dir='ltr'><strong>minus</strong></span> <span class='ocrx_word' id='word_1_256' title='bbox 1350 4181 1480 4218; x_wconf 88' lang='lat' dir='ltr'><strong>con-</strong></span> 
     </span>
     <span class='ocr_line' id='line_1_47' title="bbox 426 4240 1479 4306; baseline 0.002 -15"><span class='ocrx_word' id='word_1_257' title='bbox 426 4243 744 4294; x_wconf 86' lang='lat' dir='ltr'><strong>sentaneum</strong></span> <span class='ocrx_word' id='word_1_258' title='bbox 801 4241 1019 4304; x_wconf 85' lang='lat' dir='ltr'><strong>fuisset,</strong></span> <span class='ocrx_word' id='word_1_259' title='bbox 1092 4255 1216 4294; x_wconf 89' lang='lat' dir='ltr'><strong>cum</strong></span> <span class='ocrx_word' id='word_1_260' title='bbox 1284 4240 1479 4306; x_wconf 81' lang='lat' dir='ltr'><strong>regulis</strong></span> 
     </span>
    </p>
   </div>
   <div class='ocr_carea' id='block_1_13' title="bbox 1554 1874 2617 4307">
    <p class='ocr_par' dir='ltr' id='par_1_13' title="bbox 1568 1874 2615 2013">
     <span class='ocr_line' id='line_1_48' title="bbox 1568 1874 2615 1939; baseline 0.001 -15"><span class='ocrx_word' id='word_1_261' title='bbox 1568 1875 1796 1938; x_wconf 86' lang='lat' dir='ltr'><strong>imperio</strong></span> <span class='ocrx_word' id='word_1_262' title='bbox 1819 1874 2055 1924; x_wconf 81' lang='lat' dir='ltr'><strong>Romano</strong></span> <span class='ocrx_word' id='word_1_263' title='bbox 2078 1874 2345 1936; x_wconf 82' lang='lat' dir='ltr'><strong>obnoxiis,</strong></span> <span class='ocrx_word' id='word_1_264' title='bbox 2385 1876 2615 1939; x_wconf 83' lang='lat' dir='ltr'><strong>cogitare</strong></span> 
     </span>
     <span class='ocr_line' id='line_1_49' title="bbox 1568 1949 2089 2013; baseline -0.004 -13"><span class='ocrx_word' id='word_1_265' title='bbox 1568 1963 1676 2000; x_wconf 92' lang='lat' dir='ltr'><strong>non</strong></span> <span class='ocrx_word' id='word_1_266' title='bbox 1710 1949 1884 2012; x_wconf 89' lang='lat' dir='ltr'><strong>potuit</strong></span> <span class='ocrx_word' id='word_1_267' title='bbox 1914 1950 2089 2013; x_wconf 78' lang='lat' dir='ltr'><strong>poeta.</strong></span> 
     </span>
    </p>

    <p class='ocr_par' dir='ltr' id='par_1_14' title="bbox 1557 2022 2617 3045">
     <span class='ocr_line' id='line_1_50' title="bbox 1633 2022 2617 2087; baseline 0.001 -15"><span class='ocrx_word' id='word_1_268' title='bbox 1633 2024 1682 2072; x_wconf 86' lang='lat'><strong>7.</strong></span> <span class='ocrx_word' id='word_1_269' title='bbox 1721 2022 1771 2073; x_wconf 88' lang='lat'><strong>8.</strong></span> <span class='ocrx_word' id='word_1_270' title='bbox 1829 2022 1951 2086; x_wconf 62' lang='grc' dir='ltr'><strong>ἱερᾶς</strong></span> <span class='ocrx_word' id='word_1_271' title='bbox 1974 2028 2202 2085; x_wconf 65' lang='lat' dir='ltr'><strong>expertes</strong></span> <span class='ocrx_word' id='word_1_272' title='bbox 2221 2022 2448 2087; x_wconf 77' lang='lat' dir='ltr'><strong>Latinae]</strong></span> <span class='ocrx_word' id='word_1_273' title='bbox 2487 2035 2617 2073; x_wconf 71' lang='lat' dir='ltr'><strong>‹can—</strong></span> 
     </span>
     <span class='ocr_line' id='line_1_51' title="bbox 1567 2095 2615 2159; baseline 0.002 -14"><span class='ocrx_word' id='word_1_274' title='bbox 1567 2098 1653 2146; x_wconf 85' lang='lat' dir='ltr'><strong>tea</strong></span> <span class='ocrx_word' id='word_1_275' title='bbox 1688 2096 1912 2159; x_wconf 88' lang='lat' dir='ltr'><strong>imperio</strong></span> <span class='ocrx_word' id='word_1_276' title='bbox 1935 2097 2172 2146; x_wconf 84' lang='lat' dir='ltr'><strong>Romano</strong></span> <span class='ocrx_word' id='word_1_277' title='bbox 2204 2109 2310 2146; x_wconf 90' lang='lat' dir='ltr'><strong>non</strong></span> <span class='ocrx_word' id='word_1_278' title='bbox 2333 2095 2615 2147; x_wconf 85' lang='lat' dir='ltr'><strong>subiecti.»</strong></span> 
     </span>
     <span class='ocr_line' id='line_1_52' title="bbox 1566 2169 2615 2231; baseline -0.002 -11"><span class='ocrx_word' id='word_1_279' title='bbox 1566 2170 1662 2220; x_wconf 91' lang='lat' dir='ltr'><strong>Od.</strong></span> <span class='ocrx_word' id='word_1_280' title='bbox 1684 2169 1733 2230; x_wconf 83' lang='lat'><strong>4,</strong></span> <span class='ocrx_word' id='word_1_281' title='bbox 1757 2171 1836 2231; x_wconf 77' lang='grc'><strong>45,</strong></span> <span class='ocrx_word' id='word_1_282' title='bbox 1857 2171 1955 2220; x_wconf 72' lang='lat'><strong>22:</strong></span> <span class='ocrx_word' id='word_1_283' title='bbox 1992 2172 2217 2221; x_wconf 80' lang='lat' dir='ltr'><strong>Edicta·</strong></span> <span class='ocrx_word' id='word_1_284' title='bbox 2237 2170 2385 2219; x_wconf 70' lang='lat' dir='ltr'><strong>lidia.</strong></span> <span class='ocrx_word' id='word_1_285' title='bbox 2410 2198 2465 2207; x_wconf 90' lang='lat'>—</span> <span class='ocrx_word' id='word_1_286' title='bbox 2493 2171 2615 2221; x_wconf 84' lang='lat' dir='ltr'><strong>Vin-</strong></span> 
     </span>
     <span class='ocr_line' id='line_1_53' title="bbox 1564 2242 2610 2307; baseline -0.001 -13"><span class='ocrx_word' id='word_1_287' title='bbox 1564 2243 1723 2306; x_wconf 77' lang='lat' dir='ltr'><strong>delici]</strong></span> <span class='ocrx_word' id='word_1_288' title='bbox 1745 2242 1850 2293; x_wconf 77' lang='lat' dir='ltr'><strong>Cir.</strong></span> <span class='ocrx_word' id='word_1_289' title='bbox 1873 2244 2092 2294; x_wconf 88' lang='lat' dir='ltr'><strong>Excurs.</strong></span> <span class='ocrx_word' id='word_1_290' title='bbox 2114 2243 2184 2293; x_wconf 87' lang='lat' dir='ltr'><strong>ad</strong></span> <span class='ocrx_word' id='word_1_291' title='bbox 2208 2243 2305 2293; x_wconf 91' lang='lat' dir='ltr'><strong>Od.</strong></span> <span class='ocrx_word' id='word_1_292' title='bbox 2327 2243 2387 2305; x_wconf 91' lang='lat'><strong>4,</strong></span> <span class='ocrx_word' id='word_1_293' title='bbox 2410 2244 2471 2293; x_wconf 77' lang='grc'><strong>47</strong></span> <span class='ocrx_word' id='word_1_294' title='bbox 2489 2257 2610 2307; x_wconf 87' lang='lat' dir='ltr'><strong>sqq.</strong></span> 
     </span>
     <span class='ocr_line' id='line_1_54' title="bbox 1568 2317 2608 2381; baseline 0.003 -16"><span class='ocrx_word' id='word_1_295' title='bbox 1568 2344 1624 2353; x_wconf 93' lang='lat'><strong>-—·</strong></span> <span class='ocrx_word' id='word_1_296' title='bbox 1663 2317 1902 2381; x_wconf 80' lang='lat' dir='ltr'><strong>didicere]</strong></span> <span class='ocrx_word' id='word_1_297' title='bbox 1941 2330 2199 2378; x_wconf 74' lang='lat' dir='ltr'><strong>«novere,</strong></span> <span class='ocrx_word' id='word_1_298' title='bbox 2237 2330 2457 2368; x_wconf 85' lang='lat' dir='ltr'><strong>sensere</strong></span> <span class='ocrx_word' id='word_1_299' title='bbox 2496 2318 2608 2381; x_wconf 88' lang='lat' dir='ltr'><strong>(Od.</strong></span> 
     </span>
     <span class='ocr_line' id='line_1_55' title="bbox 1563 2389 2610 2452; baseline 0 -11"><span class='ocrx_word' id='word_1_300' title='bbox 1563 2390 1612 2449; x_wconf 87' lang='grc'><strong>4,</strong></span> <span class='ocrx_word' id='word_1_301' title='bbox 1641 2389 1690 2450; x_wconf 91' lang='grc'><strong>4,</strong></span> <span class='ocrx_word' id='word_1_302' title='bbox 1710 2391 1813 2452; x_wconf 76' lang='grc'><strong>25.)</strong></span> <span class='ocrx_word' id='word_1_303' title='bbox 1840 2403 1963 2440; x_wconf 89' lang='lat' dir='ltr'><strong>cum</strong></span> <span class='ocrx_word' id='word_1_304' title='bbox 1988 2390 2185 2440; x_wconf 89' lang='lat' dir='ltr'><strong>damno</strong></span> <span class='ocrx_word' id='word_1_305' title='bbox 2208 2392 2264 2440; x_wconf 93' lang='lat' dir='ltr'><strong>et</strong></span> <span class='ocrx_word' id='word_1_306' title='bbox 2286 2389 2436 2441; x_wconf 88' lang='lat' dir='ltr'><strong>clade</strong></span> <span class='ocrx_word' id='word_1_307' title='bbox 2461 2404 2610 2441; x_wconf 78' lang='lat' dir='ltr'><strong>sua».</strong></span> 
     </span>
     <span class='ocr_line' id='line_1_56' title="bbox 1563 2463 2614 2529; baseline 0.001 -15"><span class='ocrx_word' id='word_1_308' title='bbox 1563 2465 1648 2515; x_wconf 90' lang='lat' dir='ltr'><strong>Sic</strong></span> <span class='ocrx_word' id='word_1_309' title='bbox 1688 2463 1848 2529; x_wconf 89' lang='lat' dir='ltr'><strong>Soph.</strong></span> <span class='ocrx_word' id='word_1_310' title='bbox 1891 2465 2061 2528; x_wconf 81' lang='lat' dir='ltr'><strong>Antig.</strong></span> <span class='ocrx_word' id='word_1_311' title='bbox 2096 2464 2211 2515; x_wconf 87' lang='grc'>960.</span> <span class='ocrx_word' id='word_1_312' title='bbox 2263 2463 2331 2514; x_wconf 90' lang='lat' dir='ltr'><strong>de</strong></span> <span class='ocrx_word' id='word_1_313' title='bbox 2370 2466 2614 2528; x_wconf 75' lang='lat' dir='ltr'><strong>Lycurgo</strong></span> 
     </span>
     <span class='ocr_line' id='line_1_57' title="bbox 1561 2537 2614 2604; baseline 0.002 -17"><span class='ocrx_word' id='word_1_314' title='bbox 1561 2538 1746 2602; x_wconf 84' lang='lat' dir='ltr'><strong>punito</strong></span> <span class='ocrx_word' id='word_1_315' title='bbox 1769 2553 1779 2586; x_wconf 95' lang='lat'>:</span> <span class='ocrx_word' id='word_1_316' title='bbox 1861 2543 2052 2600; x_wconf 75' lang='grc' dir='ltr'><strong><em>κεῖνος</em></strong></span> <span class='ocrx_word' id='word_1_317' title='bbox 2106 2537 2322 2604; x_wconf 74' lang='grc' dir='ltr'><strong><em>ἐπέγνω</em></strong></span> <span class='ocrx_word' id='word_1_318' title='bbox 2377 2539 2614 2602; x_wconf 76' lang='grc' dir='ltr'><strong><em>μανίαις</em></strong></span> 
     </span>
     <span class='ocr_line' id='line_1_58' title="bbox 1568 2607 2613 2662; baseline -0.001 0"><span class='ocrx_word' id='word_1_319' title='bbox 1568 2608 1781 2662; x_wconf 80' lang='grc' dir='ltr'><em>Ψαύων</em></span> <span class='ocrx_word' id='word_1_320' title='bbox 1811 2608 1914 2662; x_wconf 75' lang='grc' dir='ltr'><strong>τὸν</strong></span> <span class='ocrx_word' id='word_1_321' title='bbox 1942 2607 2102 2662; x_wconf 77' lang='grc' dir='ltr'><strong><em>θεόν.</em></strong></span> <span class='ocrx_word' id='word_1_322' title='bbox 2140 2611 2222 2662; x_wconf 86' lang='lat' dir='ltr'><strong>Ad</strong></span> <span class='ocrx_word' id='word_1_323' title='bbox 2256 2613 2613 2662; x_wconf 86' lang='lat' dir='ltr'><strong>constructio-</strong></span> 
     </span>
     <span class='ocr_line' id='line_1_59' title="bbox 1562 2687 2608 2748; baseline 0 -11"><span class='ocrx_word' id='word_1_324' title='bbox 1562 2699 1690 2737; x_wconf 90' lang='lat' dir='ltr'><strong>nem</strong></span> <span class='ocrx_word' id='word_1_325' title='bbox 1733 2687 1889 2748; x_wconf 86' lang='lat' dir='ltr'><strong>Quem</strong></span> <span class='ocrx_word' id='word_1_326' title='bbox 1926 2712 2006 2723; x_wconf 93' lang='lat'><strong>--</strong></span> <span class='ocrx_word' id='word_1_327' title='bbox 2040 2687 2283 2748; x_wconf 78' lang='lat' dir='ltr'><strong>didicere,</strong></span> <span class='ocrx_word' id='word_1_328' title='bbox 2335 2687 2465 2748; x_wconf 77' lang='lat' dir='ltr'><strong>Quid</strong></span> <span class='ocrx_word' id='word_1_329' title='bbox 2506 2688 2608 2737; x_wconf 88' lang='lat' dir='ltr'><strong>cet.</strong></span> 
     </span>
     <span class='ocr_line' id='line_1_60' title="bbox 1561 2759 2610 2820; baseline -0.001 -10"><span class='ocrx_word' id='word_1_330' title='bbox 1561 2760 1658 2810; x_wconf 80' lang='lat' dir='ltr'><strong>cfr.</strong></span> <span class='ocrx_word' id='word_1_331' title='bbox 1698 2760 1907 2810; x_wconf 87' lang='lat' dir='ltr'><strong>Terent.</strong></span> <span class='ocrx_word' id='word_1_332' title='bbox 1955 2760 2089 2809; x_wconf 89' lang='lat' dir='ltr'><strong>Eun.</strong></span> <span class='ocrx_word' id='word_1_333' title='bbox 2136 2759 2192 2820; x_wconf 88' lang='lat'><strong>3,</strong></span> <span class='ocrx_word' id='word_1_334' title='bbox 2230 2760 2291 2819; x_wconf 89' lang='grc'><strong>5,</strong></span> <span class='ocrx_word' id='word_1_335' title='bbox 2331 2759 2427 2811; x_wconf 74' lang='grc' dir='ltr'><strong>48ε</strong></span> <span class='ocrx_word' id='word_1_336' title='bbox 2480 2772 2610 2809; x_wconf 86' lang='lat' dir='ltr'><strong>me-</strong></span> 
     </span>
     <span class='ocr_line' id='line_1_61' title="bbox 1558 2832 2612 2896; baseline -0.001 -13"><span class='ocrx_word' id='word_1_337' title='bbox 1558 2834 1724 2894; x_wconf 78' lang='lat' dir='ltr'><strong>noris,</strong></span> <span class='ocrx_word' id='word_1_338' title='bbox 1772 2846 1927 2894; x_wconf 80' lang='lat' dir='ltr'><strong>quam</strong></span> <span class='ocrx_word' id='word_1_339' title='bbox 1959 2832 2157 2896; x_wconf 65' lang='lat' dir='ltr'><strong>elegans</strong></span> <span class='ocrx_word' id='word_1_340' title='bbox 2185 2833 2474 2895; x_wconf 73' lang='lat' dir='ltr'><strong>fomur-tam</strong></span> <span class='ocrx_word' id='word_1_341' title='bbox 2503 2846 2612 2895; x_wconf 76' lang='lat' dir='ltr'><strong>spe-</strong></span> 
     </span>
     <span class='ocr_line' id='line_1_62' title="bbox 1557 2906 2611 2972; baseline 0.001 -15"><span class='ocrx_word' id='word_1_342' title='bbox 1557 2912 1724 2958; x_wconf 78' lang='lat' dir='ltr'><strong>ctator</strong></span> <span class='ocrx_word' id='word_1_343' title='bbox 1760 2909 1897 2957; x_wconf 82' lang='lat' dir='ltr'><strong>siem.</strong></span> <span class='ocrx_word' id='word_1_344' title='bbox 1968 2906 2103 2957; x_wconf 86' lang='lat' dir='ltr'><strong>lhid.</strong></span> <span class='ocrx_word' id='word_1_345' title='bbox 2157 2906 2215 2968; x_wconf 92' lang='grc'><strong>4,</strong></span> <span class='ocrx_word' id='word_1_346' title='bbox 2258 2906 2319 2968; x_wconf 87' lang='grc'><strong>3,</strong></span> <span class='ocrx_word' id='word_1_347' title='bbox 2363 2908 2459 2957; x_wconf 76' lang='lat'><strong>⁴5:</strong></span> <span class='ocrx_word' id='word_1_348' title='bbox 2520 2921 2611 2972; x_wconf 70' lang='lat' dir='ltr'><strong>eqo</strong></span> 
     </span>
     <span class='ocr_line' id='line_1_63' title="bbox 1557 2981 2248 3045; baseline 0 -14"><span class='ocrx_word' id='word_1_349' title='bbox 1557 2983 1701 3031; x_wconf 73' lang='lat' dir='ltr'><strong>illwn</strong></span> <span class='ocrx_word' id='word_1_350' title='bbox 1732 2982 1921 3042; x_wconf 82' lang='lat' dir='ltr'><strong>nescio,</strong></span> <span class='ocrx_word' id='word_1_351' title='bbox 1960 2981 2047 3043; x_wconf 80' lang='lat' dir='ltr'><strong>qui</strong></span> <span class='ocrx_word' id='word_1_352' title='bbox 2077 2981 2248 3045; x_wconf 79' lang='lat' dir='ltr'><strong>fuerit.</strong></span> 
     </span>
    </p>

    <p class='ocr_par' dir='ltr' id='par_1_15' title="bbox 1554 3054 2612 4307">
     <span class='ocr_line' id='line_1_64' title="bbox 1624 3054 2612 3120; baseline 0.002 -15"><span class='ocrx_word' id='word_1_353' title='bbox 1624 3055 1656 3105; x_wconf 85' lang='grc'>9</span> <span class='ocrx_word' id='word_1_354' title='bbox 1676 3056 1807 3105; x_wconf 75' lang='grc'><strong>-42.</strong></span> <span class='ocrx_word' id='word_1_355' title='bbox 1845 3055 2006 3106; x_wconf 80' lang='lat' dir='ltr'><strong>Milite</strong></span> <span class='ocrx_word' id='word_1_356' title='bbox 2037 3069 2160 3105; x_wconf 83' lang='lat' dir='ltr'><strong>nam</strong></span> <span class='ocrx_word' id='word_1_357' title='bbox 2190 3055 2304 3120; x_wconf 73' lang='lat' dir='ltr'><strong>tuo]</strong></span> <span class='ocrx_word' id='word_1_358' title='bbox 2337 3054 2489 3106; x_wconf 89' lang='lat' dir='ltr'><strong>Idem</strong></span> <span class='ocrx_word' id='word_1_359' title='bbox 2521 3069 2612 3107; x_wconf 89' lang='lat' dir='ltr'><strong>re-</strong></span> 
     </span>
     <span class='ocr_line' id='line_1_65' title="bbox 1554 3128 2608 3195; baseline 0.002 -16"><span class='ocrx_word' id='word_1_360' title='bbox 1554 3130 1689 3195; x_wconf 86' lang='lat' dir='ltr'><strong>petit</strong></span> <span class='ocrx_word' id='word_1_361' title='bbox 1718 3142 1773 3180; x_wconf 85' lang='lat' dir='ltr'><strong>v.</strong></span> <span class='ocrx_word' id='word_1_362' title='bbox 1800 3128 1890 3179; x_wconf 81' lang='lat'><strong>33:</strong></span> <span class='ocrx_word' id='word_1_363' title='bbox 1932 3129 1994 3179; x_wconf 89' lang='lat' dir='ltr'><strong>Te</strong></span> <span class='ocrx_word' id='word_1_364' title='bbox 2013 3130 2185 3192; x_wconf 74' lang='lat' dir='ltr'><strong>copias</strong></span> <span class='ocrx_word' id='word_1_365' title='bbox 2205 3132 2310 3180; x_wconf 90' lang='lat' dir='ltr'><strong>cet.</strong></span> <span class='ocrx_word' id='word_1_366' title='bbox 2331 3168 2343 3192; x_wconf 89' lang='lat'>‚</span> <span class='ocrx_word' id='word_1_367' title='bbox 2380 3131 2440 3180; x_wconf 88' lang='lat' dir='ltr'><strong>ut</strong></span> <span class='ocrx_word' id='word_1_368' title='bbox 2460 3143 2608 3181; x_wconf 90' lang='lat' dir='ltr'><strong>sum-</strong></span> 
     </span>
     <span class='ocr_line' id='line_1_66' title="bbox 1558 3202 2609 3267; baseline -0.001 -12"><span class='ocrx_word' id='word_1_369' title='bbox 1558 3218 1648 3255; x_wconf 89' lang='lat' dir='ltr'><strong>ma</strong></span> <span class='ocrx_word' id='word_1_370' title='bbox 1681 3204 1936 3254; x_wconf 84' lang='lat' dir='ltr'><strong>victoriae</strong></span> <span class='ocrx_word' id='word_1_371' title='bbox 1986 3202 2150 3267; x_wconf 83' lang='lat' dir='ltr'><strong>gloria</strong></span> <span class='ocrx_word' id='word_1_372' title='bbox 2195 3203 2264 3254; x_wconf 89' lang='lat' dir='ltr'><strong>ad</strong></span> <span class='ocrx_word' id='word_1_373' title='bbox 2314 3206 2609 3267; x_wconf 82' lang='lat' dir='ltr'><strong>Augustum</strong></span> 
     </span>
     <span class='ocr_line' id='line_1_67' title="bbox 1557 3277 2605 3343; baseline -0.002 -15"><span class='ocrx_word' id='word_1_374' title='bbox 1557 3277 1842 3329; x_wconf 89' lang='lat' dir='ltr'><strong>redundet.</strong></span> <span class='ocrx_word' id='word_1_375' title='bbox 1891 3305 1946 3315; x_wconf 92' lang='lat'>—</span> <span class='ocrx_word' id='word_1_376' title='bbox 1986 3278 2207 3343; x_wconf 71' lang='lat' dir='ltr'><strong>Drusus]</strong></span> <span class='ocrx_word' id='word_1_377' title='bbox 2242 3279 2340 3329; x_wconf 93' lang='lat' dir='ltr'><strong>Dio</strong></span> <span class='ocrx_word' id='word_1_378' title='bbox 2381 3278 2473 3340; x_wconf 90' lang='grc'><strong>54,</strong></span> <span class='ocrx_word' id='word_1_379' title='bbox 2513 3279 2605 3329; x_wconf 75' lang='lat'><strong>22:</strong></span> 
     </span>
     <span class='ocr_line' id='line_1_68' title="bbox 1559 3346 2609 3423; baseline -0.005 -17"><span class='ocrx_word' id='word_1_380' title='bbox 1559 3347 1594 3407; x_wconf 84' lang='grc' dir='ltr'><em>ὃ</em></span> <span class='ocrx_word' id='word_1_381' title='bbox 1617 3346 1954 3420; x_wconf 76' lang='grc' dir='ltr'><em>Αὔγουστος</em></span> <span class='ocrx_word' id='word_1_382' title='bbox 1987 3347 2218 3423; x_wconf 79' lang='grc' dir='ltr'><em>πρῶτο</em></span> <span class='ocrx_word' id='word_1_383' title='bbox 2235 3368 2267 3402; x_wconf 80' lang='grc' dir='ltr'><strong><em>ν</em></strong></span> <span class='ocrx_word' id='word_1_384' title='bbox 2298 3347 2401 3402; x_wconf 75' lang='grc' dir='ltr'><strong>τὸν</strong></span> <span class='ocrx_word' id='word_1_385' title='bbox 2423 3348 2609 3422; x_wconf 77' lang='grc' dir='ltr'><em>Δροῦ-</em></span> 
     </span>
     <span class='ocr_line' id='line_1_69' title="bbox 1558 3419 2603 3490; baseline -0.005 -12"><span class='ocrx_word' id='word_1_386' title='bbox 1558 3443 1667 3479; x_wconf 81' lang='grc' dir='ltr'><strong>σον</strong></span> <span class='ocrx_word' id='word_1_387' title='bbox 1696 3427 1791 3478; x_wconf 76' lang='grc' dir='ltr'><strong>ἐπὶ</strong></span> <span class='ocrx_word' id='word_1_388' title='bbox 1824 3422 1962 3489; x_wconf 79' lang='grc' dir='ltr'><strong>τούς</strong></span> <span class='ocrx_word' id='word_1_389' title='bbox 1988 3420 2246 3488; x_wconf 76' lang='grc' dir='ltr'><strong><em>Ῥαιτούς</em></strong></span> <span class='ocrx_word' id='word_1_390' title='bbox 2278 3419 2527 3490; x_wconf 72' lang='grc' dir='ltr'><em>ἔπεμψε.</em></span> <span class='ocrx_word' id='word_1_391' title='bbox 2549 3453 2603 3462; x_wconf 94' lang='lat'><strong>--</strong></span> 
     </span>
     <span class='ocr_line' id='line_1_70' title="bbox 1558 3497 2604 3566; baseline -0.005 -13"><span class='ocrx_word' id='word_1_392' title='bbox 1558 3501 1847 3566; x_wconf 80' lang='lat' dir='ltr'><strong>Genaunes]</strong></span> <span class='ocrx_word' id='word_1_393' title='bbox 1899 3498 2099 3550; x_wconf 87' lang='lat' dir='ltr'><strong>incolas</strong></span> <span class='ocrx_word' id='word_1_394' title='bbox 2148 3498 2297 3550; x_wconf 85' lang='lat' dir='ltr'><strong>vallis</strong></span> <span class='ocrx_word' id='word_1_395' title='bbox 2351 3497 2568 3562; x_wconf 79' lang='lat' dir='ltr'><strong>Alpinae</strong></span> <span class='ocrx_word' id='word_1_396' title='bbox 2592 3536 2604 3555; x_wconf 84' lang='lat'><strong>,</strong></span> 
     </span>
     <span class='ocr_line' id='line_1_71' title="bbox 1556 3570 2610 3640; baseline -0.006 -14"><span class='ocrx_word' id='word_1_397' title='bbox 1556 3589 1695 3640; x_wconf 89' lang='lat' dir='ltr'><strong>quae</strong></span> <span class='ocrx_word' id='word_1_398' title='bbox 1729 3575 1890 3626; x_wconf 91' lang='lat' dir='ltr'><strong>hodie</strong></span> <span class='ocrx_word' id='word_1_399' title='bbox 1918 3575 2054 3625; x_wconf 78' lang='lat' dir='ltr'><strong>Valle</strong></span> <span class='ocrx_word' id='word_1_400' title='bbox 2085 3575 2138 3624; x_wconf 81' lang='lat' dir='ltr'><strong>di</strong></span> <span class='ocrx_word' id='word_1_401' title='bbox 2167 3575 2284 3624; x_wconf 87' lang='lat' dir='ltr'><strong>Non</strong></span> <span class='ocrx_word' id='word_1_402' title='bbox 2315 3570 2610 3636; x_wconf 84' lang='lat' dir='ltr'><strong>appellatur</strong></span> 
     </span>
     <span class='ocr_line' id='line_1_72' title="bbox 1559 3646 2602 3712; baseline -0.005 -12"><span class='ocrx_word' id='word_1_403' title='bbox 1559 3650 1685 3712; x_wconf 92' lang='lat' dir='ltr'><strong>(non</strong></span> <span class='ocrx_word' id='word_1_404' title='bbox 1700 3687 1712 3711; x_wconf 88' lang='lat'>‚</span> <span class='ocrx_word' id='word_1_405' title='bbox 1749 3652 1810 3699; x_wconf 91' lang='lat' dir='ltr'><strong>ut</strong></span> <span class='ocrx_word' id='word_1_406' title='bbox 1829 3647 2014 3698; x_wconf 87' lang='lat' dir='ltr'><strong>volunt</strong></span> <span class='ocrx_word' id='word_1_407' title='bbox 2034 3647 2117 3697; x_wconf 88' lang='lat' dir='ltr'><strong>alii</strong></span> <span class='ocrx_word' id='word_1_408' title='bbox 2140 3686 2152 3709; x_wconf 92' lang='lat'><strong>,</strong></span> <span class='ocrx_word' id='word_1_409' title='bbox 2182 3647 2275 3698; x_wconf 83' lang='lat' dir='ltr'><strong>Vai</strong></span> <span class='ocrx_word' id='word_1_410' title='bbox 2297 3646 2602 3710; x_wconf 69' lang='lat' dir='ltr'><strong>d&#39;Anaana).</strong></span> 
     </span>
     <span class='ocr_line' id='line_1_73' title="bbox 1561 3721 2601 3787; baseline -0.003 -13"><span class='ocrx_word' id='word_1_411' title='bbox 1561 3752 1616 3761; x_wconf 88' lang='lat'>—</span> <span class='ocrx_word' id='word_1_412' title='bbox 1671 3722 2012 3787; x_wconf 80' lang='lat' dir='ltr'><strong>Breunosque]</strong></span> <span class='ocrx_word' id='word_1_413' title='bbox 2074 3721 2363 3772; x_wconf 81' lang='lat' dir='ltr'><strong>Bruneeken</strong></span> <span class='ocrx_word' id='word_1_414' title='bbox 2433 3733 2601 3785; x_wconf 89' lang='lat' dir='ltr'><strong>prope</strong></span> 
     </span>
     <span class='ocr_line' id='line_1_74' title="bbox 1555 3794 2606 3862; baseline 0 -16"><span class='ocrx_word' id='word_1_415' title='bbox 1555 3799 1884 3862; x_wconf 75' lang='lat' dir='ltr'><strong>Sterzinqen3</strong></span> <span class='ocrx_word' id='word_1_416' title='bbox 1918 3797 2002 3847; x_wconf 89' lang='lat' dir='ltr'><strong>alii</strong></span> <span class='ocrx_word' id='word_1_417' title='bbox 2031 3809 2125 3847; x_wconf 90' lang='lat' dir='ltr'><strong>eos</strong></span> <span class='ocrx_word' id='word_1_418' title='bbox 2154 3794 2416 3847; x_wconf 89' lang='lat' dir='ltr'><strong>collocant</strong></span> <span class='ocrx_word' id='word_1_419' title='bbox 2438 3796 2491 3844; x_wconf 91' lang='lat' dir='ltr'><strong>in</strong></span> <span class='ocrx_word' id='word_1_420' title='bbox 2514 3796 2606 3846; x_wconf 78' lang='lat' dir='ltr'><strong>Val</strong></span> 
     </span>
     <span class='ocr_line' id='line_1_75' title="bbox 1556 3869 2603 3936; baseline -0.001 -15"><span class='ocrx_word' id='word_1_421' title='bbox 1556 3872 1608 3921; x_wconf 81' lang='lat' dir='ltr'><strong>di</strong></span> <span class='ocrx_word' id='word_1_422' title='bbox 1635 3872 1860 3936; x_wconf 63' lang='lat' dir='ltr'><strong>Bremia.</strong></span> <span class='ocrx_word' id='word_1_423' title='bbox 1931 3870 2036 3922; x_wconf 76' lang='lat' dir='ltr'><strong>Cir.</strong></span> <span class='ocrx_word' id='word_1_424' title='bbox 2077 3869 2354 3921; x_wconf 80' lang='lat' dir='ltr'><strong>Wolffarth</strong></span> <span class='ocrx_word' id='word_1_425' title='bbox 2389 3870 2443 3919; x_wconf 91' lang='lat' dir='ltr'><strong>in</strong></span> <span class='ocrx_word' id='word_1_426' title='bbox 2474 3869 2603 3920; x_wconf 79' lang='lat' dir='ltr'><strong>Ann.</strong></span> 
     </span>
     <span class='ocr_line' id='line_1_76' title="bbox 1556 3943 2609 3996; baseline -0.002 0"><span class='ocrx_word' id='word_1_427' title='bbox 1556 3946 1666 3995; x_wconf 81' lang='lat' dir='ltr'><strong>dell&#39;</strong></span> <span class='ocrx_word' id='word_1_428' title='bbox 1689 3947 1809 3996; x_wconf 79' lang='lat' dir='ltr'><strong>Inst.</strong></span> <span class='ocrx_word' id='word_1_429' title='bbox 1835 3946 1965 3995; x_wconf 81' lang='lat' dir='ltr'><strong>XIII.</strong></span> <span class='ocrx_word' id='word_1_430' title='bbox 1997 3946 2113 3993; x_wconf 84' lang='lat' dir='ltr'><strong>Tav.</strong></span> <span class='ocrx_word' id='word_1_431' title='bbox 2140 3944 2281 3994; x_wconf 79' lang='lat' dir='ltr'><strong>d&#39;Ad.</strong></span> <span class='ocrx_word' id='word_1_432' title='bbox 2306 3944 2365 3993; x_wconf 86' lang='grc' dir='ltr'><strong>Β.</strong></span> <span class='ocrx_word' id='word_1_433' title='bbox 2406 3943 2609 3994; x_wconf 90' lang='lat' dir='ltr'><strong>Vocan-</strong></span> 
     </span>
     <span class='ocr_line' id='line_1_77' title="bbox 1555 4017 2610 4069; baseline 0.001 -2"><span class='ocrx_word' id='word_1_434' title='bbox 1555 4021 1643 4067; x_wconf 89' lang='lat' dir='ltr'><strong>tur</strong></span> <span class='ocrx_word' id='word_1_435' title='bbox 1667 4019 1827 4068; x_wconf 86' lang='lat' dir='ltr'><strong>etiam</strong></span> <span class='ocrx_word' id='word_1_436' title='bbox 1844 4020 2075 4069; x_wconf 74' lang='lat' dir='ltr'><strong>Breoues,</strong></span> <span class='ocrx_word' id='word_1_437' title='bbox 2104 4017 2207 4068; x_wconf 78' lang='lat' dir='ltr'><strong>Cir.</strong></span> <span class='ocrx_word' id='word_1_438' title='bbox 2228 4018 2469 4068; x_wconf 75' lang='lat' dir='ltr'><strong>venantii</strong></span> <span class='ocrx_word' id='word_1_439' title='bbox 2485 4019 2610 4068; x_wconf 87' lang='lat' dir='ltr'><strong>For-</strong></span> 
     </span>
     <span class='ocr_line' id='line_1_78' title="bbox 1558 4092 2604 4153; baseline 0.001 -11"><span class='ocrx_word' id='word_1_440' title='bbox 1558 4094 1724 4142; x_wconf 86' lang='lat' dir='ltr'><strong>tunati</strong></span> <span class='ocrx_word' id='word_1_441' title='bbox 1786 4094 1853 4143; x_wconf 92' lang='lat' dir='ltr'><strong>de</strong></span> <span class='ocrx_word' id='word_1_442' title='bbox 1900 4093 2006 4143; x_wconf 85' lang='lat' dir='ltr'><strong>vita</strong></span> <span class='ocrx_word' id='word_1_443' title='bbox 2048 4093 2099 4143; x_wconf 94' lang='lat' dir='ltr'><strong>S.</strong></span> <span class='ocrx_word' id='word_1_444' title='bbox 2144 4092 2350 4144; x_wconf 83' lang='lat' dir='ltr'><strong>Martini</strong></span> <span class='ocrx_word' id='word_1_445' title='bbox 2388 4092 2447 4153; x_wconf 87' lang='grc'><strong>4,</strong></span> <span class='ocrx_word' id='word_1_446' title='bbox 2490 4092 2604 4143; x_wconf 85' lang='grc'><strong>645.</strong></span> 
     </span>
     <span class='ocr_line' id='line_1_79' title="bbox 1556 4166 2611 4231; baseline 0 -15"><span class='ocrx_word' id='word_1_447' title='bbox 1556 4179 1678 4231; x_wconf 82' lang='lat' dir='ltr'><strong>pag.</strong></span> <span class='ocrx_word' id='word_1_448' title='bbox 1725 4166 1837 4219; x_wconf 89' lang='grc'><strong>470.</strong></span> <span class='ocrx_word' id='word_1_449' title='bbox 1887 4167 1982 4218; x_wconf 91' lang='lat' dir='ltr'><strong>Ed.</strong></span> <span class='ocrx_word' id='word_1_450' title='bbox 2021 4167 2220 4220; x_wconf 88' lang='lat' dir='ltr'><strong>Luchi:</strong></span> <span class='ocrx_word' id='word_1_451' title='bbox 2282 4169 2396 4231; x_wconf 84' lang='lat' dir='ltr'><strong>Qua</strong></span> <span class='ocrx_word' id='word_1_452' title='bbox 2441 4167 2611 4217; x_wconf 80' lang='lat' dir='ltr'><strong>vicina</strong></span> 
     </span>
     <span class='ocr_line' id='line_1_80' title="bbox 1557 4240 2609 4307; baseline -0.002 -15"><span class='ocrx_word' id='word_1_453' title='bbox 1557 4242 1724 4294; x_wconf 76' lang='lat' dir='ltr'><strong>sedent</strong></span> <span class='ocrx_word' id='word_1_454' title='bbox 1755 4242 2007 4295; x_wconf 76' lang='lat' dir='ltr'><strong>Brennum</strong></span> <span class='ocrx_word' id='word_1_455' title='bbox 2040 4243 2153 4295; x_wconf 79' lang='lat' dir='ltr'><strong>loca</strong></span> <span class='ocrx_word' id='word_1_456' title='bbox 2167 4282 2185 4305; x_wconf 93' lang='lat'><strong>,</strong></span> <span class='ocrx_word' id='word_1_457' title='bbox 2213 4256 2370 4307; x_wconf 70' lang='lat' dir='ltr'><strong>pen-90</strong></span> <span class='ocrx_word' id='word_1_458' title='bbox 2396 4255 2493 4305; x_wconf 79' lang='lat' dir='ltr'><strong>per</strong></span> <span class='ocrx_word' id='word_1_459' title='bbox 2518 4240 2609 4291; x_wconf 79' lang='lat' dir='ltr'><strong>Al-</strong></span> 
     </span>
    </p>
   </div>
  </div>
 </body>
</html>
