3234 4975
1343 396 1460 446 ua.
1498 396 1583 446 111.
1657 397 1716 446 C.
1754 397 1792 446 l.

2493 397 2619 461 339

703 553 834 616 Nec
883 570 1316 639 purpurarum
1358 551 1576 617 sidere
1617 551 1851 617 clarior

792 670 1044 737 Delenit
1086 692 1245 737 usus
1289 690 1409 737 nec
1458 671 1729 738 Falerna

881 793 1036 858 Vitis
1082 791 1717 880 Achaemeniumque
1764 802 2043 867 costum,

710 952 839 1018 Cur
881 949 1244 1016 invidendis
1289 950 1583 1038 postibus
1629 960 1694 1017 et
1737 970 1906 1015 novo

2541 952 2624 1015 45

710 1069 998 1137 Sublime
1042 1071 1163 1136 ritu
1211 1070 1440 1137 moliar
1494 1071 1779 1137 atrium?

794 1193 924 1259 Cur
964 1191 1130 1258 valle
1181 1202 1543 1279 permutem
1587 1191 1857 1259 Sabina'

593 1436 676 1487 43.
713 1434 793 1486 44.
831 1436 1027 1485 Delenit
1058 1436 1254 1496 B,1.ct:
1307 1436 1496 1485 Delim't
1529 1433 1738 1495 bSTcd,
1778 1433 1942 1485 Bentl.
1981 1435 2085 1486 FM.
2127 1437 2204 1498 (Ut
2238 1450 2357 1496 nos,
2401 1437 2467 1497 J.)
2508 1464 2562 1474 --

520 1511 749 1574 talemne
788 1510 914 1559 Vites
934 1510 990 1558 T.
1022 1534 1076 1545 -
1118 1510 1556 1559 Achaemenimnve
1587 1507 1808 1559 Bentleii
1831 1510 1968 1558 coni.
2002 1537 2056 1546 —
2095 1509 2176 1560 46.
2214 1511 2396 1560 molior
2418 1512 2473 1561 T.
2506 1537 2560 1548 -

460 1724 636 1788 ymina
668 1724 859 1773 lamae.
903 1748 956 1758 -
997 1722 1207 1786 Delenit]
1245 1720 1510 1786 “permul-

463 1800 566 1859 cet,
603 1798 732 1847 dum
763 1799 999 1846 internos
1021 1795 1277 1845 tumultus
1301 1795 1506 1844 sedat.»

465 1873 709 1935 (Utraque
746 1870 1008 1934 scriptura
1041 1869 1228 1917 detento
1253 1871 1308 1918 et
1329 1868 1510 1918 delinito

464 1946 674 1996 videtur
698 1946 749 1995 in
772 1958 873 1995 usu
899 1943 1079 1994 fuisse.
1119 1944 1344 1993 Secutus
1369 1955 1511 1999 nunc

464 2034 584 2073 sum
637 2019 1064 2083 antiquissimum
1115 2017 1247 2069 Cod.
1302 2018 1359 2066 B.
1382 2055 1393 2077 ,
1455 2018 1514 2066 ut

471 2095 606 2144 Bach
654 2094 723 2143 ad
767 2093 913 2144 Ovid.
963 2093 1085 2141 Met.
1126 2093 1214 2151 44,
1266 2091 1400 2153 463.)
1452 2118 1509 2127 -

466 2168 665 2218 clarior
694 2170 873 2217 autem
901 2179 1020 2215 usus
1031 2178 1387 2227 purpurarum
1416 2178 1514 2214 au-

464 2241 646 2292 dacius
670 2241 870 2291 dictum
887 2253 984 2304 pro
1006 2240 1116 2289 his:
1157 2251 1511 2304 «purpureae,

465 2315 659 2379 quibus
715 2317 959 2374 utuntur,
1027 2315 1208 2364 vestes
1266 2311 1515 2362 clariores

463 2389 699 2440 siderum
742 2387 1090 2452 splendore.»
1156 2387 1297 2449 virg.
1334 2388 1424 2435 Ge.
1463 2387 1512 2445 2,

463 2464 587 2515 466:
637 2465 739 2513 Nec
783 2462 924 2512 casia
965 2462 1142 2523 liquidi
1174 2461 1517 2521 corrumpitur

463 2553 584 2588 visus
604 2539 739 2599 olivi,
767 2537 821 2587 id
846 2539 952 2596 est,
978 2535 1157 2586 oleum
1173 2573 1185 2595 ‚
1223 2547 1330 2598 quo
1353 2536 1516 2584 utun-

467 2618 570 2663 tur.

530 2685 611 2737 44.
656 2681 1149 2745 Αοὴαοιποηίωπᾳυε]
1196 2680 1264 2730 ab
1308 2681 1518 2730 Achae-

470 2772 656 2818 mene,
684 2761 901 2808 auctore
933 2758 1146 2820 generis
1175 2757 1304 2819 regii
1337 2758 1520 2805 Persa-

465 2847 606 2892 rum,
634 2832 718 2882 cui
742 2832 796 2882 in
825 2831 1080 2895 inscripti.
1109 2832 1257 2880 Pers.
1279 2831 1517 2880 cuneatis

466 2906 842 2957 Hakhmnanisn
872 2906 904 2955 i.
933 2918 981 2955 e.
1011 2906 1092 2955 vir
1113 2906 1284 2955 animo
1311 2904 1519 2968 benique

467 2993 663 3031 nomen
688 2981 795 3040 est,
833 2978 1026 3029 dicitur
1046 2982 1274 3040 costum,
1305 2980 1427 3044 quia
1452 2993 1518 3029 ex

469 3054 613 3104 lndia
656 3053 820 3120 (ovid.
849 3054 985 3105 Fast.
1016 3056 1071 3114 4,
1104 3053 1192 3105 344
1221 3069 1231 3102 :
1273 3055 1407 3104 Tura
1428 3067 1519 3104 noc

469 3129 749 3190 Euphrates
768 3141 858 3178 nec
877 3129 1087 3177 miserat
1112 3129 1259 3178 India
1286 3129 1519 3194 eastun.)

469 3205 524 3252 et
545 3202 738 3253 Arabia
768 3215 868 3266 per
895 3203 1212 3253 Parthorum
1244 3202 1379 3253 fines
1413 3204 1521 3253 Ro-

470 3288 614 3327 mam
646 3276 838 3327 advehi
873 3275 1097 3328 solebat.
1159 3276 1308 3328 Conf.
1345 3277 1514 3341 Epod.

471 3350 563 3410 43,
590 3350 653 3399 8:
690 3350 1266 3401 Achaemenio-nardo.
1311 3379 1364 3388 --
1404 3353 1516 3402 Iam

468 3436 594 3474 cum
629 3424 744 3474 sine
778 3421 880 3472 ulla
916 3427 1245 3488 oppositione
1270 3425 1520 3488 quattuor

470 3499 634 3558 haec,
660 3509 931 3546 marmora
960 3497 1198 3559 nitentia,
1228 3512 1513 3563 purpurae,

472 3573 594 3620 vina
630 3582 918 3633 generosa,
974 3573 1240 3632 unguenta
1282 3573 1348 3621 ad
1384 3572 1517 3622 bea-

473 3648 583 3695 tam
606 3644 950 3707 locupletium
971 3645 1333 3695 Romanorum
1354 3647 1518 3696 vitam

473 3731 644 3781 aeque
698 3718 1058 3783 pertinerent,
1118 3718 1278 3767 etiam
1333 3722 1516 3769 contra

475 3806 626 3843 meos
650 3792 817 3844 Codd.
845 3792 1121 3855 antiquiss.
1151 3792 1369 3842 minime
1393 3805 1516 3842 cum

473 3867 709 3917 Bentleio
758 3865 1103 3917 scribendum
1156 3878 1277 3914 esse
1326 3865 1520 3915 Achae-

471 3943 749 3991 meniumvc
792 3939 1132 3990 manifestum
1179 3940 1276 3989 est.
1331 3965 1385 3973 -
1432 3951 1520 3986 co-

471 4015 618 4080 stum]
654 4017 780 4064 Stat.
808 4013 926 4064 Silv.
955 4016 1012 4073 2,
1053 4014 1108 4072 4,
1148 4012 1270 4062 46οε
1306 4024 1521 4061 munera

471 4089 719 4152 mominis
762 4089 890 4137 Indi.
961 4087 1052 4137 Est
1106 4087 1436 4149 unguentum
1486 4097 1517 4133 e

473 4162 654 4212 radice
689 4161 905 4220 fruticis,
941 4161 1032 4224 qui
1055 4172 1085 4208 a
1111 4160 1342 4210 Linnaeo
1363 4170 1522 4208 voca-

474 4239 559 4287 tus
592 4239 677 4287 est
707 4240 870 4286 cosme
891 4231 1143 4298 (κόπος)
1165 4234 1426 4294 Arabicus,
1465 4235 1520 4282 et

1585 1720 1749 1771 Plinio
1775 1722 1904 1772 Hist.
1933 1724 2048 1772 Nat.
2078 1724 2167 1781 η,
2206 1724 2287 1773 25.
2327 1727 2545 1775 auctore
2581 1727 2633 1775 in

1585 1793 1790 1855 Patale,
1818 1795 1998 1845 Indiae
2021 1794 2208 1855 insula,
2229 1799 2487 1860 provenit.
2514 1798 2630 1849 Vid.

1586 1870 1899 1920 Excursum.

1652 1980 1733 2030 45.
1771 1979 1854 2031 46.
1891 1981 2169 2031 invidendis
2192 1982 2432 2047 postibus]
2457 1983 2552 2033 Od.
2580 1985 2629 2044 2,

1590 2054 1673 2113 40,
1699 2055 1754 2103 7:
1793 2059 1933 2104 carot
1963 2056 2462 2106 invidendasobrius
2493 2058 2632 2107 aula.

1587 2127 1891 2179 Invidendis
1914 2130 2095 2180 autem
2114 2167 2126 2189 ,
2164 2131 2287 2194 quia
2322 2128 2409 2179 vel
2433 2130 2635 2181 nitente

1588 2215 1860 2253 marmore
1895 2203 2021 2252 tecti
2056 2206 2210 2253 erant
2242 2202 2326 2253 vel
2347 2204 2484 2254 varii
2509 2204 2634 2266 put-

1587 2277 1713 2327 chra
1735 2277 1973 2326 nundine
2008 2276 2165 2339 (virg.
2193 2279 2286 2327 Ge.
2312 2278 2343 2327 2
2362 2316 2373 2337 ,
2410 2278 2547 2340 463.)
2578 2305 2635 2315 -η

1588 2350 1884 2414 novo-ritu]
1922 2350 2021 2400 «ad
2056 2363 2222 2400 novas
2245 2351 2634 2403 architecturae

1587 2422 1799 2488 regulas
1828 2424 2264 2484 accommodato,
2301 2425 2392 2488 qui
2426 2424 2643 2475 invaluit

1590 2511 1658 2547 ex
1692 2511 1799 2562 quo
1841 2498 2030 2549 domos
2073 2500 2499 2562 sumptuosiores
2544 2513 2641 2550 ex-

1591 2574 1800 2621 struere
1852 2575 2148 2635 coeperunt
2195 2572 2441 2623 homines
2491 2570 2643 2622 locu-

1589 2642 1814 2707 pletes·
1884 2643 1982 2694 Alii
2026 2643 2317 2708 explicant:
2380 2657 2637 2708 «novam,

1591 2717 1648 2766 id
1690 2719 1799 2777 est,
1852 2717 2153 2767 mirandam
2199 2719 2439 2780 speciem
2482 2731 2644 2780 prae-

1592 2790 1810 2841 bente.»
1839 2792 2040 2841 Verum
2062 2791 2150 2840 hic
2173 2793 2395 2842 certain
2417 2791 2645 2856 simplici

1591 2878 1710 2916 voc.
1746 2878 1877 2916 novo
1908 2866 2045 2916 haec
2068 2866 2329 2916 sententia
2353 2879 2463 2918 non
2485 2866 2641 2926 inest3

1593 2939 1691 2990 sed
1727 2939 2012 3003 opponitur
2048 2939 2270 2990 «atrium
2301 2952 2368 2989 ex
2398 2952 2539 2989 moro
2563 2952 2646 2992 vo-

1592 3020 1804 3075 torum»,
1830 3012 2121 3077 simplicius
2137 3027 2239 3063 nec
2256 3015 2367 3064 tam
2384 3011 2640 3077 amplum.

1592 3087 1723 3140 Plin.
1762 3089 1892 3152 Epp.
1918 3089 1974 3148 ὅ,
2014 3087 2070 3148 6,
2111 3089 2190 3137 45.
2232 3114 2289 3123 -
2314 3088 2521 3152 atrium]
2550 3087 2644 3137 ubi

1593 3161 2010 3214 consulebantur
2042 3162 2156 3211 iure
2181 3159 2432 3222 consulti,
2471 3175 2645 3212 asser-

1591 3236 1856 3287 vabantur
1901 3235 2165 3285 maiorum
2198 3236 2456 3299 imagines
2498 3237 2643 3285 erat-

1591 3324 1698 3374 que
1723 3311 1883 3361 etiam
1919 3308 2091 3359 lectus
2115 3308 2332 3371 genialis
2356 3309 2499 3373 apud
2526 3322 2640 3368 eos,

1592 3386 1682 3448 qui
1701 3396 1896 3434 uxores
1915 3382 2204 3434 habebant.
2226 3382 2645 3445 (Hochqowcslbtos

1588 3459 2024 3509 Audimzzimmor
2056 3458 2145 3506 der
2178 3456 2453 3505 romischon
2485 3456 2645 3505 Gros-

1589 3547 1700 3593 sen,
1735 3546 1816 3582 wo
1850 3532 1929 3582 dio
1961 3531 2179 3582 clientem
2209 3530 2369 3578 ihrevn
2393 3530 2644 3579 Patrem

1590 3607 1671 3656 die
1703 3605 1955 3656 Salutatio
1989 3604 2238 3654 bruchton.
2294 3603 2410 3652 Voss
2439 3615 2510 3651 uu
2534 3602 2643 3650 Vir-

1588 3681 1678 3744 qil.
1707 3681 1793 3730 Ge.
1822 3680 1881 3740 2,
1918 3677 2033 3729 464.
2058 3678 2151 3728 mu
2175 3675 2472 3739 prucmqon
2498 3675 2641 3724 Mar-

1588 3753 1877 3806 morsauien
1920 3752 2024 3800 und
2065 3751 2329 3813 sonsciqem
2370 3749 2636 3809 Seianae&

1590 3829 1786 3877 atrium
1829 3825 2047 3874 ndnuich
2079 3825 2168 3873 der
2207 3827 2333 3871 orsio
2365 3822 2485 3871 odor
2514 3836 2638 3871 vor-

1590 3904 1752 3950 dorsis
1778 3900 1883 3948 und
1912 3898 2135 3960 zuqleich
2173 3897 2264 3945 der
2293 3901 2483 3959 aros-sto
2512 3896 2659 3945 Saul.

1590 3975 1663 4023 im
1708 3974 1874 4022 Haase
1914 3972 2045 4020 nach
2087 3970 2330 4021 Becker’s
2376 3970 2549 4021 Gallus
2593 3971 2633 4020 1.

1593 4047 1710 4098 76.»
1749 4046 1923 4107 Liiax.)

1658 4155 1740 4206 47.
1798 4155 2094 4221 perimam]
2145 4157 2485 4208 nocentiores
2535 4154 2635 4204 lin-

1591 4243 1729 4293 guae
1780 4234 2096 4295 respuentes
2144 4232 2288 4282 hunc
2330 4231 2633 4280 Latinorum
