3234 4975
670 382 794 446 640

1638 384 1896 435 noRA‘m

1008 542 1224 626 Augur
1267 548 1331 605 et
1373 537 1654 626 fulgente
1699 538 1981 606 decorus
2027 559 2183 606 arcu

1007 659 1309 726 Phoebus
1352 671 1792 748 acceptusque
1837 681 2072 726 novem
2117 661 2451 736 Camenis,

1007 782 1130 861 Qui
1176 779 1437 847 salutari
1484 781 1657 847 levat
1699 790 1837 847 arte
1883 781 2089 847 fessos

1175 900 1481 988 Corporis
1525 913 1704 968 artus
1730 953 1742 977 ,

1010 1058 1074 1124 Si
1121 1057 1438 1124 Palatinas
1482 1057 1661 1125 videt
1703 1079 1955 1145 aequus
2000 1080 2222 1137 arceS,

2757 1063 2839 1125 635

1003 1182 1292 1267 Remque
1337 1182 1690 1247 Romanam
1732 1180 2114 1267 Latiumque
2162 1151 2308 1247 felix

1004 1300 1287 1368 Alterum
1332 1300 1394 1365 in
1438 1299 1712 1367 lustrum
1755 1299 2119 1389 meliusque
2163 1321 2424 1389 semper

797 1518 877 1567 65.
916 1528 1059 1565 arces
1110 1514 1248 1576 Bbc,
1302 1512 1523 1565 Bentleii
1573 1528 1638 1565 ac
1684 1517 1916 1567 Pottierii
1950 1515 2226 1581 plerique,
2284 1515 2344 1564 Lt
2377 1518 2432 1564 et
2463 1514 2769 1567 Bentleius:

730 1604 856 1641 aras
886 1592 939 1641 in
974 1604 1005 1641 c
1039 1602 1347 1653 superscr.,
1383 1587 1467 1651 ιλ,
1503 1602 1615 1638 var.
1655 1588 1774 1640 lect.
1812 1588 1932 1651 βω,
1970 1591 2105 1641 Pott.
2143 1590 2201 1651 7,
2239 1589 2300 1649 9,
2339 1588 2487 1639 CFM.
2529 1590 2651 1652 (Nos
2684 1603 2776 1640 se-

734 1668 889 1716 cutus
924 1666 1009 1715 est
1039 1664 1107 1727 J.)
1166 1689 1221 1700 —-
1282 1665 1535 1714 Ceterum
1570 1661 1738 1714 Bentl.
1778 1667 1834 1712 et
1867 1665 1968 1713 Fea
2003 1662 2365 1725 distinguunt:

2404 1662 2482 1726 (Si
2513 1663 2774 1712 Palatinas

733 1767 762 1778 -
785 1767 812 1777 -
836 1739 1152 1802 Latiamque)
1189 1738 1315 1801 felix
1349 1739 1572 1788 Alterum
1594 1741 1698 1788 cet.
1729 1763 1784 1773 —
1822 1737 1904 1786 66.
1939 1736 2064 1798 felix
2097 1736 2270 1787 adscr.
2312 1733 2426 1785 «vel
2460 1735 2676 1786 laetmn»
2711 1737 2769 1787 Β.

733 1935 789 1985 64
820 1932 952 1984 -64,
1004 1932 1165 1993 Vide,
1220 1945 1327 1996 quo
1377 1932 1552 1984 studio
1608 1932 1715 1983 iam
1791 1931 2083 1993 Quicunque
2127 1934 2173 1979 οι
2214 1935 2393 1979 cantus
2441 1943 2664 1993 corpora
2706 1933 2841 1995 sessa

666 2007 881 2057 tertium
932 2008 986 2056 in
1018 2004 1284 2069 Apolline,
1349 2006 1597 2068 Augusti,
1658 2007 1718 2055 ut

667 2083 737 2131 ita
773 2081 975 2142 dicam,
1028 2078 1346 2144 exemplari,
1399 2080 1716 2144 praedican-

667 2155 738 2205 do
788 2156 1106 2204 immoretur
1145 2157 1320 2217 poeta.
1376 2156 1463 2204 «ln
1508 2154 1716 2218 proodo

667 2229 865 2280 chorus
921 2228 1138 2278 cecinit:
1216 2229 1348 2278 Date
1404 2242 1543 2291 quae
1595 2241 1718 2293 pre-

667 2315 871 2365 camur,
910 2303 1127 2353 Phoebe
1163 2304 1219 2353 et
1261 2303 1443 2354 Diana.
1516 2304 1572 2353 ln
1603 2316 1718 2353 me-

664 2377 800 2429 sodo
844 2376 1074 2428 eandem
1114 2378 1433 2428 sententiam
1478 2378 1712 2427 iteravit:

665 2451 856 2504 Audite
904 2452 1110 2502 nostras
1159 2464 1376 2516 preces,
1430 2449 1614 2515 Apollo
1662 2452 1718 2501 et

668 2528 829 2577 Luna.
866 2527 1107 2589 Denique
1130 2527 1184 2576 in
1208 2525 1382 2589 epodo
1404 2527 1505 2575 Str.
1534 2526 1711 2576 46-49.

665 2601 949 2651 universus
984 2600 1181 2650 chorus
1224 2600 1361 2649 hanc
1394 2600 1715 2651 sententiam

665 2674 736 2723 ita
786 2675 1009 2737 repetit,
1068 2675 1129 2722 ut
1177 2687 1283 2724 non
1340 2674 1448 2724 iam
1498 2675 1716 2724 numina

666 2747 781 2812 ipsa
816 2746 1141 2811 alloquatur,
1194 2747 1293 2798 sed
1326 2747 1396 2796 ad
1429 2746 1712 2812 populum,

666 2823 720 2872 ni
750 2820 916 2882 fallor,
954 2833 1270 2881 conversus,
1308 2822 1460 2871 tertia
1484 2833 1714 2885 persona

666 2895 830 2946 dicat:
869 2894 1117 2946 Phoebus
1140 2896 1196 2945 et
1216 2895 1380 2945 Diana
1408 2908 1534 2945 cum
1550 2895 1718 2946 xvvi-

665 2982 849 3019 rorum
882 2970 998 3032 pias
1031 2981 1241 3033 preces,
1280 2982 1413 3033 quas
1448 2967 1517 3018 illi
1552 2969 1604 3018 in
1633 2983 1718 3019 sa-

666 3042 955 3093 crificando
988 3055 1087 3106 pro
1112 3043 1320 3105 imperii
1355 3041 1715 3093 incolumitate

663 3118 1022 3179 susceperunt
1058 3115 1315 3179 (Zosimus
1338 3117 1397 3178 2,
1438 3117 1558 3180 45.),
1598 3120 1714 3167 tum

666 3191 846 3240 nostra
893 3201 1029 3252 quae
1078 3188 1238 3239 modo
1290 3191 1715 3254 nuncupavimus

663 3266 785 3314 vota
807 3262 1038 3325 benigne
1061 3264 1269 3313 curent.
1296 3266 1574 3314 Postremo
1598 3277 1716 3314 cer-

667 3342 775 3388 tam
809 3336 960 3386 chori
995 3349 1151 3401 spem
1185 3336 1239 3387 id
1274 3336 1387 3387 fore
1412 3338 1711 3402 exprimit.»

665 3415 894 3462 Sumen.
937 3438 992 3448 —
1034 3411 1227 3475 Augur]
1263 3411 1381 3462 Vid.
1421 3412 1490 3462 ad
1524 3411 1623 3462 Od.
1663 3412 1710 3472 4,

664 3487 722 3547 2,
761 3485 841 3536 32.
1006 3486 1247 3551 fidam]
1302 3484 1489 3551 Apollo
1544 3486 1714 3549 poetis

666 3559 826 3610 modo
848 3557 1234 3632 χρυσότοξος,
1271 3561 1435 3612 modo
1463 3555 1715 3630 ἀργυρό-

662 3631 859 3700 τοξος,
917 3638 975 3686 ut
1018 3633 1076 3686 ll.
1113 3650 1180 3697 α,
1226 3635 1309 3686 37.
1365 3662 1420 3672 -
1462 3633 1712 3699 accopuoe]

665 3710 841 3774 Eurip.
880 3709 1018 3761 Med.
1046 3709 1168 3761 426:
1207 3707 1440 3772 Φοῖβος,
1477 3703 1714 3779 ἆγήτωρ

662 3782 899 3848 μελέων.
953 3785 1114 3849 orph.
1158 3785 1353 3847 Hymn.
1398 3784 1487 3844 34,
1533 3784 1581 3834 6.
1632 3786 1716 3835 est

663 3857 1058 3925 Μουσαγέτης,
1095 3861 1154 3909 ut
1187 3857 1309 3909 alibi
1345 3856 1709 3908 Hercules,—

664 3934 795 3983 lovat
816 3960 845 3970 -
864 3934 1017 3996 sessos
1037 3959 1066 3971 -
1089 3935 1260 3996 arms]
1304 3933 1585 3984 «medetur
1617 3945 1714 3983 ae-

616 4007 623 4010 ’
665 4007 830 4070 gris»,
867 4008 928 4056 ut
961 4006 1146 4058 Celsus
1184 4008 1234 4059 4.
1259 4007 1458 4057 Praet:
1493 4007 1715 4057 levatum

664 4080 1269 4144 maaisoormnmorbum
1289 4095 1406 4133 osse.
1451 4080 1709 4142 Tibulm,

664 4154 729 4216 4,
770 4154 849 4205 40.
906 4155 974 4205 ad
1008 4154 1326 4221 Apollinem:
1387 4157 1570 4207 Sancte
1600 4156 1714 4207 veni

665 4235 919 4292 teotnnqae
961 4229 1099 4293 feras
1156 4232 1436 4293 quicunque
1488 4244 1711 4295 soporos,

1789 2006 1971 2055 levant.
2017 2004 2306 2068 Utrobique
2348 2019 2400 2055 v.
2441 2006 2598 2068 fessus
2638 2005 2840 2068 signill-

1792 2082 1879 2129 cat
1922 2077 2230 2142 languidum
2265 2090 2332 2127 ex
2365 2078 2575 2128 morbo.

1854 2152 2032 2203 65-67.
2069 2152 2127 2201 Si
2146 2152 2403 2201 Palatinas
2424 2176 2501 2190 --
2520 2154 2677 2218 arces]
2702 2154 2840 2205 «Has

1790 2228 1963 2291 ipssa,
2000 2225 2093 2276 ubi
2127 2227 2284 2275 cantu
2316 2239 2442 2277 eum
2464 2239 2834 2277 veneramur.-

1792 2300 1940 2365 (Vide
1963 2301 2158 2351 Zosimi
2181 2298 2397 2361 locum.)
2467 2302 2550 2350 «Si
2579 2302 2837 2365 propitius

1789 2375 2030 2439 respicit,
2057 2378 2116 2424 ut
2139 2387 2197 2423 re
2220 2386 2350 2423 vera
2373 2375 2616 2438 respicit,
2643 2374 2836 2426 aedem

1789 2463 1946 2502 suam
1978 2451 2031 2500 in
2066 2450 2247 2501 monte
2282 2448 2515 2501 Palatino
2551 2449 2619 2501 ab
2654 2452 2837 2513 Augu-

1789 2527 1874 2575 sto
1919 2527 2042 2575 ante
2085 2525 2190 2575 hoc
2236 2524 2554 2575 decennium
2588 2525 2836 2588 magnifl-

1790 2599 2096 2650 centissime
2132 2601 2510 2649 exstructam.»
2563 2600 2700 2663 virg.
2740 2601 2833 2650 Ge.

1788 2675 1848 2734 2,
1884 2674 2008 2724 535:
2048 2675 2244 2736 (Roma)
2281 2675 2573 2736 Βφεαηιρυο
2601 2687 2709 2724 wia
2745 2674 2840 2723 sibi

1787 2761 1935 2797 muro
1967 2748 2290 2797 &cumdeda
2321 2761 2489 2808 arcam
2543 2751 2597 2798 et
2629 2748 2697 2798 de
2722 2749 2838 2812 ipso

1791 2820 1986 2870 Palatio
2020 2820 2168 2871 ovid.
2195 2822 2350 2872 Trist.
2379 2824 2432 2883 4,
2474 2823 2530 2880 4,
2568 2821 2660 2870 69;
2710 2823 2838 2872 For-

1789 2895 1922 2945 sitan
1953 2900 2228 2957 exspectes,
2279 2910 2350 2946 an
2391 2896 2448 2945 in
2489 2896 2598 2946 alta
2639 2896 2840 2947 Palatia

1787 2969 1995 3019 missum
2037 2969 2288 3018 Scandere
2332 2972 2379 3017 to
2422 2967 2620 3018 iubeam
2651 2969 2838 3019 Gaesa-

1787 3055 2026 3104 reamqus
2059 3044 2289 3104 domum,
2343 3041 2635 3106 (Imoscant
2667 3054 2835 3105 auffu—

1787 3122 1869 3167 sta
1899 3117 2022 3166 mihi
2056 3118 2169 3167 loca
2200 3118 2349 3179 dique
2379 3116 2629 3166 locorum:
2638 3116 2659 3181 )
2701 3116 2839 3166 Venit

1787 3189 2413 3253 inhocillafulmonab
2460 3203 2616 3240 arce
2663 3194 2832 3251 capul.

1790 3263 2058 3316 Consolat.
2111 3263 2180 3313 ad
2229 3264 2430 3314 Liviam
2480 3265 2562 3315 64.
2608 3264 2677 3314 de
2725 3265 2838 3313 Au-

1789 3341 1969 3400 gusto:
2017 3338 2104 3387 Illo
2137 3339 2285 3402 vtyil,
2319 3351 2518 3387 muna
2552 3350 2697 3387 sacer
2733 3339 2840 3399 ipso

1787 3412 1978 3462 ὶοοαιω
2024 3412 2080 3462 in
2112 3424 2307 3472 arce,
2357 3412 2450 3461 Ros
2487 3412 2740 3461 hornintam
2771 3423 2840 3462 av

1788 3491 1893 3537 tuto
1914 3497 2116 3537 comere
2130 3487 2311 3550 dimus
2324 3490 2453 3535 erat.
2484 3484 2660 3536 Altera
2679 3484 2835 3536 lectio

1788 3574 1913 3611 aras
1967 3562 2123 3612 nimis
2180 3562 2351 3612 tenuis
2405 3559 2618 3610 videtur
2668 3562 2723 3610 et
2772 3573 2840 3610 ex

1787 3637 2113 3700 ignoratione
2164 3636 2559 3700 significationis
2607 3648 2658 3684 v.
2695 3647 2840 3685 anuos

1788 3712 1919 3760 orta.
1964 3737 2017 3746 —
2055 3712 2269 3773 nanque
2289 3712 2568 3761 Romanam
2601 3709 2839 3759 Latium-

1788 3797 1928 3846 que·
1942 3787 2196 3852 Proroyet]
2223 3787 2428 3838 Memor
2448 3785 2611 3835 fuisse
2628 3783 2839 3835 videtur

1788 3858 2036 3909 versiculi
2087 3860 2306 3909 Enniani
2356 3861 2490 3909 Anu.
2544 3859 2598 3906 4·
2649 3857 2838 3908 Anda-e

1789 3938 1860 3983 ost
1891 3946 2075 3996 operae
2113 3934 2358 3995 pretium,
2405 3932 2677 3993 procedere
2707 3936 2841 3982 recto

1790 4008 1887 4070 Qm'
1933 4021 2042 4057 rem
2074 4009 2354 4058 Romanam
2396 4007 2696 4069 Latiumque
2736 4019 2841 4056 au-

1787 4095 1981 4146 gescere
2011 4083 2171 4133 voltis.
2201 4109 2258 4119 —
2283 4082 2344 4130 V.
2369 4080 2497 4145 soli-1:
2529 4082 2685 4144 iunge
2709 4092 2838 4131 cum

1791 4151 1841 4206 xi.
1877 4156 2109 4220 lustrant,
2147 4170 2216 4206 ne
2240 4157 2422 4207 careat
2443 4153 2704 4220 ἐπιθέτῳ.
2741 4154 2844 4203 Lu-

1788 4235 1948 4280 strum
2002 4234 2210 4292 autem,
2272 4231 2520 4281 Romanis
2574 4225 2841 4299 περίοδος
