3234 4975
629 382 755 447 236

1402 386 1658 435 noRATu
1695 387 2030 438 CARulNUM

971 541 1179 608 Crede
1224 563 1351 607 non
1399 541 1571 608 illam
1614 542 1724 608 tibi
1770 542 1853 608 de
1899 542 2174 609 scelesta

967 662 1163 729 Plebe
1209 662 1537 739 dilectam,
1593 685 1808 751 neque
1855 664 1948 730 sic
1993 662 2281 737 fidelem,

965 784 1070 850 Sic
1114 784 1295 851 lucro
1340 805 1637 851 aversam
1680 785 1968 872 potuisse
2021 786 2197 855 nasci

1221 906 1419 972 Matre
1464 904 1789 992 pudenda.
1865 996 1880 1007 .

2712 909 2794 973 20

961 1065 1232 1131 Brachia
1277 1074 1341 1131 et
1390 1064 1629 1130 voltum
1673 1074 2042 1151 teretesque
2087 1086 2274 1130 suras

974 1187 1230 1273 Integer
1273 1184 1499 1265 laudo;
1547 1184 1695 1272 fuge
1739 1186 2080 1271 suspicari,

964 1306 1163 1374 Cuius
1207 1317 1505 1374 octavum
1550 1304 1896 1392 trepidavit
1940 1316 2119 1372 aetas

1219 1426 1535 1494 Claudere
1578 1426 1868 1492 lustrum.

759 1627 836 1677 48.
876 1626 1115 1677 delectam
1146 1626 1290 1687 T‚Ct.
1321 1627 1444 1690 (non
1476 1624 1701 1688 BbScd.)
1731 1651 1786 1660 -
1826 1624 1906 1675 49.
1933 1625 2198 1675 adversam
2220 1625 2255 1674 d
2280 1630 2335 1676 et
2355 1625 2438 1677 alii
2475 1628 2724 1678 nonnulli.

687 1701 821 1752 Vide
845 1702 971 1751 Iani.
1002 1729 1056 1736 —
1080 1701 1162 1751 24.
1190 1700 1450 1762 teretisque
1470 1700 1508 1749 B
1530 1701 1584 1749 et
1602 1711 1685 1761 pr.
1715 1699 1772 1748 T.
1797 1725 1852 1735 —
1877 1698 1960 1750 24.
1989 1700 2209 1750 Condere
2230 1700 2448 1751 Bentleii
2473 1703 2722 1766 suspicio.

628 1875 824 1937 χεῦεν·
885 1875 992 1942 Οἴη
1046 1875 1095 1926 δ’
1146 1870 1416 1939 ἀφνειοῖο
1464 1874 1673 1928 διειλυ-

627 1952 843 2002 σθεῖσα
873 1948 1085 2016 δόμοιο
1106 1948 1321 2016 Ληῖάς,
1360 1943 1434 2017 ἦν
1456 1966 1518 2000 τε
1538 1951 1672 2001 νέον

624 2021 848 2097 πάτρης
879 2019 1274 2087 ἀπενόσφισεν
1300 2023 1441 2075 αἶσα
1462 2022 1580 2075 κτλ.
1613 2054 1667 2061 -

622 2102 828 2151 Penates
869 2104 1048 2151 autem
1089 2102 1251 2161 iniqui
1291 2104 1417 2151 sunt
1451 2112 1672 2165 «parum

622 2176 853 2239 propitii,
893 2176 1144 2237 quoniam
1167 2176 1397 2238 patrium
1420 2172 1672 2237 Phyllidis

627 2260 853 2313 regnum
890 2251 1047 2299 tutari
1075 2248 1408 2299 noluerunt.»

692 2324 772 2373 47.
821 2324 1087 2373 Scelestam
1126 2325 1284 2373 vocat
1332 2322 1548 2387 plebem
1588 2323 1674 2373 in-

624 2396 808 2448 fimam
838 2400 1123 2462 propterea
1148 2397 1291 2462 quod
1314 2397 1382 2447 ab
1409 2397 1670 2448 eiusmodi

626 2471 858 2523 maxime
893 2471 1197 2524 hominibus
1233 2470 1465 2533 scelera,
1505 2472 1674 2522 homi-

625 2545 789 2607 cidia,
839 2547 1056 2612 rapinae
1090 2549 1367 2612 patrantur
1398 2547 1668 2598 sordidus-

623 2633 729 2684 que
778 2622 1034 2683 quaestus
1080 2623 1376 2671 exercetur.
1451 2623 1510 2672 In
1545 2622 1672 2685 Epi-

622 2696 917 2758 grammate
967 2695 1109 2759 apud
1166 2694 1514 2746 Scholiastam
1562 2698 1672 2746 Ae-

622 2769 820 2821 schinis
863 2769 1081 2832 (Ber-ich!
1121 2770 1246 2820 iiber
1286 2772 1366 2820 die
1403 2771 1666 2820 Verhandl.

620 2846 711 2893 der
758 2843 820 2892 K.
866 2844 1058 2893 Preuss.
1106 2844 1374 2894 Akademie
1417 2844 1464 2894 d.
1519 2846 1665 2894 Wiss.

622 2917 769 2969 4836.
807 2931 861 2982 p.
902 2917 1029 2981 43.);
1065 2914 1169 2967 τὸν
1201 2913 1528 2989 κατάρατον
1548 2916 1669 2984 Δῆ-

618 3005 736 3056 μον
762 2982 1093 3055 Ἀθηναίων.

690 3067 770 3117 48.
809 3066 1060 3131 dilectam]
1100 3067 1439 3127 «amatam»,
1477 3068 1537 3116 ut
1567 3067 1664 3116 Od.

631 3142 699 3200 2,
754 3141 819 3200 5,
876 3140 977 3200 47.,
1031 3153 1137 3190 non
1193 3139 1501 3202 «selectam,
1557 3139 1669 3191 ele—

623 3216 826 3275 ctam»,
862 3216 917 3264 in
951 3227 1111 3277 quam
1145 3213 1469 3277 frigidiorem
1501 3217 1670 3266 inter-

622 3289 976 3354 pretationem
999 3289 1369 3353 propendebat
1391 3291 1504 3353 ipse
1526 3291 1670 3341 Ben-

621 3361 795 3413 tleiuS.
839 3390 893 3398 —
928 3364 999 3412 sic
1034 3364 1243 3428 fidelem]
1289 3364 1545 3421 Omnibus
1586 3366 1668 3417 his

619 3440 744 3488 κατ’
802 3437 1095 3509 εἰρωνείαν
1150 3440 1413 3489 contraria
1464 3440 1669 3503 signifi-

619 3514 728 3563 cari
770 3514 1010 3576 apparet.

683 3588 764 3638 20.
818 3588 986 3638 Matre
1022 3587 1276 3651 pudenda]
1325 3600 1506 3650 «quae
1554 3589 1666 3653 ipsa

618 3674 834 3725 quoque
878 3659 1064 3711 ancilla
1111 3660 1324 3722 fuisset,
1379 3663 1522 3711 servi
1571 3660 1669 3711 ali-

619 3735 772 3785 cuius
807 3733 1231 3795 contubernalis,
1270 3736 1381 3786 sive
1418 3735 1665 3798 focaria»,

619 3809 680 3858 ut
714 3810 1042 3872 posteriores
1076 3807 1450 3873 loquebantur.

685 3883 766 3932 24.
805 3883 1040 3947 Brachia]
1078 3884 1249 3945 Haec,
1289 3882 1484 3947 quibus
1509 3883 1670 3947 Phyl-

1745 1875 1863 1926 lidis
1909 1876 2138 1928 formam
2180 1877 2387 1939 laudat,
2438 1881 2584 1928 extra
2631 1879 2794 1949 εἰρω-
2827 1890 2854 1915 ·

1745 1951 1903 2001 νείαν
1947 1952 2120 2016 posita
2161 1956 2315 2015 puto;
2369 1966 2494 2003 nam
2536 1955 2681 2003 omni
2715 1952 2796 2003 le-

1745 2038 1875 2089 pore
1934 2039 1997 2075 ac
2048 2029 2325 2076 venustate
2382 2027 2635 2091 spoliatur
2688 2028 2794 2078 boc

1745 2093 2024 2169 ᾧδάριον,
2077 2100 2171 2149 ubi
2214 2114 2321 2150 non
2356 2099 2530 2151 solum
2564 2104 2794 2152 astutam

1747 2175 1802 2224 et
1834 2172 2144 2236 quaesticuli
2179 2174 2455 2238 cupidam,
2499 2175 2597 2225 sed
2632 2176 2794 2225 etiam

1747 2248 2046 2298 deformem
2103 2248 2398 2312 Phyllidem
2453 2249 2547 2299 tibi
2602 2251 2789 2311 fingas.

1751 2350 1805 2357 —
1838 2327 2106 2383 teretesque
2131 2324 2296 2388 suras]
2320 2326 2552 2374 Lactant.
2575 2324 2643 2374 de
2669 2324 2795 2388 Opi·
2879 2388 2890 2395 Υ

1747 2396 1865 2445 flcio
1902 2396 1988 2446 dei
2023 2398 2080 2446 5:
2123 2412 2272 2447 suras
2302 2399 2562 2448 clementer
2594 2403 2797 2447 erstan-

1745 2477 1814 2523 tes
1845 2472 2120 2532 sensimque
2154 2476 2398 2522 tenuatus.

1810 2548 1891 2596 22.
1928 2547 2140 2611 Inteqer]
2180 2548 2322 2597 «sine
2357 2546 2461 2597 ulla
2485 2547 2789 2611 cupiditate,

1744 2621 2001 2670 innocens
2069 2625 2124 2671 et
2187 2624 2390 2682 castus,
2460 2624 2643 2684 utpote
2707 2622 2794 2670 cui

1745 2695 1963 2745 minime
1997 2697 2333 2759 propositum
2368 2695 2459 2755 sit,
2497 2694 2638 2744 illam
2673 2709 2703 2744 a
2740 2697 2792 2745 ta
2885 2745 2910 2767 ,

1745 2768 1996 2819 divellere
2022 2769 2257 2831 mihique
2282 2768 2613 2820 conciliare.»
2648 2771 2792 2820 Haec

1745 2845 1923 2894 omnia
1956 2845 2151 2894 iocose.

1807 2919 1888 2968 23.
1953 2918 2234 2982 trepidavit]
2294 2918 2542 2969 «Etenim
2603 2917 2790 2982 rapido

1743 2993 2001 3057 temporis
2052 2992 2285 3043 decursu
2333 2994 2440 3043 iam
2491 2991 2792 3055 quadrage-

1743 3067 1920 3117 narius
1964 3066 2133 3118 factus
2176 3080 2298 3118 sum
2332 3066 2575 3129 adeoque
2611 3067 2786 3117 minus

1744 3141 1846 3191 iam
1893 3154 2193 3205 propensus
2240 3140 2307 3191 ad
2350 3154 2439 3191 res
2475 3153 2786 3191 venereas.»

1744 3216 2109 3278 compositum
2136 3217 2291 3278 igitur
2313 3219 2396 3266 est
2420 3227 2637 3265 carmen
2659 3229 2708 3265 a.
2731 3228 2783 3263 u.

1743 3303 1791 3339 c.
1831 3289 1943 3339 729.
1982 3292 2208 3339 exeunte
2256 3288 2341 3339 vel
2388 3290 2531 3339 initio
2579 3304 2626 3339 a.
2669 3288 2785 3339 730.

1806 3363 1888 3414 24.
1939 3364 2181 3414 Claudere
2225 3364 2376 3424 dicit,
2432 3378 2537 3414 non
2583 3365 2792 3413 condere

1740 3438 1972 3498 lustrum,
2010 3438 2252 3488 censoria
2287 3436 2511 3487 formula
2547 3435 2789 3487 consulto

1743 3512 2042 3570 abstinens,
2080 3525 2217 3575 quae
2254 3512 2306 3561 in
2343 3513 2456 3562 eius
2481 3526 2573 3562 ore
2607 3513 2787 3563 nescio

1744 3586 1872 3650 quid
1934 3586 2097 3649 inepti
2164 3585 2454 3637 habuisset.
2548 3588 2788 3650 Figurate

1743 3663 1926 3711 contra
1949 3661 2146 3723 optime
2170 3662 2362 3724 poetae
2381 3661 2560 3711 dicunt
2582 3662 2792 3710 condere

1743 3736 1872 3785 diem
1906 3734 2001 3786 Od.
2042 3734 2099 3795 4,
2137 3737 2195 3794 ὅ,
2232 3735 2348 3796 29.,
2385 3737 2635 3785 cantando
2674 3750 2790 3785 con-

1743 3811 1860 3860 dere
1896 3811 2019 3859 soles
2050 3809 2192 3871 Virg.
2221 3808 2397 3871 Eclog.
2424 3809 2482 3870 9,
2520 3811 2623 3870 52„
2661 3824 2783 3860 con-

1743 3886 1860 3935 dere
1890 3885 2022 3935 secla
2054 3885 2261 3935 Lucret.
2302 3883 2356 3944 3,
2398 3883 2542 3933 4403.
