3234 4975
1255 414 1370 463 ΜΒ.
1410 414 1470 462 ΙΙ.
1542 416 1598 463 C.
1642 415 1724 464 Xl.

871 569 1239 651 Restinguet
1286 568 1570 633 ardentis
1620 568 1865 635 Falerni

907 688 1140 755 Pocula
1186 700 1638 776 praetereunte
1686 689 1993 779 lympha?

783 848 942 927 Quis
987 847 1249 914 devium
1294 860 1576 914 scortum
1622 848 1831 915 eliciet
1875 849 2068 914 domo

777 968 1047 1057 Lyden?
1091 969 1386 1045 Eburna‚
1435 970 1542 1036 dic
1587 990 1740 1056 age,
1792 991 1939 1036 cum
1986 969 2124 1057 lyra

863 1091 1133 1155 Maturet
1177 1090 1238 1155 in
1285 1102 1610 1175 comptum
1658 1092 1991 1156 Lacaenae

575 1280 651 1327 ⁴9.
690 1279 934 1341 Restiriyct
966 1279 1021 1327 B.
1064 1305 1117 1314 —
1144 1280 1225 1328 2⁴.
1255 1279 1386 1328 elicit
1418 1280 1475 1329 T.
1507 1306 1560 1314 -—
1589 1280 1668 1328 23.
1696 1281 1749 1327 in
1782 1285 2032 1342 comitum
2054 1281 2093 1329 B
2119 1283 2174 1329 et
2206 1294 2394 1331 omnes
2433 1284 2545 1331 Pot—

509 1353 665 1412 tierii‚
715 1353 842 1402 item
867 1354 975 1402 CF:
1027 1353 1331 1415 inco-mptum
1364 1352 1574 1413 bSTcd,
1622 1352 1812 1413 Aldus»,
1859 1356 1942 1413 Lt,
1994 1356 2297 1416 incomptam
2331 1370 2395 1405 ex
2443 1370 2546 1405 uno

504 1427 758 1476 Torrentii
794 1426 988 1477 Codice
1024 1426 1190 1477 Bentl.
1230 1431 1285 1478 et
1320 1430 1386 1479 M.
1427 1430 1504 1490 (Ut
1536 1441 1653 1488 n03,
1689 1427 1756 1488 J.)

440 1596 574 1658 μην
627 1588 809 1643 αὐτὸν
857 1588 1178 1658 α’μφιβάσα
1210 1590 1364 1658 φλὸξ
1398 1592 1487 1644 οἴ-

439 1682 562 1716 νου.
632 1667 896 1731 Meleager
930 1670 1087 1718 Antb.
1115 1671 1171 1719 P.
1199 1671 1260 1719 11.
1287 1683 1340 1732 p.
1370 1671 1482 1719 ⁴⁴5:

441 1736 698 1791 Τοῦνεκα
748 1738 858 1792 σὺν
906 1740 1183 1808 Νύμφαις
1233 1740 1487 1811 Βρόμιος

437 1815 639 1878 φίλος·
694 1811 767 1881 ἢν
810 1815 874 1867 δέ
917 1833 1006 1867 νιν
1047 1815 1237 1888 εἴργῃς
1275 1820 1487 1885 Μισγο-

438 1892 603 1950 σθαι,
640 1888 774 1960 δέξῃ
811 1889 922 1961 πῦρ
957 1886 1043 1942 ’ἑτι
1075 1889 1407 1957 καιόμενον.

501 1966 584 2015 24.
621 1968 816 2014 devium
837 1967 1071 2030 scortum]
1111 1981 1246 2017 «non
1271 1968 1484 2030 volgare

438 2053 538 2089 nec
570 2042 726 2091 nimis
761 2043 1129 2103 prostitutum,
1177 2044 1228 2092 in
1264 2056 1484 2093 recessu

437 2112 638 2177 aliqu0,
698 2128 802 2164 non
837 2117 888 2164 in
926 2115 1165 2179 lupanari
1217 2117 1480 2175 babitanS,

437 2190 703 2238 remotum
754 2202 785 2237 a
835 2189 1071 2251 Subura,
1130 2189 1484 2240 celeberrima

437 2261 519 2311 illa
570 2264 766 2313 Romae
819 2268 1034 2327 regione
1071 2266 1331 2324 secunda,
1391 2266 1484 2315 ubi

437 2340 590 2386 erant
621 2335 924 2400 lupanaria;
963 2340 1111 2401 quod
1146 2353 1270 2389 cum
1303 2336 1484 2388 κατά-

435 2408 696 2459 κλειστον
731 2411 945 2461 delicias
991 2413 1172 2475 saciat,
1233 2428 1335 2464 nec
1373 2418 1486 2465 sta-

437 2486 554 2544 tim,
605 2487 765 2536 etiam
814 2500 922 2549 quo
961 2491 1232 2552 tamquam
1273 2490 1484 2539 fidicina

434 2559 714 2618 invitatur,
785 2573 843 2610 se
896 2563 1136 2622 confert,
1205 2564 1483 2626 promissis

434 2633 724 2682 eliciendum
746 2637 878 2684 est.»
916 2637 1026 2685 Liv.
1054 2637 1111 2697 3,
1153 2639 1247 2687 ⁴3:
1287 2639 1485 2687 devium

433 2708 725 2769 tuqurium,
782 2723 842 2756 «a
899 2711 983 2759 via
1036 2710 1249 2774 publica
1300 2726 1485 2761 remo-

437 2783 599 2830 tum.»
668 2781 816 2830 Ovid.
846 2784 969 2832 ller.
998 2785 1054 2843 Ξ,
1084 2787 1211 2834 448.
1257 2786 1322 2835 Et
1355 2788 1484 2835 ceci-

433 2857 508 2904 nit
568 2861 813 2904 maestum
881 2859 1026 2906 devia
1075 2873 1279 2907 cannen
1338 2862 1448 2909 avis
1465 2899 1479 2921 ‚

438 2928 613 2978 «bubo
647 2928 965 2980 solitarius»
1035 2933 1097 2982 V.
1134 2940 1354 2983 scortum
1388 2937 1486 2985 mi-

434 3004 575 3053 nime
627 3004 961 3054 disconvenit
1026 3008 1291 3057 sermonis
1357 3022 1482 3058 eum

434 3076 602 3127 sodali
635 3077 799 3128 babiti
847 3078 1111 3129 hilaritati.
1150 3080 1319 3131 Voss:
1376 3083 1485 3131 «dio

433 3151 622 3200 einsam
654 3153 903 3201 hausende
936 3153 1120 3213 Lyde.»

496 3225 579 3273 23.
614 3226 853 3289 Malui-et]
892 3229 1105 3278 «venire
1139 3229 1208 3277 ad
1233 3242 1329 3280 nos
1354 3243 1484 3294 pro-

433 3301 637 3361 peret.»
693 3298 1035 3363 Asclepiades
1068 3303 1226 3352 Anth.
1261 3305 1316 3352 P.
1355 3305 1392 3352 1.
1427 3317 1478 3366 p.

435 3372 547 3421 ⁴37.
585 3372 750 3423 herus
785 3373 853 3423 ad
889 3387 1140 3425 servum:
1195 3376 1306 3425 Καὶ
1339 3378 1484 3446 Τρυ-

433 3448 618 3516 φέραν
647 3448 866 3510 ταχέως
889 3447 951 3498 ἐν
975 3445 1207 3518 παρόδῳ
1233 3447 1482 3501 κάλεσον

433 3521 501 3569 ad
526 3523 846 3572 convivium.
894 3525 1248 3574 Pseudanacr.
1276 3525 1306 3576 4
1330 3564 1339 3587 ,
1381 3526 1441 3576 44
1468 3540 1479 3574 :

431 3594 724 3664 Μύρισον,
778 3591 975 3664 ῥόδοις
1023 3595 1084 3646 δὲ
1134 3595 1316 3666 κρᾶτα
1359 3597 1481 3649 Πύ-

431 3683 616 3718 κασον
639 3707 650 3729 ,
703 3667 864 3720 κάλει
898 3669 944 3719 δ’
983 3671 1232 3740 ἑταίρην.
1305 3672 1481 3723 Philo-

433 3742 624 3791 demus
658 3745 711 3793 in
743 3745 900 3794 Anth.
938 3744 1044 3794 Pal.
1082 3747 1144 3794 ΙΙ.
1183 3746 1312 3795 329:
1366 3747 1480 3797 Καὶ

431 3813 736 3879 συζεύξατέ
781 3834 883 3882 μοι
930 3816 1174 3881 (ρωλάδα
1207 3820 1479 3890 παρθενι-

431 3886 560 3953 κήν.
615 3895 877 3943 Graecum
912 3895 1068 3956 igitur
1099 3896 1243 3944 hunc
1267 3909 1476 3945 morem

431 3967 558 4013 tunc
597 3966 788 4015 imitari
846 3969 1007 4018 etiam
1063 3971 1281 4020 Romani
1334 3970 1477 4020 sole—

430 4037 575 4087 bant.
626 4066 679 4074 -
739 4040 889 4090 Idem
928 4055 1047 4092 mos
1089 4045 1232 4106 apud
1271 4044 1477 4094 Arabas

429 4111 724 4162 obtinebat.
778 4115 1053 4179 Tharapha
1080 4118 1268 4167 Reiskii
1293 4130 1345 4181 p.
1375 4117 1437 4166 23
1461 4132 1472 4165 :

430 4187 746 4250 Compotores
791 4190 890 4237 mei
939 4195 1052 4239 sunt
1103 4191 1304 4252 puellae
1352 4204 1476 4240 can-

427 4262 574 4313 didae
623 4265 881 4313 stellarum
931 4267 1117 4327 insiar,
1171 4271 1218 4315 οι
1270 4267 1478 4329 fidicina

1561 1621 1590 1631 -
1624 1622 1654 1633 -
1689 1608 1819 1656 quae
1868 1593 2145 1643 dicentibus
2186 1596 2361 1644 nobis:
2441 1598 2608 1653 «Eia,

1561 1670 1831 1718 audiamus
1883 1670 2242 1730 cantilenam»,
2310 1671 2363 1719 in
2406 1684 2612 1733 conspo-

1561 1750 1697 1793 ctum
1722 1745 1920 1805 prodit,
1957 1745 2110 1803 lente,
2146 1758 2247 1793 non
2268 1745 2417 1793 nionis
2440 1760 2607 1807 opero-

1560 1833 1636 1879 se,
1674 1819 1867 1868 tenella.
1899 1846 1955 1854 —
1995 1818 2167 1867 «Ordo
2191 1833 2278 1868 vv.
2308 1823 2421 1869 est:
2473 1834 2615 1871 more

1561 1896 1823 1945 Lacaenae
1854 1896 2072 1957 religata
2094 1908 2264 1944 comas
2286 1898 2339 1944 in
2361 1904 2612 1959 comptum

1558 1970 1761 2017 nodum.
1833 1971 2058 2031 Propter
2094 1969 2260 2017 Codd.
2300 1972 2480 2021 autem
2532 1986 2614 2022 co-

1558 2056 1698 2091 mam
1731 2040 2080 2092 scribendum
2115 2045 2200 2093 est
2222 2056 2268 2090 z»
2308 2044 2419 2103 (sed
2460 2047 2610 2098 vides

1561 2119 1671 2165 tres
1708 2129 1859 2165 meos
1902 2118 2177 2179 antiquiss.
2216 2117 2478 2181 praebere
2522 2132 2610 2166 co-

1557 2190 1711 2253 mas.)
1736 2188 2035 2240 «Bentleius
2055 2192 2287 2240 correxit
2307 2193 2610 2253 incomptam

1558 2276 1755 2312 comam
1779 2263 1865 2314 rel.
1894 2266 2038 2313 nodo.
2080 2264 2202 2323 Sed,
2230 2268 2608 2328 praeterquam

1559 2338 1705 2400 quod
1738 2339 1990 2400 incompta
2020 2353 2165 2387 coma
2186 2339 2418 2402 puellam
2442 2341 2608 2401 magis

1560 2412 1853 2461 dedecoret
1887 2426 2049 2475 quam
2084 2415 2263 2472 ornet,
2302 2428 2419 2463 voc.
2456 2417 2605 2473 noda,

1560 2487 1706 2548 quod
1758 2484 1904 2536 salvo
1955 2501 2115 2537 sensu
2168 2487 2359 2537 abesse
2394 2493 2604 2551 posset,

1559 2562 1637 2610 sic
1672 2561 1812 2609 nude
1850 2562 1900 2608 in
1926 2561 2031 2609 fine
2058 2562 2290 2623 positum
2314 2563 2609 2611 vehemen-

1561 2638 1644 2684 ter
1694 2634 1865 2695 t'riget.
1946 2637 2143 2696 Aptum
2194 2639 2377 2683 contra
2431 2635 2608 2684 locum

1559 2707 1751 2767 habet,
1798 2706 1891 2755 ubi
1936 2707 2115 2756 addito
2151 2708 2411 2756 adiectivo
2447 2721 2610 2756 accu-

1560 2784 1725 2831 ratius
1777 2781 2116 2830 describitur.
2189 2783 2366 2830 Lectio
2417 2782 2608 2830 incom-

1551 2862 1699 2918 ptum
1748 2858 1933 2905 nodum
1985 2854 2194 2918 linguae
2240 2855 2385 2918 leges
2422 2855 2604 2915 violat,

1559 2944 1684 2981 cum
1736 2932 2057 2994 praepositio
2107 2931 2161 2979 in
2211 2930 2402 2981 abesse
2438 2932 2489 2980 in
2526 2931 2607 2980 his

1559 3019 1667 3054 non
1700 3006 1920 3068 possit.»
1957 3007 2100 3055 Ima.
2144 3033 2197 3042 —
2253 3007 2307 3054 in
2339 3005 2605 3069 comptum]

1560 3080 1645 3128 «in
1681 3081 2068 3143 compositum;
2120 3080 2428 3130 festinantes
2462 3081 2607 3129 enim

1559 3152 1812 3203 mulieres
1862 3168 2062 3218 pexum
2114 3158 2316 3205 tantum
2359 3154 2606 3219 capillum

1557 3228 1611 3276 in
1646 3229 1849 3277 nodum
1884 3228 2131 3292 colligere
2158 3233 2601 3281 consueverunt.»

1560 3302 1718 3359 Cano.
1790 3302 1885 3352 Od.
1925 3303 1982 3364 3,
2023 3303 2113 3364 ⁴4,
2152 3306 2207 3353 24
2240 3318 2252 3353 :
2304 3306 2400 3354 Dic
2445 3310 2489 3353 et
2522 3318 2609 3352 ar-

1556 3380 1710 3438 gutae
1752 3383 1989 3437 properet
2038 3378 2266 3427 Neaerae
2315 3378 2608 3438 lllyrrheum

1556 3451 1686 3498 nodo
1736 3449 1959 3499 cohibere
2024 3452 2228 3500 crinem.
2317 3450 2604 3513 Utrobique

1558 3537 1665 3572 non
1700 3526 1809 3572 tam
1834 3523 1902 3572 ad
1927 3523 2172 3573 comandi
2196 3537 2405 3574 moram
2429 3525 2604 3585 respi-

1557 3599 1629 3646 cit
1663 3611 1826 3660 quam
1861 3598 1930 3646 ad
1964 3597 2262 3661 simplicem
2289 3597 2606 3658 elegantiam

1556 3672 1706 3730 nodi,
1744 3672 1836 3733 qui
1871 3673 2156 3735 opponitur
2188 3672 2484 3720 artificiosis
2518 3684 2609 3719 co-

1554 3758 1672 3795 mas
1694 3745 1942 3794 nectendi
1968 3745 2271 3806 generibus.
2310 3747 2439 3794 Tres
2462 3744 2606 3793 enim

1554 3819 1699 3869 modi
1766 3820 2041 3883 praecipui
2109 3818 2325 3883 capillos
2381 3818 2606 3868 ornandi

1554 3896 1721 3944 erant.
1792 3893 1965 3944 Manil.
1993 3897 2050 3955 5,
2080 3894 2208 3944 ⁴46:
2243 3894 2347 3943 Illis
2378 3908 2507 3942 cura
2527 3893 2604 3942 sui

1549 3970 1711 4017 cultus
1772 3970 2049 4030 frontisque
2122 3971 2332 4018 decorae
2401 3971 2607 4030 Semper

1551 4044 1647 4092 crit
1665 4058 1682 4091 .·
1718 4048 1872 4092 tortos
1904 4044 1957 4092 in
1988 4045 2197 4107 fluctum
2224 4057 2411 4104 ponere
2444 4043 2607 4092 crines

1549 4117 1648 4164 Aut
1679 4116 1854 4164 vinclis
1888 4131 2125 4166 revocare
2157 4130 2325 4165 comas
2358 4123 2403 4166 et
2424 4117 2604 4165 vertice

1551 4190 1700 4238 denso
1732 4189 1942 4251 Fingere
1963 4196 2011 4240 et
2032 4191 2271 4252 appositis
2291 4195 2442 4252 caput
2463 4203 2603 4238 erna-

1552 4268 1662 4312 tarc
1695 4262 1907 4323 capillis.
1956 4290 2010 4298 —
2073 4265 2356 4327 Lacaenae]
2417 4265 2501 4312 Sic
2550 4263 2603 4310 in
