3234 4975
626 370 750 432 678

1435 371 1691 419 nomm
1728 370 1982 420 EPODON

964 526 1058 591 Ab
1103 525 1212 591 ab!
1261 525 1510 590 solutus
1556 525 1841 591 ambulat
1884 525 2214 591 veneficae

1049 645 1420 712 Scientioris
1462 646 1765 712 carmine.

965 770 1105 833 Non
1145 767 1424 841 usitatiS,
1469 767 1666 836 Vare,
1711 766 2111 852 potionibus,

1051 891 1109 954 Ο
1153 886 1348 953 multa
1393 886 1694 952 fleturum
1736 897 1961 973 caput.

961 1009 1055 1074 Ad
1099 1030 1204 1074 me
1247 1028 1547 1075 recurres
1572 1060 1585 1078 ‚
1634 1027 1755 1072 nec
1798 1018 2023 1073 vocata
2066 1027 2248 1073 mens
2294 1019 2403 1072 tua

2725 1009 2805 1071 75

1047 1130 1272 1195 Marsis
1316 1128 1551 1195 redibit
1591 1127 1900 1195 vocibus:

961 1250 1163 1316 Maius
1207 1248 1483 1336 parabo,
1531 1250 1740 1314 maius
1784 1248 2111 1314 infundam
2153 1248 2265 1314 tibi

1052 1369 1419 1436 Fastidienti
1467 1367 1801 1457 poculum,

965 1492 1280 1578 Priusque
1325 1489 1578 1556 caelum
1622 1490 1790 1556 sidet
1832 1490 2096 1557 inferius
2143 1492 2342 1558 mari.

759 1681 840 1729 74.
875 1680 1019 1729 Aba!
1052 1675 1342 1737 BentleiuS,
1379 1677 1581 1726 Halia!
1619 1678 1735 1726 Fea.
1778 1680 1899 1738 (om.
1928 1679 2007 1738 B.)

629 1850 688 1896 ut
720 1845 831 1905 alii,
869 1844 1107 1894 detracta
1132 1843 1387 1905 imagine:
1430 1844 1679 1893 «Detine-

627 1923 713 1970 tur
761 1918 985 1969 aliarum
1035 1916 1354 1966 feminarum
1404 1915 1678 1966 amoribus

628 1993 925 2050 districtus,
963 1991 1069 2039 mei
1093 2003 1316 2054 prorsus
1339 1991 1676 2038 immemor.»

631 2067 677 2128 Ξ)
717 2065 955 2116 «Dormit
987 2065 1041 2113 in
1075 2065 1342 2113 incantato
1377 2061 1535 2112 cubili
1581 2062 1680 2113 ali-

628 2141 781 2190 cuius
815 2151 970 2188 meae
1006 2136 1272 2194 aemulae,
1310 2149 1448 2200 quae
1472 2135 1679 2186 artibus

629 2214 741 2264 suis
775 2212 975 2270 effecit,
1015 2214 1075 2261 ut
1095 2212 1334 2262 omnium
1358 2209 1582 2261 aliarum
1607 2210 1679 2259 fe-

630 2288 896 2337 minarum
935 2285 1392 2336 oblivisceretur.»
1445 2285 1494 2347 3)
1532 2287 1677 2334 «Non

630 2359 803 2411 solum
829 2362 934 2411 mei
956 2361 1153 2410 amoris
1176 2358 1373 2409 oblitus
1403 2360 1455 2409 in
1479 2362 1681 2407 utram·

629 2450 737 2501 que
756 2448 943 2487 aurem
961 2435 1174 2495 dormit,
1193 2434 1292 2486 sed
1310 2435 1469 2484 etiam
1492 2445 1677 2482 amore

630 2512 872 2561 omnium
924 2523 1168 2559 mearum
1209 2507 1542 2558 aemularum
1587 2521 1679 2557 so-

629 2583 824 2634 lutus.-
853 2611 908 2620 -
945 2584 1148 2648 solutus]
1185 2585 1245 2633 ut
1276 2582 1372 2631 Od.
1401 2583 1448 2641 4,
1473 2582 1564 2639 27,
1591 2581 1675 2629 2⁴.

695 2658 871 2707 73-76.
916 2660 1061 2720 Varo]
1095 2659 1224 2707 Mira
1248 2657 1344 2717 fuit
1374 2655 1538 2705 Iahnii
1560 2655 1679 2717 opi-

630 2733 718 2782 nio
761 2731 904 2781 hunc
947 2733 1147 2781 Varum
1193 2732 1280 2780 hic
1326 2733 1436 2779 tam
1481 2727 1677 2779 acerbe

627 2805 841 2856 irrisum
876 2805 1108 2855 eundem
1143 2816 1264 2855 esse
1298 2806 1459 2866 atque
1493 2814 1677 2851 carum

630 2879 827 2929 Horatii
845 2878 1104 2939 sodalem,
1126 2878 1193 2928 ad
1212 2890 1376 2940 quem
1395 2879 1478 2927 est
1495 2877 1674 2932 Carm,

633 2954 686 3013 ⁴,
727 2954 806 3003 ⁴8.
843 2954 1014 3002 lmmo
1044 2953 1318 3003 retinenda
1345 2953 1429 3001 est
1460 2952 1675 3013 antiqua

633 3024 716 3076 illa
751 3022 1093 3095 παράδοσις,
1133 3026 1292 3076 fuisse
1328 3027 1470 3075 hunc
1498 3025 1679 3088 Alfium

633 3100 903 3162 quendam
941 3101 1158 3159 Varum,
1213 3100 1483 3149 hominem
1529 3100 1680 3147 cete-

631 3174 824 3236 roquin
859 3174 1113 3236 ignotum.
1168 3172 1275 3222 Csr.
1303 3173 1564 3222 Carminis
1585 3185 1680 3222 ve-

631 3252 776 3298 teres
839 3247 1212 3311 inscriptiones
1268 3247 1410 3309 apud
1467 3259 1566 3296 nos
1625 3249 1679 3295 et

631 3321 771 3385 apud
815 3319 1294 3382 Vanderburgium.
1353 3320 1504 3369 Estre
1548 3321 1675 3370 Hor.

630 3397 716 3445 Pr.
754 3408 806 3459 p.
845 3396 959 3445 202.
1005 3423 1057 3431 -
1087 3393 1388 3457 potionibus]
1433 3394 1494 3442 V.
1536 3400 1679 3457 potio

632 3470 884 3534 frequens
934 3470 1002 3519 de
1053 3467 1257 3533 philtris
1309 3482 1374 3519 ac
1422 3470 1675 3527 venenis,

630 3544 772 3593 unde
816 3545 959 3607 apud
994 3545 1140 3593 Suet.
1179 3542 1340 3606 Calig.
1378 3544 1460 3593 50.
1508 3544 1680 3605 potio-

627 3624 802 3677 natus,
840 3622 895 3667 et
928 3616 1192 3668 Gallorum
1221 3619 1415 3681 poison.
1446 3644 1500 3653 ——
1535 3619 1681 3681 fletu-

629 3692 760 3756 rum]
799 3690 1117 3742 «doliturum
1157 3694 1378 3757 propter
1419 3692 1677 3741 insaniam

630 3768 685 3814 et
728 3765 991 3825 furorem,
1045 3765 1241 3828 quibus
1289 3769 1342 3815 te
1394 3764 1676 3815 afficiam.»

631 3838 736 3888 Cl'r.
768 3840 874 3888 Sat.
915 3841 974 3897 2,
1015 3842 1070 3899 4,
1108 3838 1198 3889 45:
1238 3841 1333 3900 Oui
1366 3852 1682 3889 ”accommo-

629 3913 722 3972 rit‚
749 3939 828 3949 --
853 3913 1004 3963 Flebit
1037 3916 1141 3962 cet.
1187 3941 1239 3951 --
1291 3919 1476 3963 vocata
1523 3914 1675 3977 mens]

629 3985 937 4049 Amplector
987 4000 1130 4036 nunc
1186 3988 1676 4050 interpretationem

631 4060 946 4122 Ringwoodii
970 4062 1022 4110 in
1052 4060 1145 4110 Ed.
1173 4060 1435 4110 Theocriti
1457 4075 1509 4124 p.
1539 4062 1675 4119 408„

631 4134 859 4195 benigne
885 4147 1100 4185 mecum
1124 4150 1154 4184 a
1180 4134 1504 4185 Crawsurdio
1528 4147 1680 4184 eom-

633 4209 978 4259 municatam:
1021 4222 1152 4259 «nec
1177 4208 1341 4260 solitis
1365 4213 1524 4272 atque
1550 4222 1680 4272 quo-

1754 1842 1964 1894 tidianis
2029 1843 2471 1895 incantationibus
2528 1846 2797 1904 Marsicis,

1752 1916 1850 1967 sed
1884 1916 2038 1979 longe
2082 1917 2469 1968 efficacioribus
2513 1921 2600 1968 tua
2644 1931 2803 1969 mens

1754 1993 1891 2041 tacta
1940 1991 2007 2040 ad
2056 2004 2143 2041 me
2180 1991 2403 2050 redibit3
2458 2005 2583 2041 nam
2630 1993 2803 2042 maius

1753 2069 1891 2114 cet.»
1933 2065 2018 2114 Sic
2051 2068 2232 2115 mente
2255 2066 2516 2129 repetitur
2549 2066 2797 2129 praeced.

1752 2140 1820 2188 ad
1836 2152 1931 2199 me,
1952 2142 2007 2188 et
2024 2152 2073 2185 v.
2094 2140 2260 2188 mam
2280 2141 2564 2203 opponitur
2589 2141 2801 2202 utrique

1752 2212 1999 2262 membro
2032 2227 2131 2260 non
2164 2213 2364 2261 asilaus
2384 2216 2486 2262 cet.
2514 2216 2571 2261 et
2600 2226 2688 2262 πω
2716 2228 2805 2262 vo·-

1751 2292 1867 2336 cata
1891 2289 1994 2337 cet.
2060 2287 2232 2348 Atque
2262 2286 2502 2336 similiter
2534 2289 2640 2338 iam
2674 2288 2798 2337 Adr.

1752 2359 2033 2410 Turnebus
2086 2360 2305 2422 (Advers.
2347 2360 2435 2418 44,
2474 2362 2580 2424 9.):
2656 2364 2800 2411 «Non

1753 2435 1805 2483 te
1842 2435 2011 2484 Marsa
2061 2436 2249 2486 naenia
2297 2449 2397 2484 nec
2442 2436 2685 2487 cantione
2732 2435 2803 2484 ad

1754 2521 1841 2557 me
1877 2509 2172 2567 revocabo,
2227 2523 2329 2559 nec
2364 2522 2518 2561 mens
2552 2512 2639 2559 tua
2674 2510 2802 2560 mihi

1752 2582 2063 2632 restituetur
2114 2584 2322 2645 magico
2373 2584 2644 2643 earmine;
2703 2583 2803 2633 sed

1752 2657 1927 2705 maius
1973 2656 2232 2719 quiddam
2275 2657 2485 2720 parabo,
2512 2661 2567 2706 et
2598 2671 2663 2706 ex
2698 2658 2803 2706 bu·

1753 2731 1926 2779 manis
1945 2731 2079 2779 extis
2098 2731 2358 2780 amatorio
2378 2733 2675 2794 temperato
2694 2742 2799 2779 non

1755 2804 1943 2852 usitata
1988 2804 2203 2866 potione
2250 2808 2302 2852 te
2336 2804 2580 2853 insanum
2616 2815 2799 2857 amore

1754 2878 1861 2925 mei
1884 2876 2161 2927 reddam.»
2206 2879 2261 2927 ln
2284 2876 2485 2939 volgari
2508 2879 2710 2927 ratione
2734 2864 2799 2926 εὶ

1754 2964 1839 2999 vv,
1862 2952 1929 2999 ad
1948 2964 2027 3000 me
2049 2952 2178 3001 satis
2193 2965 2292 3015 pro
2314 2951 2571 3000 arbitratu
2589 2950 2802 3001 eliciunt

1753 3026 1823 3073 ad
1844 3030 1917 3085 te,
1946 3028 2001 3075 et
2022 3028 2145 3075 ante
2169 3038 2221 3074 v,
2246 3027 2414 3074 maim
2434 3025 2590 3089 plene
2614 3025 2800 3075 distin-

1754 3101 1948 3161 guunt,
1987 3100 2424 3161 interpretantes:
2481 3113 2613 3148 «nec
2648 3111 2802 3148 mens

1755 3180 1843 3222 tua
1892 3174 2027 3222 meis
2076 3174 2298 3223 venenis
2351 3172 2519 3223 semel
2576 3170 2799 3221 alienata

1754 3247 1989 3309 mihique
2024 3246 2253 3296 obnoxia
2287 3246 2449 3305 sacta,
2486 3246 2803 3295 incantatio-

1752 3320 1908 3370 nibus
1942 3321 2129 3370 Marsis
2154 3322 2401 3370 revocata
2421 3358 2433 3378 ‚
2470 3332 2706 3382 unquam
2729 3318 2799 3367 ad

1753 3398 1830 3451 te,
1884 3395 1939 3443 id
1985 3397 2097 3454 est,
2149 3394 2218 3443 ad
2254 3395 2534 3444 sanitatem
2580 3391 2801 3442 liberta-

1752 3472 1969 3532 temque
2005 3467 2252 3517 redibit.»
2296 3467 2420 3517 Alii:
2459 3480 2591 3517 «nec
2625 3469 2677 3516 te
2711 3480 2803 3517 se-

1754 3542 1857 3592 mel
1918 3543 2044 3592 mihi
2107 3541 2425 3591 advocatum
2475 3554 2539 3590 ac
2587 3542 2802 3604 potione

1753 3614 2043 3678 obligatum
2088 3615 2187 3664 alia
2222 3628 2349 3677 saga
2404 3616 2599 3664 iterum
2637 3628 2667 3663 a
2714 3627 2803 3663 mc

1752 3702 1979 3739 avocare
2003 3690 2239 3739 carmine
2275 3702 2375 3738 suo
2398 3688 2659 3753 poter-itum
2696 3686 2801 3741 vel,

1754 3766 1809 3811 ut
1845 3762 2023 3814 verbis
2066 3765 2187 3812 utar
2236 3763 2644 3827 PorphyrioniS,
2712 3763 2805 3824 qui

1756 3841 1933 3888 tamen
1969 3839 2127 3887 etiam
2166 3836 2439 3900 volgarem
2491 3837 2807 3899 interpreta-

1754 3914 1951 3962 tionem
2000 3911 2188 3962 babet:
2261 3924 2457 3961 umens
2506 3914 2592 3960 tua
2644 3924 2673 3957 a
2716 3922 2804 3958 me

1755 3989 2016 4037 incantata
2042 3999 2317 4049 nunquam
2340 3984 2559 4043 redibit,
2596 3984 2804 4032 etiamsi

1754 4062 1938 4111 Marsis
1963 4059 2183 4110 vocibus
2208 4062 2544 4110 revocemur
2572 4082 2627 4093 —
2666 4059 2808 4106 Mar-

1754 4135 1836 4197 sis]
1885 4135 2051 4199 Epod.
2091 4136 2180 4193 47,
2226 4135 2324 4183 29:
2386 4134 2807 4183 Harsa--nae-

1756 4211 1859 4258 nia.
1934 4206 2159 4259 Lucilius
2200 4209 2293 4265 20,
2332 4210 2378 4257 5.
2428 4219 2544 4270 pag.
2586 4205 2665 4255 46.
2714 4204 2801 4255 ed.
