3234 4975
1207 415 1408 468 LIBER.
1480 416 1675 467 CARM.
1713 414 1840 466 xvi.

2500 413 2621 476 733

610 573 835 657 Neque
881 571 1245 638 intumescit
1288 570 1411 635 alta
1456 571 1696 657 viperis
1742 569 1993 636 humus.

527 692 847 778 Pluraque
892 692 1111 758 felices
1157 691 1561 757 mirabimur:
1608 702 1679 756 ut
1724 712 1937 778 neque
1982 689 2177 777 largis

611 815 911 900 Aquosus
957 813 1166 877 Eurus
1213 833 1366 877 arva
1412 812 1595 877 radat
1641 812 1988 887 imbribuS‚

528 933 795 1020 Pinguia
839 953 958 998 nec
1004 932 1193 998 siccis
1241 942 1508 997 urantur
1551 932 1797 997 semina
1843 932 2087 1018 glebis,

609 1054 964 1139 Utrumque
1011 1045 1181 1138 rege'
1211 1062 1612 1139 temperante
1658 1051 1977 1119 caelitum.

527 1176 663 1238 Non
710 1172 837 1238 huc
880 1178 1091 1260 Argoo
1135 1172 1464 1238 contendit
1507 1174 1752 1259 remige
1799 1173 2020 1259 pinuS,

574 1362 656 1411 52.
693 1362 795 1410 Nec
828 1359 1000 1420 bSTc,
1040 1361 1143 1410 LCt
1179 1362 1233 1409 et
1265 1358 1551 1410 Bentleius.
1593 1361 1773 1423 (Deest
1802 1360 1889 1408 hic
1926 1373 1975 1408 V.
2015 1360 2066 1408 in
2091 1360 2169 1422 Β.)
2203 1387 2257 1395 -
2296 1362 2417 1410 Sine
2453 1361 2559 1411 suf-

509 1435 716 1484 ficiente
752 1435 1064 1484 auctoritate
1101 1435 1202 1483 Fea
1237 1447 1321 1482 vv‚
1361 1435 1437 1482 sic
1473 1431 1771 1483 collocavit:
1825 1433 1915 1492 56,
1943 1433 2032 1493 64,
2070 1434 2151 1492 62,
2190 1435 2376 1490 57-60,
2405 1434 2486 1484 63.

444 1601 543 1650 alte
576 1601 870 1650 intumescit.
903 1628 957 1635 —-
983 1599 1279 1663 intumescit]
1314 1601 1374 1650 nt
1396 1601 1494 1650 Lu·
1524 1598 1534 1697 Ι

1567 1594 1784 1659 νοῦσος
1851 1595 2083 1657 ἐνοχλεῖ
2103 1613 2115 1625 ·
2159 1627 2188 1637 -
2228 1627 2257 1636 -
2295 1596 2454 1661 ζώεις
2513 1597 2624 1670 γὰρ

444 1690 562 1725 can.
601 1675 658 1735 8,
697 1674 820 1724 370:
871 1674 957 1723 abi
991 1680 1131 1724 terra
1164 1673 1390 1735 twnebit,
1437 1673 1491 1723 id
1567 1666 1878 1737 ἀμέμπτως
1923 1664 2137 1737 Αὖγαῖς
2170 1671 2232 1723 ἐν
2266 1673 2620 1744 καθαραΐσιν

443 1752 541 1808 est,
580 1747 841 1798 excelsior
865 1749 964 1798 erit
988 1752 1041 1798 et
1064 1751 1376 1807 montuosa;
1414 1749 1491 1798 sic
1561 1741 1851 1809 Ὀλύμπου
1912 1744 2160 1810 πλησίον
2211 1740 2380 1810 ὄντος
2446 1750 2611 1812 (quae

442 1824 546 1873 hoc
582 1835 796 1886 quoque
833 1821 974 1871 loco:
1016 1836 1105 1872 «se
1131 1821 1354 1882 extollit,
1391 1821 1493 1871 sich

443 1895 636 1957 ernam,
672 1898 711 1945 ε’
735 1896 995 1945 innalza.»
1039 1895 1212 1945 Nolim
1236 1897 1382 1945 certe
1408 1908 1497 1944 ex-

444 1968 643 2034 plicare
697 1983 833 2020 «non
884 1969 975 2020 alit
1023 1971 1236 2033 viperas
1283 1981 1494 2019 veneno

445 2043 747 2104 tumidas3»
792 2045 889 2094 sed
934 2043 1108 2094 refero
1153 2043 1221 2092 ad
1267 2056 1496 2107 serpen-

444 2118 578 2168 tium
626 2118 1001 2181 reptationem,
1056 2130 1162 2180 qua
1196 2115 1495 2166 alternatim

445 2203 567 2241 sese
616 2189 858 2242 attollunt
890 2194 1051 2254 atque
1096 2193 1375 2240 incurvant
1407 2204 1498 2239 ra-

443 2266 684 2330 ptimque
721 2264 1038 2326 extendunt,
1076 2264 1213 2314 adeo
1247 2266 1307 2313 ut
1336 2277 1497 2328 prae-

449 2339 633 2390 sertim
670 2353 737 2389 ex
770 2338 1058 2403 longinquo
1089 2338 1367 2403 spectanti,
1404 2337 1497 2387 ubi

447 2416 530 2464 est
579 2413 772 2463 horum
825 2412 1093 2477 reptilium
1142 2411 1388 2462 celeriter
1436 2427 1496 2463 se

446 2489 761 2538 mutantium
786 2486 1092 2547 multitudo,
1120 2487 1293 2538 solum
1319 2488 1496 2552 ipsum

446 2577 504 2614 se
549 2564 601 2612 in
637 2562 803 2612 altum
844 2562 1022 2613 levare
1069 2565 1228 2626 atque
1265 2563 1497 2613 intume-

446 2651 599 2687 scere
635 2637 910 2697 videatur,
950 2637 1002 2686 id
1026 2637 1171 2699 quod
1193 2649 1354 2700 saepe
1380 2638 1494 2700 ipse

444 2712 578 2769 vidi,
617 2712 1024 2773 amoenissima,
1074 2711 1287 2774 viperas
1320 2712 1364 2760 si
1401 2723 1496 2759 ex-

447 2786 684 2848 ceperis,
735 2784 912 2834 ltaliae
946 2786 1098 2848 prata
1133 2785 1382 2847 ripasque
1422 2784 1497 2831 ri-

446 2870 635 2907 vorum
661 2870 880 2921 semper
912 2856 1175 2907 solitarius
1208 2856 1497 2921 perambu-

447 2931 579 2981 lans.
621 2957 676 2968 -
717 2931 797 2981 Ad
843 2944 961 2980 rem
1003 2932 1175 2995 ipsam
1220 2932 1314 2981 cfr.
1351 2931 1492 2992 Virg.

451 3008 544 3055 Ge.
571 3007 628 3065 2,
669 3005 791 3055 ⁴53:
830 3007 931 3055 Nec
956 3006 1095 3067 rapit
1127 3005 1388 3054 immensos
1408 3018 1498 3054 or-

449 3081 529 3130 bes
542 3093 640 3142 per
661 3080 866 3130 humum
886 3092 1045 3141 neque
1067 3085 1206 3128 tanto
1223 3080 1500 3140 Squameus

447 3156 502 3204 in
543 3155 736 3216 spiram
780 3160 948 3204 tracta
986 3167 1035 3204 se
1078 3154 1266 3217 colliyit
1297 3154 1494 3217 anquis.

515 3229 693 3279 53-56.
744 3229 1076 3279 mirabimur:
1126 3227 1196 3292 ut]
1252 3228 1357 3278 Cfr.
1400 3228 1494 3278 Od.

448 3301 506 3361 3,
558 3301 617 3363 4,
675 3301 883 3353 43-46.
933 3330 986 3338 -
1034 3303 1276 3366 Aquosus]
1327 3302 1498 3353 Eurus

449 3376 611 3426 etiam
654 3378 821 3439 magis
865 3390 1027 3441 quam
1062 3379 1256 3428 Auster
1297 3377 1497 3426 imbres

448 3449 619 3497 affert.
681 3450 865 3499 Caton.
905 3451 1012 3499 Dir.
1050 3450 1138 3500 38:
1177 3452 1348 3500 Baras
1376 3455 1500 3514 agat

447 3523 665 3571 mixtam
704 3523 849 3584 saiva
889 3524 1105 3586 caligine
1137 3524 1331 3573 nubem.
1392 3526 1498 3573 Lu-

450 3610 566 3647 can.
596 3599 616 3646 ⁴
643 3634 654 3656 ‚
692 3597 816 3645 249:
852 3598 918 3646 Et
948 3598 1166 3646 madidis
1197 3599 1327 3647 Euri
1359 3612 1498 3648 reso-

450 3672 584 3720 lutae
616 3670 818 3734 flatibus
849 3669 1010 3733 Alpes.
1050 3670 1154 3721 Cir.
1182 3673 1320 3722 Voss
1340 3673 1494 3732 myth.

449 3744 539 3794 Br.
578 3744 615 3792 1.
653 3757 706 3807 p.
741 3744 856 3793 263.
907 3771 962 3781 -
1008 3757 1139 3794 ama
1177 3745 1345 3810 radat]
1386 3745 1498 3796 «di-

451 3815 563 3867 luat
607 3818 767 3880 atque
815 3817 1091 3882 provolvat
1140 3820 1190 3869 in
1233 3822 1499 3869 torrentes

452 3904 515 3941 ac
551 3891 821 3941 flumina.»
859 3893 1066 3941 Lucret.
1094 3894 1153 3953 5,
1190 3894 1313 3943 257:
1357 3895 1500 3955 ripas

448 3966 686 4015 radentia
716 3966 930 4030 flumina
951 3967 1153 4016 rodunt.
1186 3994 1240 4002 —
1265 3966 1495 4030 Pinquia]

454 4039 712 4090 «fecundo
748 4054 910 4090 succo
944 4041 1202 4103 turgida.»
1244 4069 1296 4077 -
1335 4055 1500 4090 wran-

452 4115 553 4180 tar]
588 4114 744 4165 Anth.
783 4113 890 4164 Pal.
918 4116 979 4164 11.
1006 4127 1060 4177 p.
1088 4113 1202 4165 845.
1241 4113 1309 4163 de
1343 4116 1500 4164 Prota

453 4191 506 4239 in
541 4188 730 4239 beatas
780 4186 977 4238 insulas
1024 4189 1356 4237 transvecta:
1417 4182 1498 4238 Οὐ

455 4259 674 4328 χειμών
723 4259 893 4313 λυπεῖ
937 4262 1024 4323 α’,
1079 4254 1149 4311 οὗ
1199 4257 1374 4326 καῦμ’
1427 4254 1499 4312 οὗ

1567 1821 1788 1884 quidem
1839 1834 1976 1870 nova
2026 1820 2239 1870 videtur
2288 1823 2498 1885 imago).
2561 1851 2617 1862 —-

1566 1895 1898 1957 temperante]
1959 1894 2229 1959 «benigne
2294 1897 2363 1946 ita
2424 1897 2617 1947 mode-

1569 1972 1749 2029 rante,
1805 1971 1864 2018 ut
1908 1982 2010 2018 nec
2053 1971 2199 2020 nimii
2245 1985 2308 2020 ac
2344 1973 2482 2020 noxii
2529 1985 2622 2021 ca-

1570 2043 1699 2093 dant
1731 2042 1933 2093 imbres
1968 2056 2144 2106 neque
2180 2043 2304 2095 solis
2329 2049 2508 2097 aestus
2532 2059 2622 2096 se·-

1570 2120 1721 2180 getes
1745 2118 1994 2165 torreat.»
2048 2117 2259 2168 Fundus
2293 2121 2622 2181 φαντασίας

1572 2193 1656 2241 est
1700 2190 1891 2252 Odys&
1929 2187 1983 2249 δ,
2022 2191 2135 2240 566.
2175 2193 2229 2241 in
2276 2191 2477 2254 Elysio:
2541 2188 2621 2244 Οὐ

1571 2261 1835 2324 νιφετός,
1884 2257 2003 2312 οὔτ’
2048 2257 2126 2332 ἄρ
2166 2261 2385 2327 χειμών
2419 2263 2618 2329 πολύς,

1573 2332 1707 2388 οὔτε
1730 2338 1852 2385 ποτ’
1879 2331 2130 2406 ὄμβρος,
2150 2331 2284 2386 Ἀλλ’
2306 2340 2419 2388 αἰεὶ
2441 2338 2625 2402 Ζεφύ-

1570 2427 1700 2483 ροιο
1735 2404 1863 2477 λιγύ
1885 2413 2185 2474 πνείοντας
2210 2405 2397 2477 ἀήτας
2414 2407 2621 2465 ’.Ωκεα-

1571 2481 1674 2549 νὸς
1723 2480 1955 2551 ἀνίησιν
2004 2479 2336 2550 ἀναψύχειν
2387 2482 2619 2559 ἀνθρώ-

1572 2576 1734 2623 πους.
1760 2588 1814 2596 -
1838 2562 1914 2610 De
1941 2561 2455 2624 transpositionibuS,
2485 2577 2620 2626 quas

1572 2633 1808 2685 nonnulli
1842 2634 1929 2682 hic
1967 2633 2142 2683 facere
2176 2633 2482 2695 voluerunt,
2530 2650 2624 2687 re-

1573 2714 1658 2760 cte
1712 2710 1781 2759 ita
1834 2708 2068 2772 disputat
2122 2709 2368 2759 Iahnius:
2432 2712 2621 2761 «Poeta

1569 2785 1803 2848 primum
1840 2796 1932 2832 eas
1968 2781 2257 2832 insularum
2293 2782 2500 2834 illarum
2524 2784 2625 2834 do—

1572 2859 1681 2917 teS,
1737 2869 1874 2919 quae
1919 2857 2061 2904 terra
2108 2857 2217 2919 ipsa
2257 2858 2619 2917 continentur,

1569 2945 1654 2979 w.
1694 2929 1870 2980 43-52.
1908 2929 2224 2993 descripsit,
2264 2930 2457 2981 deinde
2493 2945 2581 2982 res
2609 2971 2620 2991 ,

1573 3017 1712 3067 quae
1748 3005 2078 3054 extrinsecus
2100 3004 2350 3065 veniunt,
2399 3006 2624 3056 subiun-

1572 3079 1662 3127 xit.
1700 3080 1861 3128 Terra
1914 3079 2027 3142 ipsa
2076 3076 2201 3128 nihil
2248 3079 2300 3128 in
2344 3093 2402 3130 se
2452 3082 2625 3131 conti-

1575 3154 1694 3213 net,
1745 3152 1888 3216 quod
1925 3155 2018 3202 aut
2051 3154 2190 3216 agris
2225 3155 2316 3202 aut
2350 3153 2535 3206 incolis
2570 3158 2626 3205 et

1573 3226 1823 3290 gregibus
1869 3229 2085 3287 noceat,
2143 3241 2316 3290 neque
2362 3230 2625 3280 extrinse-

1575 3314 1670 3352 cus
1722 3300 1860 3352 mala
1910 3303 2148 3351 veniunt.
2220 3303 2428 3352 Etenim
2470 3315 2624 3365 agros

1575 3390 1750 3439 neque
1798 3376 1992 3426 nimiae
2041 3373 2249 3439 pluviae
2285 3378 2479 3425 vexant
2524 3390 2625 3426 nec

1573 3451 1785 3500 siccitas
1827 3450 2022 3508 exurit,
2076 3445 2280 3497 incolae
2315 3461 2344 3496 a
2380 3450 2624 3511 peregri—

1574 3526 1656 3575 nis
1702 3522 1901 3574 dolosis
1944 3534 2049 3571 non
2099 3519 2400 3578 turbantur,
2456 3535 2626 3585 pecu-

1574 3598 1672 3647 des
1715 3597 1945 3659 denique
1992 3593 2144 3644 nullis
2186 3595 2439 3657 contagiis
2473 3594 2628 3645 labo·-

1574 3674 1709 3720 rant.
1781 3671 1942 3733 Igitur
1975 3681 2151 3731 neque
2193 3668 2500 3719 hominibus
2534 3683 2628 3720 ne-

1574 3758 1680 3808 que
1716 3743 1964 3807 gregibus
1998 3741 2290 3805 quidquam
2326 3741 2623 3793 timendum

1576 3820 1711 3869 est.»

1640 3892 1817 3941 57-69.
1867 3893 1979 3940 Non
2011 3890 2121 3952 huc]
2160 3891 2422 3940 «intactae
2447 3890 2625 3941 adhuc

1575 3966 1701 4015 sunt
1744 3963 1943 4015 insulae
1992 3962 2107 4013 illae
2141 3962 2333 4013 beatae
2368 3977 2399 4013 a
2434 3966 2626 4014 nauta-

1575 4052 1698 4088 rum
1761 4040 1935 4090 omnis
1996 4040 2207 4101 generis
2264 4040 2620 4099 commercio,

1576 4113 1822 4176 adeoque
1866 4112 2199 4163 innocentiae
2249 4111 2465 4176 plenae;
2526 4113 2626 4162 ita·

1576 4199 1682 4250 que
1718 4199 1819 4236 nos
1852 4198 2067 4251 quoque
2112 4185 2182 4235 ibi
2227 4187 2323 4236 tuti
2357 4187 2558 4235 erimus
2592 4197 2621 4233 a

1574 4260 1746 4320 vitiis,
1802 4273 1941 4324 quae
1976 4259 2045 4310 illi
2080 4260 2386 4322 ubicunque
2421 4258 2626 4323 ponunt
