3234 4975
1240 348 1360 399 un.
1398 350 1482 399 111.
1555 350 1611 399 c.
1652 351 1735 399 ιιι.
2533 350 2656 414 359

735 505 910 582 Quo,
957 503 1167 578 Musa,
1216 503 1480 570 tendis?
1523 503 1765 570 Desine
1808 505 2113 592 pervicax
2574 510 2655 572 70

817 624 1079 691 Referre
1124 645 1458 693 sermones
1511 624 1787 691 deorum
1831 635 1896 691 et

902 746 1129 832 Magna
1172 745 1383 811 modis
1424 755 1695 812 tenuare
1739 748 1975 834 parvis.

479 977 652 1028 Nolim
686 981 866 1028 antem
902 991 1027 1029 eum
1051 980 1201 1029 Axtio
1233 979 1302 1030 ad
1325 978 1530 1030 Vestri-
1607 981 1741 1041 «Tu,
1792 993 1958 1045 qnae,
2012 983 2071 1031 ut
2116 979 2245 1032 alias
2281 980 2423 1033 soles
2446 1020 2458 1043 ‚
2513 996 2655 1034 nunc

479 1052 610 1102 tium
660 1065 714 1116 p.
761 1052 841 1101 3⁴.
893 1052 1252 1115 distinguere:
1310 1054 1525 1115 Desino,
1602 1066 1820 1118 quoque
1851 1056 2102 1119 pervicax
2139 1067 2262 1107 esse
2294 1057 2428 1106 vis.»

475 1126 748 1188 pmn'caoe,
789 1126 1020 1190 Resm03
1058 1139 1184 1178 eum
1206 1126 1529 1180 adiectivum
1670 1129 1750 1179 72.
1787 1131 1949 1180 modis
1973 1135 2182 1181 muare
2198 1129 2391 1194 parvis]
2419 1131 2656 1194 «gravis-

479 1200 649 1262 magis
699 1199 769 1249 ad
816 1213 866 1250 v.
919 1200 1111 1264 referre
1155 1213 1321 1264 quam
1371 1201 1441 1251 ad
1472 1215 1525 1252 v.
1602 1203 1741 1253 simo
1789 1206 2105 1266 argumento
2148 1203 2494 1268 imparibus.»
2566 1206 2657 1255 To-

480 1275 645 1324 desine
675 1273 952 1326 reseratur.
1021 1275 1200 1327 Altera
1234 1274 1318 1326 illa
1362 1278 1533 1326 inter·
1601 1290 1765 1328 auare
1788 1280 1971 1329 autem
1993 1278 2222 1329 verbum
2245 1279 2355 1330 iere
2386 1279 2657 1342 poeticum

477 1349 692 1412 punctio
747 1362 938 1414 parum
995 1352 1117 1415 apte
1170 1350 1526 1413 significaret:
1604 1353 1797 1415 estpro
1810 1353 2105 1416 composito
2120 1351 2653 1415 ooetmwe,elevare.

1199 1721 1934 1781 Excunsns

1421 1852 1705 1904 Anv.32.

604 1973 771 2025 Aliter
810 1986 998 2026 rursus
1042 1975 1371 2038 Bamberger
1416 1974 1615 2039 (Philet.
1652 1976 1715 2025 11.
1751 1975 1837 2025 lv.
1876 1987 1928 2039 p.
1962 1974 2124 2036 704.),
2164 1977 2226 2024 ut
2256 1988 2322 2025 ex
2357 1977 2507 2027 novis
2541 1977 2656 2027 eius

478 2058 1002 2121 interpretationibus
1042 2059 1182 2109 hane
1221 2057 1411 2109 saltem
1450 2059 1731 2122 attingam:
1787 2055 1975 2109 «ssiam
2020 2071 2086 2109 ex
2127 2054 2298 2124 μύθῳ
2332 2061 2536 2110 Graeco
2569 2059 2657 2110 hie

477 2138 689 2203 intelligi
721 2144 935 2191 Aeneae
970 2139 1132 2193 filiam
1177 2142 1391 2204 (Ennius
1437 2140 1581 2205 apud
1628 2142 1775 2191 Serv.
1812 2141 1880 2191 ad
1913 2144 2044 2192 Aen.
2084 2143 2144 2201 6,
2181 2141 2339 2205 778.),
2384 2142 2654 2194 diversam

476 2236 506 2272 a
538 2220 733 2288 μύθου
769 2223 932 2275 Italici
965 2225 1074 2275 Rea
1107 2222 1287 2285 Silvia,
1327 2225 1616 2275 Numitoris
1652 2222 1784 2282 filim
1828 2225 1973 2288 quod
2006 2228 2188 2275 autem
2221 2228 2443 2276 vocetur
2478 2226 2655 2276 Troica

474 2308 708 2357 sacerdos
738 2320 951 2358 merum
985 2320 1107 2357 esse
1131 2307 1329 2357 Horatii
1353 2320 1592 2357 errorem
1617 2306 1720 2372 (ein
1741 2307 1915 2357 Fehler
1934 2321 1986 2357 u.
2013 2320 2053 2357 ε.
2078 2321 2145 2356 w.
2149 2307 2190 2371 ),
2228 2308 2282 2358 in
2306 2321 2471 2371 quem
2494 2307 2652 2372 quili-

474 2390 569 2441 bet
606 2391 911 2441 Latinorum
949 2393 1230 2454 poetarum
1271 2403 1444 2454 aeque
1491 2388 1642 2440 facile
1678 2389 1913 2441 incidere
1947 2392 2261 2454 potuisset.»
2334 2391 2427 2454 (De
2461 2390 2654 2442 discri-

474 2474 618 2525 mine
653 2476 792 2525 inter
822 2472 971 2525 Iliam
1006 2474 1061 2524 et
1091 2475 1258 2525 Ream
1295 2471 1508 2524 Silviam
1542 2474 1874 2536 acutissime,
1924 2475 1983 2524 ut
2014 2472 2245 2534 solebat,
2295 2474 2403 2537 egit
2435 2476 2653 2526 Perizo-

475 2560 593 2608 nius
626 2560 680 2609 in
711 2556 956 2623 Epistolis
988 2557 1056 2608 ad
1079 2557 1338 2619 Ryckium
1362 2555 1562 2607 Aelian.
1593 2558 1656 2607 V.
1683 2558 1746 2607 H.
1775 2558 1832 2618 7,
1870 2556 1971 2619 46.)
2005 2557 2207 2607 Verum
2229 2556 2364 2607 haec
2385 2558 2653 2623 interpre-

474 2642 598 2692 tatio
631 2654 853 2705 prorsus
885 2640 1140 2691 abhorret
1170 2654 1202 2690 a
1234 2642 1342 2690 tota
1366 2641 1564 2691 Horatii
1598 2638 1801 2700 indole,
1839 2641 2007 2703 quiin
2029 2640 2195 2690 rebus
2216 2638 2409 2690 Italicis
2432 2652 2649 2704 semper

473 2727 690 2775 secutus
726 2727 808 2775 est
837 2719 1066 2789 μύθους
1105 2721 1390 2788 populares
1423 2726 1482 2773 ut
1516 2724 1583 2773 de
1619 2723 1735 2782 Ilia,
1787 2725 2021 2775 Romana
2050 2722 2147 2772 Od.
2194 2723 2252 2784 3,
2302 2723 2358 2782 9,
2410 2723 2481 2782 8.,
2528 2723 2652 2774 Iliae

472 2808 813 2869 Mavortisque
847 2820 1010 2869 puero
1041 2807 1136 2857 Od.
1175 2805 1232 2867 4,
1276 2807 1333 2862 8.
1382 2808 1486 2865 22„
1531 2807 1600 2858 de
1635 2805 1724 2857 llia
1759 2806 1964 2857 Tiberis
1996 2818 2164 2857 uxore
2199 2805 2296 2856 Od.
2336 2806 2390 2867 4,
2439 2806 2501 2866 2,
2541 2808 2645 2867 ⁴7„

473 2904 505 2940 a
537 2889 825 2943 reconditis
859 2892 1020 2956 atque
1052 2888 1307 2942 obsoletis
1341 2903 1558 2955 semper
1589 2889 1861 2941 abstinuit.

1336 3491 1771 3514 Η
