3234 4975
642 344 766 409 314

1409 349 1665 399 HORATII
1702 349 2037 403 CARMINUM

982 503 1155 569 Deos
1200 503 1452 570 lacesso
1497 523 1621 570 nec
1661 513 1988 590 potentem
2031 506 2309 573 amicum
2381 516 2387 523 '

894 660 1201 747 Largiora
1245 659 1460 747 flagito
1485 712 1499 736 ,

978 781 1145 847 Satis
1189 781 1421 849 beatus
1463 780 1674 847 unicis
1717 782 1990 851 Sabinis.

896 903 1198 970 Truditur
1240 903 1383 970 dies
1427 904 1534 971 die
1555 955 1570 980 ‚

2723 906 2804 971 ³15

974 1027 1326 1113 Novaeque
1371 1034 1651 1113 pergunt
1690 1024 1952 1092 interire
1995 1024 2205 1092 lunae.

889 1184 980 1248 Tu
1025 1181 1306 1249 secanda
1349 1202 1673 1248 marmora

975 1304 1183 1370 Locas
1228 1302 1350 1369 sub
1396 1303 1609 1390 ipsum
1652 1302 1843 1368 funus
1887 1312 1951 1368 et
1993 1300 2274 1389 sepulcri

891 1426 1233 1490 Immemor
1277 1423 1471 1490 struis
1518 1423 1750 1490 domos

635 1677 728 1726 ubi
761 1677 1087 1726 invidentibus
1119 1676 1422 1739 opponitur.
1469 1676 1682 1727 Minime

634 1765 763 1801 vero
808 1751 1090 1813 significat,
1143 1751 1204 1799 ut
1247 1748 1332 1800 alii
1365 1748 1679 1801 voluerunt:

637 1823 839 1885 «Multi,
902 1825 993 1886 qui
1041 1822 1198 1874 bonis
1247 1823 1358 1874 suis
1408 1837 1683 1887 nunquam

634 1898 871 1948 contenti
906 1899 1059 1959 sunt,
1101 1897 1170 1947 ad
1203 1910 1292 1947 me
1327 1897 1500 1949 solent
1529 1899 1685 1949 veni-

635 1984 728 2032 re,
767 1974 827 2022 ut
856 1984 1042 2022 veram
1075 1972 1286 2022 vivendi
1320 1975 1494 2023 artem
1527 1986 1558 2023 a
1594 1986 1681 2023 me

634 2045 997 2097 condiscant.»

700 2121 779 2170 42.
832 2121 964 2170 Deos
1005 2120 1206 2184 lacesso]
1255 2121 1318 2172 Ut
1356 2120 1579 2184 fatigare
1628 2122 1683 2169 et

633 2194 905 2244 obtundere
920 2193 1151 2256 precibus
1172 2193 1371 2255 dicunt,
1409 2195 1487 2244 sic
1521 2195 1680 2245 etiam

633 2268 871 2318 lacessere
902 2268 1185 2331 significat,
1236 2268 1422 2318 «enixe
1471 2270 1683 2333 precari

634 2341 795 2402 deos,
849 2341 1022 2392 donec
1056 2355 1155 2392 nos
1189 2342 1524 2392 exaudiant.»
1581 2344 1684 2392 No-

631 2414 723 2467 lim
754 2416 898 2466 enim
919 2429 1044 2466 cum
1075 2414 1365 2465 Forcellino
1388 2413 1676 2479 explicare:

635 2491 798 2542 «deos
832 2491 902 2541 ad
937 2491 1072 2543 iram
1106 2503 1395 2555 provoco.»
1426 2518 1481 2527 -
1507 2495 1683 2552 poten-

630 2571 729 2617 tem
762 2566 1006 2630 amicum]
1046 2563 1336 2627 «aliquem,
1383 2567 1443 2614 ut
1483 2564 1682 2615 faciunt

631 2638 833 2690 multi.»
869 2638 1139 2690 Generalis
1175 2639 1304 2690 mihi
1327 2638 1539 2690 videtur
1560 2651 1684 2690 sen-

631 2713 824 2774 tentia,
861 2727 968 2763 non
1001 2714 1069 2764 de
1104 2713 1217 2765 solo
1251 2715 1561 2765 Maecenate
1585 2726 1682 2763 ac-

629 2787 898 2852 cipienda3
937 2788 1247 2850 neutiquam
1268 2788 1430 2846 enim,
1468 2788 1676 2851 opinor,

628 2863 771 2912 hunc
794 2862 972 2924 ipsum
994 2866 1247 2924 potentem
1278 2864 1552 2923 vocasset,
1587 2862 1679 2925 qui

627 2936 922 2999 potentiam
949 2947 1104 2985 suam
1133 2947 1298 2999 quam
1318 2937 1549 2986 maxime
1584 2949 1680 2986 oc-

628 3008 829 3060 cultare
864 3008 1130 3059 studebat.

696 3081 775 3134 44.
813 3082 1027 3146 Sabinis]
1065 3096 1204 3146 quae
1238 3082 1458 3146 praedia
1484 3097 1516 3134 a
1538 3085 1680 3135 Mae-

629 3160 819 3208 cenate
842 3156 983 3207 dono
1006 3160 1292 3222 acceperat
1312 3172 1360 3209 a.
1387 3171 1441 3209 u.
1468 3171 1515 3210 c.
1537 3159 1674 3221 723„

626 3229 713 3283 vel
766 3231 871 3282 iam
919 3231 1066 3293 720„
1143 3233 1203 3282 ut
1251 3232 1677 3285 demonstratum

627 3308 721 3357 ivit
765 3304 1053 3356 Grotesend
1097 3306 1186 3356 Rh.
1221 3307 1353 3358 Mus.
1389 3308 1454 3357 N.
1491 3309 1547 3359 F'.
1586 3310 1671 3359 111.

624 3393 678 3445 p.
729 3379 845 3431 47⁴.
916 3381 1153 3430 Primum
1199 3384 1532 3432 memoratur
1563 3383 1670 3434 Sat.

624 3455 656 3504 2
673 3492 686 3516 ,
712 3453 770 3515 3,
798 3454 879 3504 40.
938 3455 1053 3504 Non
1076 3452 1497 3506 obliviscendum
1518 3454 1674 3519 longe

624 3529 845 3580 minoris
868 3529 1178 3580 aestimatos
1202 3542 1325 3581 esse
1363 3529 1553 3581 fundos
1576 3532 1675 3581 Sa-

622 3602 780 3655 binos
829 3616 994 3667 quam
1027 3604 1300 3666 Tiburtes,
1347 3603 1673 3655 Tusculanos

623 3680 725 3728 cet.
763 3677 950 3730 Catull.
992 3676 1084 3740 44,
1129 3679 1188 3728 4ε
1252 3679 1293 3729 Ο
1322 3679 1478 3742 stende
1507 3684 1675 3730 noster

620 3765 709 3803 seu
744 3752 929 3803 Sabine
963 3766 1051 3803 seu
1092 3752 1293 3803 Tiburs:
1342 3754 1675 3804 Nmteem

625 3826 871 3877 Tiburtem
911 3832 1208 3889 autunum,
1254 3827 1431 3889 mnibus
1463 3841 1565 3878 non
1602 3832 1675 3877 est

621 3901 772 3953 Cordi
820 3900 1075 3952 Catullum
1120 3902 1344 3962 caeder&
1399 3907 1456 3952 at
1497 3902 1675 3964 quim

620 3976 763 4028 cordi
810 3981 907 4038 est,
954 3977 1140 4039 Quouis
1187 3977 1433 4028 Sabinm
1459 3977 1673 4042 pignore

620 4063 721 4101 esse
751 4052 1068 4101 coniunctast.

687 4125 766 4175 45.
794 4125 875 4174 46.
900 4125 1139 4176 Truditur
1154 4126 1281 4190 cet.]
1299 4127 1352 4176 in
1369 4138 1528 4190 prosa
1545 4136 1671 4176 ora-

619 4199 795 4250 tione:
837 4198 985 4251 «dies
1020 4200 1164 4252 diem
1198 4199 1443 4252 celeriter
1476 4200 1672 4264 exeipit

1755 1675 2065 1738 mensisque
2111 1686 2372 1725 mensem.
2442 1675 2620 1725 Lunae
2671 1688 2805 1726 con-

1755 1750 1901 1801 tinua
1934 1748 2296 1800 vicissitudine
2330 1751 2581 1800 crescunt
2613 1752 2669 1800 et
2705 1749 2806 1800 de-

1755 1824 2055 1874 crescunt.»
2122 1821 2433 1873 Ammianus
2483 1823 2536 1873 in
2591 1822 2799 1874 Anthol.

1756 1895 1863 1949 Pal.
1901 1898 1962 1947 11.
1999 1909 2121 1961 pag.
2159 1895 2283 1947 322.
2351 1890 2496 1959 Ἠώς
2545 1893 2609 1961 ἐξ
2658 1890 2804 1962 ἧοῦς

1745 1971 2195 2058 παραπέμπεται
2208 2005 2224 2033 ,
2271 1965 2397 2032 εἶτ’,
2432 1964 2803 2036 ἀμελούντων

1745 2040 1976 2110 Ἡμῶν,
2045 2041 2329 2110 ἐξαίφνης
2387 2037 2514 2110 ἥξει
2574 2040 2610 2096 ὁ
2659 2061 2804 2118 πορ-

1753 2119 1990 2191 φόρεος.

1820 2196 1901 2245 47.
1943 2195 2027 2258 Pu]
2064 2195 2260 2244 Senem
2294 2192 2525 2257 aliquem
2560 2194 2798 2256 divitem,

1753 2282 1916 2332 quem
1967 2266 2070 2318 sibi
2120 2267 2335 2319 obviam
2380 2268 2580 2319 factum
2623 2269 2797 2332 fingit,

1753 2356 1878 2394 cum
1912 2342 2269 2405 indignatione
2294 2340 2594 2405 alloquitur,
2632 2343 2798 2407 figura

1753 2418 1915 2467 etiam
1948 2416 2249 2467 oratoribus
2282 2418 2490 2468 usitata.
2539 2418 2649 2469 Cic.
2677 2419 2801 2468 Phi-

1752 2490 1878 2556 lipp.
1940 2490 2036 2553 ⁴4,
2095 2491 2161 2541 7:
2232 2493 2328 2553 Tu,
2386 2492 2430 2541 si
2486 2506 2577 2556 eqo
2630 2494 2692 2543 de
2742 2507 2802 2544 re

1744 2567 1949 2629 publica
1981 2565 2164 2629 optime
2193 2567 2434 2628 sentiam,
2486 2571 2545 2617 ut
2574 2580 2655 2617 me
2682 2569 2800 2617 vin-

1750 2654 1869 2702 eas,
1921 2640 2027 2703 ipse
2067 2641 2280 2703 pessime
2326 2639 2551 2690 senties?
2585 2668 2641 2678 -
2692 2642 2798 2692 «Tu

1751 2716 1912 2764 morti
1961 2715 2071 2764 iam
2118 2715 2324 2765 vicinus
2372 2713 2534 2776 ῑοοαε,
2592 2714 2647 2765 id
2679 2717 2795 2776 est,

1752 2802 1876 2838 cum
1934 2788 2275 2852 redemptore
2342 2786 2518 2851 aliquo
2582 2790 2798 2852 pactum

1751 2864 1879 2924 inis,
1933 2863 2024 2926 qui
2069 2861 2305 2914 secanda
2345 2874 2613 2913 marmora
2647 2865 2799 2913 curet

1751 2948 1850 2986 suo
1899 2935 2189 3001 periculo.»
2272 2935 2553 2986 Secabaw
2615 2939 2796 2988 autem

1752 3023 1992 3060 marmor
2029 3010 2083 3060 in
2116 3008 2328 3060 tabulas
2361 3010 2432 3060 ad
2462 3010 2798 3074 pavimento-

1750 3098 1873 3136 rum
1922 3097 2084 3135 usum
2132 3087 2189 3136 et
2236 3083 2306 3134 ad
2352 3085 2584 3148 parietes
2618 3087 2795 3136 crusta

1749 3160 2033 3210 marmoris
2069 3159 2407 3223 operiendos.
2478 3158 2605 3210 Plin.
2641 3160 2705 3211 H.
2730 3161 2792 3210 N.

1749 3232 1847 3294 36,
1886 3233 1951 3282 6:
1991 3233 2555 3284 Pronum-marmoreos
2579 3233 2800 3295 pao-iem

1747 3306 1920 3357 habuit
1951 3319 2102 3357 scena
2131 3307 2205 3358 M.
2242 3307 2427 3357 Scauri
2458 3307 2660 3368 aedith,
2696 3319 2799 3356 non

1742 3380 1894 3446 facile
1926 3381 2147 3430 dictor-im
2178 3385 2355 3442 sectos,
2390 3394 2461 3430 an
2491 3381 2660 3431 solidis
2688 3380 2797 3444 ale-

1746 3455 1820 3506 bis
1843 3454 2049 3518 positos.
2090 3479 2120 3490 -
2153 3481 2185 3493 -
2216 3456 2454 3506 Nondum
2500 3456 2633 3506 enim
2678 3456 2796 3506 secti

1743 3529 2016 3581 memoris
2032 3528 2246 3593 vestime
2265 3529 2497 3579 inItalia.
2535 3529 2634 3580 Sed
2653 3529 2793 3592 quis-

1745 3605 1856 3666 quis
1897 3604 2127 3666 primum
2176 3604 2364 3654 invenit
2414 3616 2586 3654 secare
2636 3603 2793 3654 limu-

1740 3679 1975 3741 nmque
2007 3677 2253 3738 dwidere,
2303 3677 2580 3739 importimi
2608 3678 2797 3742 inuenio

1740 3753 1856 3817 ficit.
1909 3752 2170 3803 Nimirum
2207 3763 2373 3801 unam
2404 3751 2681 3802 dumtaxat
2708 3753 2794 3803 to-

1743 3828 1846 3878 tius
1864 3826 2247 3877 aedificationis
2263 3826 2476 3889 partem
2491 3826 2658 3876 verbo
2675 3839 2797 3890 pro-

1740 3903 1858 3967 prio
1915 3901 2188 3953 denotavit
2207 3938 2219 3962 ,
2284 3903 2567 3964 poetarum
2611 3913 2762 3952 more
2778 3940 2790 3963 ,

1742 3989 1917 4041 neque
1975 3975 2142 4026 debet
2194 3973 2445 4038 explicari
2515 3975 2793 4026 «excidere

1741 4049 2018 4103 columnas
2088 4049 2174 4101 vel
2250 4047 2445 4102 solidas
2511 4051 2794 4101 marmoris

1740 4125 1985 4189 glebas.»

1810 4199 2010 4251 20-22.
2065 4199 2231 4288 1Ιξαίὶε]
2278 4198 2537 4264 oppidum
2571 4199 2798 4261 Campa·
