3234 4975
661 378 740 444 ⁴2
1425 379 1683 428 nomm
1720 377 2054 430 CAflmNuM

659 547 801 606 cuia,
850 549 1012 598 immo
1055 547 1411 597 abiectissima
1453 544 1638 596 suisset
1670 544 1926 602 adulatio,
1974 544 2019 594 si
2064 555 2189 592 eum
2225 543 2467 592 Horatius
2501 556 2812 605 magnorum

656 634 936 695 poetarum
979 643 1200 680 numero
1242 628 1377 679 ultro
1421 631 1777 692 aggregasset.
1848 630 2031 690 Neque
2074 625 2197 676 alibi
2233 627 2501 687 Horatius,
2552 626 2808 690 Virgilius,

657 715 957 778 Propertius
992 713 1286 763 carminum
1318 713 1526 777 patroni
1559 713 1640 762 sui
1674 712 2001 762 mentionem
2037 710 2291 759 fecerunt.
2352 711 2521 759 Immo
2554 711 2666 760 eius
2690 724 2813 760 ora-

658 798 852 848 tionem
889 799 1202 858 discinctavn,
1239 797 1478 858 solutam,
1527 797 1853 860 diffluevaem,
1889 794 2189 854 involutant,
2226 797 2478 842 errantem
2512 798 2558 842 et
2588 793 2814 843 licentiae

652 883 854 943 plenam
886 883 1033 931 notat
1065 883 1266 930 Seneca
1300 881 1460 944 Epist.
1501 879 1614 930 ⁴⁴4.
1653 880 1763 929 Nec
1797 879 1924 929 satis
1958 879 2103 926 recte
2138 877 2392 939 Doering:
2442 877 2532 925 «Si
2567 878 2811 928 Horatius

655 979 706 1013 v.
745 966 827 1014 ΞΘ.
865 963 934 1013 ad
966 966 1328 1016 Maecenatem
1364 965 1674 1014 convertere
1695 960 1950 1012 voluisset
1980 961 2291 1021 orationem,
2329 960 2463 1010 haec
2497 960 2607 1010 sere
2643 961 2692 1009 ei
2717 974 2812 1009 ex—

653 1049 932 1112 primenda
968 1048 1148 1098 suisset
1181 1047 1466 1097 sententia:
1529 1047 1640 1095 «Te
1675 1046 1818 1094 iuvat
1859 1058 2039 1094 rerum
2074 1042 2408 1108 publicarum
2442 1057 2561 1094 esse
2597 1047 2809 1094 curato-

653 1145 770 1181 rem
806 1133 861 1180 et
892 1131 1320 1190 administrum3n
1358 1142 1482 1179 nam
1515 1130 1782 1193 potentiae
1814 1129 2032 1177 studium
2064 1126 2148 1178 ille
2182 1126 2368 1177 callide
2404 1126 2670 1186 occulens,
2707 1128 2808 1177 ho-

653 1214 871 1264 noribus
907 1212 1143 1262 civilibus
1177 1227 1394 1278 semper
1426 1212 1694 1262 abstinuit.
1746 1240 1801 1248 -
1846 1211 2174 1262 Eiehstadius
2215 1212 2268 1261 in
2303 1212 2488 1261 Parad.
2529 1211 2590 1261 H.
2629 1211 2711 1260 IV.
2751 1224 2802 1275 p.

654 1297 733 1347 ⁴3.
772 1311 837 1347 ao
871 1295 1235 1347 Grotet'endius
1270 1297 1321 1347 in
1355 1298 1544 1346 Athen.
1584 1296 1632 1346 3.
1672 1309 1724 1360 p.
1761 1295 1844 1346 86.
1880 1308 1932 1345 v.
1971 1295 2051 1345 35.
2124 1296 2308 1357 Quodsi
2341 1296 2442 1344 cet.
2482 1292 2686 1354 deleto,
2725 1297 2808 1344 to-

655 1384 769 1431 tum
812 1380 986 1431 iocum
1028 1382 1104 1432 sic
1148 1381 1556 1430 constituerunt:
1600 1381 1783 1430 Me--
1806 1383 2063 1428 secernunt
2096 1378 2298 1440 populo.
2377 1377 2435 1426 Si
2474 1390 2629 1439 neque
2662 1377 2809 1426 tibias

652 1465 869 1527 Euterpe
900 1464 1085 1514 cohibet
1114 1479 1205 1514 nec
1233 1464 1557 1526 Polyhymnia
1588 1463 1825 1513 Lesboum
1857 1462 2042 1525 refugit
2079 1463 2274 1512 tendere
2306 1462 2559 1520 barbiton,
2597 1461 2806 1510 Sublimi

648 1549 832 1611 feriam
879 1550 1047 1598 sidera
1091 1550 1289 1598 vertice.
1359 1548 1465 1597 Sed
1514 1561 1565 1597 v.
1612 1547 1693 1597 35.
1741 1545 1821 1596 vel
1864 1547 2084 1610 propter
2125 1546 2278 1595 metri
2319 1547 2576 1596 rationem
2611 1559 2642 1595 a
2675 1546 2806 1596 Mei-

652 1633 806 1682 nekio
861 1634 1006 1682 recte
1057 1632 1338 1682 indicatam
1393 1631 1585 1683 abesse
1633 1644 1736 1681 non
1779 1632 1977 1694 potest,
2023 1632 2080 1678 ut
2124 1631 2422 1688 taceamuS,
2470 1630 2546 1679 sic
2580 1630 2804 1692 gratuito

652 1717 886 1765 amoveri
918 1717 1261 1780 praecipuam
1296 1717 1453 1766 totius
1487 1715 1737 1765 carminis
1770 1714 2112 1774 sententiam,
2151 1727 2289 1776 quae
2325 1715 2429 1763 est:
2487 1713 2595 1762 «Te
2632 1712 2802 1762 iudice

650 1797 827 1861 lyricis
868 1801 1064 1863 poetiS,
1110 1798 1293 1863 quales
1336 1799 1548 1850 fuerunt
1582 1811 1778 1848 novem
1814 1797 1881 1848 iili
1917 1800 2264 1857 Graecorum,
2310 1796 2644 1845 annumerari
2681 1798 2800 1845 ante

651 1895 828 1932 omnia
863 1896 1081 1947 cupio.»
