3234 4975
1259 399 1375 449 LlB.
1420 399 1480 448 11.
1553 400 1609 447 C.
1647 399 1753 449 XX.

2503 394 2628 458 329

718 554 993 640 Sanguis
1036 563 1405 641 parentum,
1454 573 1578 619 non
1627 573 1788 638 ego,
1839 573 2035 640 quem
2082 574 2304 627 vocaS,

794 673 1039 741 Dilecte
1086 676 1464 749 Maecenas,
1512 673 1709 740 obibo

879 797 1011 862 Nec
1056 796 1279 882 Stygia
1321 793 1675 861 cohibebor
1720 794 1911 861 unda.

713 956 846 1020 Iam
891 955 1018 1020 iam
1062 954 1355 1021 residunt
1398 952 1696 1020 cruribus
1740 974 2013 1040 asperae

716 1074 956 1151 Penes,
1006 1086 1070 1141 et
1113 1074 1330 1141 album
1378 1086 1590 1140 mutor
1633 1075 1696 1140 in
1741 1074 1956 1141 alitem

523 1349 570 1398 6.
626 1349 674 1396 7.
730 1360 876 1408 quem
907 1360 1087 1407 vocas,
1139 1348 1330 1397 Dilecta
1361 1349 1506 1397 Mae-

458 1422 630 1486 cenas]
684 1435 829 1482 quem
880 1421 1142 1484 (quamvis
1193 1420 1502 1485 pauperem)

457 1510 605 1546 vocas
652 1494 976 1546 simillimum
1026 1495 1162 1545 illius
1209 1498 1315 1545 est:
1370 1508 1507 1557 pau-

450 1584 720 1634 peremque
768 1571 902 1620 dives
946 1583 1027 1620 me
1085 1571 1212 1632 petit
1277 1569 1389 1634 (Od.
1444 1571 1502 1631 2,

460 1645 552 1704 ⁴8,
591 1645 688 1707 ⁴0).
743 1646 1033 1707 Utrumque
1070 1645 1213 1694 enim
1248 1644 1507 1706 significat

457 1716 683 1770 liberum
708 1719 808 1770 sibi
832 1719 899 1768 ad
917 1721 1280 1770 Maecenatem
1303 1718 1507 1768 aditum

459 1795 672 1857 patere,
732 1806 900 1856 seque
952 1794 1022 1842 ab
1073 1807 1139 1844 eo
1190 1795 1302 1843 veri
1348 1793 1504 1842 amici

459 1865 577 1916 loco
612 1867 800 1917 haberi
836 1870 891 1918 et
924 1868 1133 1918 sincere
1168 1867 1340 1931 diligi;
1379 1880 1506 1917 neu-

460 1942 661 2004 tiquam
685 1954 811 1991 vero
834 1941 937 1993 hoc
963 1944 1192 2004 tantum,
1229 1956 1289 1992 se
1326 1942 1393 1991 ab
1419 1940 1504 1991 illo

461 2013 652 2064 crebro
703 2015 770 2064 ad
823 2029 1018 2066 coenas
1068 2017 1308 2077 invitari,
1365 2028 1504 2078 quae

459 2091 721 2140 sententia
756 2104 886 2140 sane
921 2091 1153 2154 parasito
1188 2103 1350 2153 quam
1371 2095 1506 2154 poe-

460 2166 514 2213 ta
550 2164 756 2227 dignior
805 2165 965 2222 foret;
1018 2177 1346 2228 quamquam
1397 2179 1505 2214 κα-

460 2236 577 2288 λεῖν
630 2242 684 2288 et
730 2252 912 2287 vocare
971 2239 1073 2289 hac
1125 2239 1504 2301 significatione

459 2311 702 2363 absolute
738 2312 1005 2363 interdum
1042 2316 1351 2375 usurpatur,
1390 2315 1448 2362 ut
1474 2326 1505 2361 a

461 2387 764 2450 Theognide
816 2388 973 2437 ⁴203:
1044 2381 1163 2437 Οὐκ
1215 2382 1324 2450 εἶμ’
1384 2380 1504 2437 οὐδ’

462 2454 555 2512 ὑπ’
590 2458 737 2525 ἐμοῦ
771 2457 1110 2527 κεκλήσεται
1132 2489 1157 2499 -
1179 2489 1199 2502 -
1228 2457 1504 2531 τύραννος

459 2530 636 2607 ἁνήρ,
674 2539 729 2586 et
750 2551 782 2587 a
807 2538 915 2586 Cic.
941 2538 1093 2586 Verr.
1120 2538 1313 2587 Aecus.
1340 2537 1399 2598 3,
1437 2536 1468 2587 4
1491 2552 1501 2585 :

456 2612 536 2661 hic
568 2624 683 2661 cam
709 2612 843 2660 venit
879 2611 947 2674 (in
979 2610 1202 2661 domum
1233 2610 1503 2674 aliquam),

457 2692 609 2736 entra
640 2685 865 2735 ordinem
894 2689 1132 2745 vocatur,
1185 2684 1240 2734 id
1279 2687 1386 2745 est,
1423 2686 1508 2735 in·-

456 2762 668 2810 vitatur.
724 2757 1132 2822 (Dilleuburger,
1172 2760 1261 2823 qui
1297 2758 1364 2808 de
1397 2760 1506 2808 toto

458 2835 563 2885 hoc
613 2833 732 2883 loco
784 2831 1142 2884 consulendus
1178 2836 1284 2894 est,
1345 2833 1508 2883 refert

460 2909 528 2959 ad
581 2910 686 2959 Sat.
744 2909 802 2968 l,
859 2908 918 2969 6,
974 2909 1065 2957 6⁴:
1129 2907 1251 2972 (me)
1300 2920 1508 2957 revocas

463 2998 595 3033 nono
636 2988 751 3046 post
799 2996 964 3033 mense
1009 2982 1239 3043 iubesque
1284 2983 1406 3033 Esse
1451 2983 1507 3032 in

458 3058 736 3108 amicorum
767 3071 1009 3116 numen-m
1056 3057 1155 3107 sed
1188 3055 1274 3107 illo
1309 3069 1507 3107 secun-

460 3133 558 3182 dae
594 3132 931 3183 admissionis
967 3134 1209 3196 tempore
1244 3133 1348 3183 hoc
1392 3145 1509 3182 car-

461 3219 584 3256 men
631 3208 878 3271 componi
923 3219 1027 3256 non
1079 3208 1285 3271 potuit.)
1370 3208 1504 3257 Dein

457 3295 541 3329 vv.
593 3281 782 3331 Dilecta
836 3282 1102 3331 Maecenas
1163 3295 1385 3346 prorsus
1447 3286 1507 3334 ut

458 3354 553 3404 Od.
596 3355 654 3413 l,
691 3355 785 3412 20,
824 3355 880 3403 5:
937 3356 1066 3404 Care
1098 3357 1388 3417 Maecenas,
1439 3370 1503 3407 ac

460 3427 702 3479 similiter
733 3426 899 3491 Epod.
939 3428 999 3486 3,
1037 3429 1126 3477 20:
1163 3432 1327 3480 Iocose
1358 3432 1505 3480 Mae-

458 3516 625 3562 cenas,
663 3501 829 3564 Epod.
875 3499 955 3559 44,
998 3503 1055 3549 5:
1106 3503 1324 3554 Candide
1359 3506 1506 3554 Mae-

459 3590 633 3637 cenas,
684 3574 896 3638 (quibus
929 3574 1178 3626 omuibus
1211 3591 1369 3628 nemo
1406 3580 1504 3630 nisi

460 3649 594 3701 illius
630 3650 966 3700 necessarius
1016 3649 1381 3713 perfamiliaris
1432 3654 1508 3703 uti

457 3724 705 3789 poterat‚)
731 3726 976 3774 mutuum
1001 3724 1261 3773 amicitiae
1285 3738 1507 3777 sensum

460 3802 514 3849 et
562 3813 691 3849 vere
743 3802 798 3849 et
842 3797 1155 3863 simpliciter
1187 3800 1504 3861 exprimunt.

456 3875 584 3925 Petis
634 3876 842 3934 autem,
905 3875 964 3922 ut
1005 3870 1039 3921 1.
1090 3871 1159 3932 l.,
1214 3873 1298 3921 hic
1351 3873 1507 3923 nimis

460 3947 802 3999 ambitiosum
867 3961 931 3998 ac
994 3959 1162 4010 prope
1213 3945 1508 4010 superbum

461 4023 672 4083 fuisset,
706 4036 872 4087 quare
897 4023 1192 4072 modestius
1216 4021 1342 4071 dicit
1361 4034 1511 4070 vocas

460 4100 519 4147 ut
552 4099 657 4147 Sat.
697 4099 754 4156 2,
793 4096 849 4156 3,
887 4098 1013 4146 262:
1061 4098 1164 4146 Nec
1197 4110 1358 4156 nunc,
1395 4107 1510 4144 omn

458 4185 535 4220 me
567 4177 713 4222 vocat
745 4173 904 4232 zucra,
939 4173 1184 4222 Accedam
1201 4171 1229 4220 P
1283 4173 1507 4222 Prorsus

458 4248 637 4297 autem
684 4247 894 4309 indigna
939 4245 1025 4297 tali
1060 4247 1358 4297 amicorum
1391 4247 1507 4309 pari

2549 1077 2629 1141 40

1580 1351 1661 1397 est
1672 1345 2046 1397 nonnullorum
2064 1348 2453 1413 interpretatio:
2483 1351 2629 1401 «Non

1580 1433 1681 1483 ego
1715 1422 1778 1470 ut
1808 1420 1974 1470 homo
2008 1420 2262 1484 volgaris,
2324 1421 2538 1486 qualem
2572 1427 2629 1474 tu

1580 1507 1668 1543 me
1705 1507 1846 1544 nunc
1881 1493 2143 1558 appellaS,
2199 1493 2390 1546 dilecte
2426 1499 2631 1548 Maece-

1580 1581 1705 1630 nas,
1767 1573 1821 1619 et
1871 1568 2041 1633 qualis
2095 1570 2186 1621 tibi
2240 1584 2360 1622 esse
2412 1572 2625 1629 videor,

1580 1645 1736 1694 morti
1761 1657 1854 1694 ero
1878 1644 2171 1696 obnoxius»
2192 1660 2203 1703 ;
2242 1647 2478 1709 itemque
2496 1645 2624 1696 alia:

1581 1731 1775 1781 «quern
1833 1722 1890 1769 tu
1947 1720 2065 1768 ioco
2134 1719 2325 1770 saltem
2398 1719 2628 1770 libertini

1578 1790 1745 1843 filium
1766 1806 1962 1844 vocare
1986 1793 2180 1844 soles.»
2218 1794 2485 1844 Violenter
2510 1807 2630 1843 rur-

1577 1880 1670 1918 sus
1704 1869 1759 1918 et
1792 1870 1977 1919 contra
2001 1868 2165 1931 ipsius
2189 1870 2345 1919 metri
2369 1870 2629 1920 rationem

1576 1940 1662 1991 alii
1699 1955 1823 1992 cum
1859 1940 2164 1994 Scholiastis
2198 1943 2501 1994 distrahunt
2534 1958 2625 1993 vv.

1576 2017 1690 2066 sic:
1727 2030 1873 2079 quem
1903 2030 2056 2067 vocas
2085 2018 2303 2079 Dilecto,
2340 2020 2622 2078 Maecenas,

1579 2090 1632 2140 id
1667 2094 1766 2152 est,
1802 2094 1862 2142 ut
1896 2092 2259 2142 contendunt:
2300 2105 2496 2155 «quem
2544 2095 2626 2151 tu,

1578 2166 1886 2226 Maecenas,
1926 2164 2068 2216 soles
2102 2164 2390 2229 appellare,
2428 2166 2628 2217 Dilecte

1579 2240 1822 2298 Horati,»
1858 2239 1978 2289 vel:
2030 2252 2225 2302 «quem
2260 2242 2316 2289 tu
2350 2253 2511 2292 vocas
2546 2240 2629 2290 di-

1577 2311 1838 2372 lectum,»
1874 2312 1944 2362 ad
1979 2325 2142 2377 quam
2177 2316 2631 2364 constructionem

1579 2386 1974 2437 defendendam
2008 2387 2131 2437 inde
2166 2387 2236 2437 ab
2259 2389 2517 2439 Ascensio
2540 2388 2631 2438 ad-

1577 2463 1771 2512 vocant
1803 2462 1978 2512 Lucae
2002 2463 2051 2522 6,
2078 2461 2172 2513 46:
2219 2461 2286 2513 Τί
2305 2476 2382 2527 με
2406 2460 2629 2514 καλεῖτε

1578 2531 1776 2606 antipam
1818 2538 2100 2600 praeterea
2133 2536 2283 2587 Ovid.
2321 2538 2439 2587 Am.
2476 2538 2535 2598 4,
2577 2539 2626 2596 7,

1581 2610 1672 2659 ⁴9:
1712 2610 1834 2672 Quis
1862 2610 1987 2659 mihi
2017 2623 2118 2659 non
2141 2611 2361 2672 dmm,
2399 2612 2511 2672 quis
2532 2626 2632 2661 non

1576 2685 1700 2733 mihi
1732 2683 1950 2733 barbare
1980 2683 2156 2733 divit?
2185 2682 2283 2734 Alii
2306 2684 2377 2734 ad
2400 2686 2627 2736 miseras

1580 2758 1916 2808 coniecturas
1951 2757 2333 2821 confugerunt:
2372 2771 2630 2821 quemve-

1578 2838 1723 2894 σακε,
1777 2845 1825 2893 q.
1863 2838 2066 2894 nocant,
2120 2847 2169 2895 q.
2204 2833 2367 2896 foves,
2407 2847 2454 2894 q.
2491 2839 2632 2884 vetas

1580 2906 1695 2958 scil.
1734 2906 1901 2957 obire.

1644 2981 1693 3031 8.
1762 2982 2175 3045 styma-unda]
2251 2995 2389 3046 quae

1579 3057 1810 3116 animas,
1865 3056 2096 3106 reditum
2141 3058 2345 3107 vetans.
2418 3058 2629 3107 Lucceii

1578 3131 1820 3195 Epitaph.
1842 3132 1987 3181 Poet.
2009 3132 2137 3180 min.
2158 3130 2407 3182 Wernsd.
2431 3132 2480 3191 3,
2499 3133 2625 3182 290:

1578 3207 1692 3255 Non
1734 3219 1825 3269 eqo
1868 3206 2139 3256 Tartareae
2167 3206 2442 3266 penetrabo
2475 3207 2632 3256 mstis

1578 3280 2118 3330 adundas--atris
2154 3280 2268 3329 Non
2299 3281 2632 3331 maha-locis

1576 3370 1668 3406 nec
1711 3353 1968 3404 cohibebor
2011 3355 2174 3416 aquis,
2246 3354 2394 3405 Conf.
2438 3355 2533 3405 Od.
2577 3355 2626 3414 3,

1647 3504 1696 3553 9.
1748 3501 1997 3565 residmit]
2058 3500 2242 3552 «Pellis
2293 3514 2485 3565 aspera
2536 3503 2627 3562 fin

1582 3577 1713 3628 dum
1737 3579 1879 3627 enim
1904 3589 2060 3626 crura
2083 3577 2318 3626 humana
2345 3579 2633 3626 extenuan-

1583 3655 1670 3703 tur
1702 3654 1758 3701 et
1798 3663 2131 3713 cycneorum
2176 3648 2400 3699 formam
2439 3648 2630 3700 exilem

1580 3726 1832 3785 induunt,
1893 3737 2116 3774 necesse
2169 3725 2280 3784 est,
2357 3724 2415 3772 ut
2464 3725 2626 3785 cutis,

1581 3814 1719 3863 quae
1764 3796 2012 3849 mollibus
2056 3800 2176 3848 ante
2211 3810 2275 3847 ac
2308 3796 2631 3850 succulentis

1579 3873 1821 3937 partibus
1872 3873 2085 3922 inducta
2134 3871 2331 3932 fuerat,
2385 3873 2468 3922 his
2502 3886 2631 3922 eva-

1582 3947 1928 3999 nescentibus
1960 3947 2208 4007 subsidat,
2254 3947 2468 3998 ossibus
2502 3961 2631 4011 pro-

1581 4023 1703 4086 pius
1750 4021 2128 4080 admoveatur,
2181 4034 2426 4085 quaeque
2473 4024 2629 4071 antea

1581 4094 1821 4160 pleniore
1841 4108 2067 4159 corpore
2088 4100 2307 4147 extensa
2327 4100 2459 4159 erat,
2488 4109 2630 4147 nunc

1583 4169 1954 4230 contrahatur,
2008 4170 2253 4235 adeoque
2305 4184 2522 4234 aspera,
2576 4170 2629 4219 id

1584 4246 1683 4304 est,
1710 4256 1903 4307 rugosa
1928 4245 2172 4297 evadat.»
2198 4248 2406 4299 Mirscn.
2448 4245 2629 4310 (Se-hon

2444 2982 2630 3033 cohibet
