3234 4975
1253 386 1368 435 Lm.
1408 386 1444 435 i.
1517 385 1574 434 C.
1615 386 1743 435 XXI.

2457 377 2579 445 ⁴25

1109 792 1867 855 cmm

914 925 1184 989 Dianam
1229 933 1488 990 tenerae
1532 923 1726 989 dicite
1769 922 2067 1009 virgineS‚

753 1045 1105 1121 intonsum,
1150 1045 1366 1132 pueri,
1413 1044 1605 1112 dicite
1652 1043 1995 1134 Cynthium

545 1242 671 1293 XXI.
741 1245 905 1293 Inscr.
943 1240 1079 1306 volg.
1150 1243 1207 1291 In
1240 1243 1463 1292 Dianam
1495 1247 1542 1291 et
1573 1241 1862 1304 Apollinem.
1907 1269 1960 1278 -
1996 1242 2073 1291 Ad
2103 1242 2307 1292 chortem
2338 1245 2503 1307 vir-9⁸·-

475 1332 596 1367 mum
614 1319 664 1367 S.
691 1345 743 1352 —
765 1319 957 1367 Laudes
971 1319 1039 1367 ad
1054 1318 1259 1367 chorum
1272 1319 1526 1381 viminum
1543 1318 1837 1378 capua-mn
1856 1317 2034 1379 (immo
2057 1330 2118 1366 ac
2129 1320 2418 1380 puerorum)
2444 1320 2499 1369 T.

477 1494 605 1543 XXI.
675 1494 996 1545 Exhortatur
1043 1507 1336 1558 puerorum
1391 1506 1455 1543 ac

411 1569 676 1630 virginum
718 1570 941 1621 chorum
992 1569 1061 1620 ad
1104 1568 1455 1619 celebrandos

415 1644 623 1707 riteque
690 1642 978 1707 placandos
1043 1643 1336 1708 Apollinem
1404 1646 1459 1693 et

413 1718 652 1767 Dianam.
723 1720 801 1769 De
852 1719 1224 1783 simplicissimi
1275 1723 1456 1769 autem

412 1790 569 1842 huius
604 1794 855 1844 carminis
890 1795 1231 1856 argumente,
1285 1795 1454 1844 forma

412 1877 476 1915 ac
519 1869 761 1930 tempore
804 1866 1197 1918 diversissimae
1248 1870 1459 1918 exstant

413 1940 765 2003 interpretum
789 1943 1098 1991 sententiae.
1136 1941 1455 1992 Iamdudum

412 2013 663 2077 explosae
697 2017 823 2065 sunt
842 2017 1119 2079 opiniones
1143 2016 1459 2067 Scholiasta-

411 2101 557 2149 mm,
616 2102 739 2139 esse
791 2091 1065 2153 tamquam
1119 2092 1455 2155 prooemium

412 2164 671 2214 Carminis
711 2165 992 2226 secularis,
1040 2169 1095 2215 et
1134 2165 1450 2227 Duhamelii,

411 2239 504 2300 qui
539 2239 591 2287 in
626 2252 692 2288 eo
714 2240 844 2289 vidit
866 2253 1082 2290 carmen
1105 2233 1454 2304 ἀμοιβαῖον,·

409 2311 644 2362 absurda
694 2317 836 2364 enim
887 2317 1036 2365 esset
1083 2317 1180 2366 ista
1233 2319 1455 2367 cantan-

411 2388 544 2437 tium
579 2387 825 2440 allocutio
872 2390 941 2440 ad
974 2393 1149 2441 semet
1180 2393 1326 2456 ipsos
1366 2393 1457 2441 Vos

409 2490 438 2500 -
470 2490 500 2499 -
538 2464 644 2513 Vos.
689 2465 873 2528 Neque
905 2478 1037 2516 vero
1059 2467 1303 2518 assentiri
1325 2478 1456 2530 pos-

410 2551 598 2588 sumus
649 2538 885 2591 Bentleio
941 2542 993 2590 in
1051 2542 1273 2592 Praesat.
1332 2555 1449 2606 pag.

409 2613 637 2678 penult.:
679 2616 830 2665 «Hoc
865 2629 1082 2666 carmen
1115 2619 1209 2666 aut
1239 2616 1309 2667 ad
1330 2618 1455 2667 Dia-

413 2700 511 2737 nae
554 2691 646 2737 aut
684 2689 754 2738 ad
785 2688 1040 2753 Apollinis
1083 2690 1276 2741 festum
1328 2703 1454 2754 spe-

411 2764 535 2820 ctat,
573 2775 803 2824 quorum
836 2763 961 2813 illud
990 2763 1123 2813 Ibid.
1161 2767 1315 2827 Aug„
1351 2766 1453 2814 hoc

414 2836 585 2900 pridie
621 2838 753 2887 Non.
778 2837 935 2889 Iulias
959 2852 1129 2902 usque
1151 2839 1220 2889 ad
1243 2841 1302 2890 V.
1328 2841 1453 2890 Idus

412 2909 629 2972 singulis
664 2913 815 2962 annis
850 2912 1276 2964 celebrabatur.»
1329 2915 1455 2965 Ete-

411 2985 522 3034 nim
577 2988 743 3036 totum
785 2989 1036 3038 carminis
1081 2993 1454 3051 argumentum

412 3059 633 3109 mirifice
652 3062 944 3124 respondet
959 3064 1324 3126 antiquissimo
1346 3060 1456 3114 cul-

413 3134 490 3182 tui
525 3135 786 3194 Romano,
833 3149 896 3185 ex
931 3150 1039 3199 quo
1072 3151 1120 3187 a.
1157 3151 1212 3187 u.
1251 3151 1298 3187 c.
1336 3138 1448 3187 355.

412 3207 705 3258 lectisternio
738 3213 855 3259 timo
879 3211 1105 3271 primvm
1136 3212 1189 3261 in
1219 3212 1341 3261 urbe
1359 3213 1456 3262 Ro-

410 3296 567 3332 mana
614 3284 748 3345 facto
796 3284 856 3333 X.
917 3285 1019 3334 Viri
1051 3285 1167 3335 Sac.
1209 3287 1328 3336 Fac.
1356 3300 1454 3348 per

411 3358 514 3407 dies
550 3358 660 3406 VIII
661 3395 671 3406 .
716 3358 989 3420 Apollinem
1031 3360 1373 3422 Latonamque
1408 3366 1454 3411 et

409 3433 650 3492 Dianam,
673 3433 950 3496 Herculem,
973 3436 1283 3485 Mercurium
1304 3440 1454 3496 atquo

407 3508 693 3569 Neptunum
743 3508 914 3557 stratis
976 3509 1111 3558 lectis
1164 3510 1450 3572 placavere.

411 3582 518 3631 Liv.
555 3583 606 3639 5,
644 3581 722 3630 ⁴3.
793 3583 999 3632 Nostris
1033 3585 1213 3632 autem
1250 3587 1455 3647 tempo-

412 3654 561 3706 ribus
595 3655 733 3705 duae
756 3656 1096 3719 potissimum
1120 3657 1456 3709 invaluerunt

412 3730 710 3779 sententiae
737 3766 750 3790 ,
824 3729 992 3780 altera
1058 3730 1333 3781 Kirchneri
1400 3736 1455 3783 et

409 3802 820 3863 Walckenaerii,
873 3805 1065 3855 referri
1114 3818 1333 3857 carmen
1383 3807 1453 3858 ad

410 3876 735 3929 calamitates
768 3892 890 3929 ann.
931 3879 1018 3929 73⁴
1051 3882 1105 3930 et
1124 3880 1259 3942 732„
1297 3882 1455 3931 Fran-

408 3952 478 4002 kii
511 3951 694 4012 altera,
732 3953 823 4015 qui
855 3955 926 4005 ita
967 3953 1202 4017 disputat
1232 3968 1284 4019 p.
1328 3955 1448 4005 ⁴63:

410 4026 563 4077 «Mihi
612 4028 1082 4090 persuasissimum
1128 4032 1210 4079 est
1251 4028 1453 4079 decan-

409 4103 575 4150 tatum
610 4113 734 4151 esse
777 4102 830 4152 in
871 4104 1044 4167 prima
1090 4102 1450 4154 celebratione

406 4173 656 4225 ludorum
698 4177 1033 4228 Actiacorum
1080 4179 1452 4241 quinquenna-

405 4248 534 4300 lium
565 4263 614 4300 a.
656 4263 707 4299 u.
747 4264 794 4300 c.
828 4251 942 4302 726.
981 4264 1152 4315 eoque
1188 4251 1349 4302 trahit
1368 4249 1450 4302 lo-

1529 1506 1654 1543 cum
1690 1494 1988 1544 Comment.
2028 1495 2189 1558 Cruq.
2227 1498 2317 1559 qui
2366 1499 2570 1548 temere

1530 1569 1654 1618 hinc
1699 1569 1752 1618 in
1797 1568 2003 1619 Scholia
2049 1569 2117 1619 ad
2152 1572 2380 1621 Carmen
2413 1584 2573 1622 secu-

1528 1642 1640 1693 lare
1674 1642 1887 1694 videtur
1919 1657 2041 1695 esse
2084 1644 2435 1696 translatuszn
2478 1660 2573 1698 ce·

1530 1721 1645 1767 tera
1680 1717 1801 1768 vide
1836 1718 1977 1781 apud
2013 1719 2205 1782 ipsum.
2275 1721 2407 1771 Huic
2440 1723 2574 1771 acri-

1532 1795 1613 1842 ter
1663 1792 1943 1843 oblocutus
1993 1795 2078 1844 est
2116 1794 2341 1846 Liibker.
2410 1797 2574 1859 Equi—

1530 1866 1683 1926 dem,
1730 1870 1912 1931 utpote
1954 1868 2006 1918 in
2040 1881 2100 1918 re
2139 1882 2360 1932 prorsus
2393 1872 2572 1920 incer-

1531 1944 1610 2000 ta,
1651 1940 1874 1991 definire
1898 1941 2021 1991 nihil
2045 1944 2242 2003 ausim;
2279 1943 2383 1994 hoc
2405 1958 2571 1995 unum

1529 2015 1726 2065 addam
1749 2054 1761 2073 ,
1809 2017 1863 2066 in
1896 2029 2095 2080 pompa
2128 2016 2378 2068 ludorum
2412 2018 2573 2069 solle—

1529 2090 1639 2139 mni
1672 2088 1757 2138 vel
1803 2090 1857 2140 in
1891 2089 2274 2154 supplicatione
2317 2092 2572 2143 decanta—

1530 2166 1645 2214 tum
1692 2176 1816 2213 esse
1859 2163 2138 2227 probabile
2181 2168 2310 2217 mihi
2349 2180 2454 2218 non
2488 2170 2572 2218 vi-

1530 2238 1672 2295 deri;
1710 2251 1835 2288 nam
1868 2239 1913 2288 si
1949 2240 2092 2290 hunc
2126 2241 2195 2290 ad
2230 2241 2392 2292 finem
2425 2256 2572 2293 com-

1527 2313 1765 2376 positum
1808 2316 1977 2373 esset,
2022 2315 2343 2365 concinuisset
2378 2318 2572 2367 maiore

1524 2390 1678 2449 poeta
1702 2386 1894 2448 plectro
1935 2392 1984 2437 et
2014 2387 2278 2439 Caesarem
2319 2392 2373 2440 et
2411 2390 2568 2451 deos,

1528 2474 1666 2524 quos
1716 2462 1802 2526 pie
1852 2464 2155 2514 veneratur.
2204 2465 2425 2516 Videtur
2467 2478 2571 2531 po-

1529 2540 1632 2588 tius
1700 2534 1959 2587 facultatis
2025 2540 2264 2600 poeticae
2339 2538 2569 2592 liberum

1527 2613 1866 2673 exercitium,
1922 2613 2007 2662 cui
2051 2625 2180 2663 sane
2231 2617 2569 2668 occasionem

1528 2687 1743 2737 dedisse
1810 2687 2024 2737 videtur
2094 2690 2569 2742 extraordinarium

1528 2760 1745 2824 aliquod
1777 2759 2059 2821 sollemne,
2104 2761 2250 2813 velut
2288 2762 2413 2813 illud
2446 2766 2569 2815 anni

1528 2837 1641 2887 726.
1714 2837 1926 2887 Minime
1962 2838 2142 2886 autem
2176 2836 2405 2901 probare
2440 2852 2573 2903 pos-

1526 2924 1649 2961 sum
1698 2909 1927 2960 Liibkeri
1977 2912 2307 2974 opinionem,
2356 2913 2575 2963 inchoa·

1528 2988 1642 3035 tum
1688 2986 1892 3034 tantum
1942 2987 2104 3049 atque
2148 2998 2399 3037 mancum
2446 3001 2568 3038 esse

1527 3073 1777 3118 carmem
1814 3058 2047 3109 clausula
2074 3060 2234 3120 enim,
2272 3060 2442 3124 qualis
2465 3065 2565 3123 est,

1525 3147 1789 3199 perquam
1810 3138 1932 3199 apte
1955 3133 2403 3199 simplicissimum
2424 3137 2569 3187 hunc

1527 3210 1789 3273 hymnum
1823 3209 1937 3258 finit
1967 3211 2128 3272 atque
2163 3210 2406 3273 quadrat.

1594 3284 1640 3332 4.
1677 3282 1917 3346 Dianam]
1955 3285 2045 3332 «ut
2076 3284 2220 3347 apud
2256 3285 2395 3347 Virg.
2433 3287 2563 3335 Aen.

1529 3359 1577 3419 4,
1614 3358 1736 3409 4993
1772 3359 1987 3407 Exercet
2007 3359 2182 3407 Diana
2215 3360 2407 3421 choro-3,
2440 3360 2571 3408 Dia-

1524 3446 1622 3482 nae
1675 3430 1877 3493 syllaba
1926 3432 2098 3494 prima
2146 3433 2407 3497 producta
2465 3436 2564 3492 est,

1528 3519 1651 3556 cum
1686 3506 1881 3569 corripi
1915 3504 2168 3556 debeat.»
2238 3505 2477 3556 Diomed.
2514 3508 2563 3556 2.

1527 3594 1579 3645 p.
1639 3580 1751 3631 436.
1804 3581 1861 3630 P.
1931 3580 2075 3630 llaec
2128 3579 2338 3630 licentia
2390 3579 2569 3631 locum

1528 3654 1693 3705 habet
1722 3655 1777 3704 in
1812 3653 2116 3704 nominibus
2148 3655 2397 3717 propriis.
2458 3654 2564 3705 Csr.

1526 3730 1769 3781 Iahnium
1810 3728 1880 3777 ad
1914 3728 2009 3779 od.
2048 3728 2097 3788 3,
2135 3726 2184 3789 4,
2221 3726 2270 3778 4.
2313 3755 2366 3764 -
2406 3729 2567 3793 dicite]

1527 3806 1612 3854 Sic
1653 3815 1815 3866 saepe
1861 3803 2054 3862 Latini,
2105 3800 2196 3850 ubi
2240 3804 2567 3854 recentiores

1525 3877 1733 3941 linguae
1780 3877 2060 3940 requirunt
2100 3889 2314 3938 canoro,
2364 3879 2569 3938 praedi-

1524 3965 1668 4013 care,
1713 3950 1942 4000 laiadtbus
1972 3950 2222 4000 extollere.

1590 4028 1640 4077 2.
1664 4024 1933 4088 Intonsum]
1952 4019 2372 4095 ἀκερσεκόμην.
2398 4025 2563 4089 Epod.

1527 4102 1606 4162 ⁴5,
1660 4100 1707 4150 9.
1761 4098 1945 4150 Tibull.
1996 4101 2044 4160 ⁴,
2087 4100 2135 4160 4,
2172 4101 2259 4150 37:
2309 4101 2438 4150 Solis
2485 4114 2571 4152 ao-

1525 4180 1673 4225 torna
1703 4178 1773 4225 est
1803 4173 1990 4225 Phoebo
2026 4175 2316 4238 Bacchoque
2333 4175 2565 4226 itwmta:

1523 4252 1659 4300 Nam
1691 4250 1824 4299 decet
1856 4250 2076 4300 intem
2117 4250 2272 4300 crinis
2301 4255 2568 4312 turmaque
