3234 4975
1203 415 1320 466 Lm.
1362 416 1397 465 ι.
1471 417 1528 465 c.
1570 416 1652 465 111.
2471 411 2551 474 25

981 571 1459 658 Ventorumque
1504 582 1685 657 regat
1726 581 1908 657 pater

815 690 1153 757 Obstrictis
1200 691 1340 758 aliis
1384 702 1643 778 praeter
1685 692 1957 779 Iapyga,

982 867 1205 940 NaviS‚
1254 887 1424 953 quae
1470 865 1580 931 tibi
1628 865 1941 932 creditum
2518 866 2555 926 ὃ

812 985 1029 1051 Debes
1074 985 1434 1073 Virgilium,
1482 985 1718 1052 tinibus
1763 986 1981 1052 Atticis

982 1105 1239 1172 Reddas
1284 1106 1699 1181 incolumem,
1747 1127 2011 1193 precor,

815 1226 889 1291 Et
931 1246 1156 1292 serves
1201 1226 1455 1293 animae
1500 1225 1837 1292 dimidium
1881 1247 2085 1293 meae.

520 1425 568 1474 3.
600 1429 753 1486 pater
782 1428 929 1486 repat
960 1424 1015 1473 Τ.
1055 1450 1111 1459 --
1149 1424 1198 1473 6.
1237 1423 1393 1473 Debes
1430 1424 1694 1487 Virgilium
1711 1423 1893 1488 finibus
1913 1424 2110 1485 Atticis,
2155 1426 2348 1476 Reddas
2369 1440 2494 1477 cum

455 1496 802 1548 Wakefieldio
836 1499 889 1547 F.
932 1523 987 1532 --
1042 1497 1345 1562 (Virpiiiwnj
1394 1498 1691 1560 Quintilium
1734 1499 1935 1548 Franke
1981 1500 2035 1548 F.
2086 1500 2147 1549 H.
2195 1512 2248 1563 p.
2294 1501 2396 1562 67.)
2437 1528 2491 1537 —

453 1573 504 1621 7.
542 1572 832 1621 incolomem
865 1572 916 1620 S.
959 1596 1015 1606 —-
1052 1571 1100 1621 8.
1137 1571 1218 1635 Et]
1254 1570 1311 1621 u't
1343 1585 1426 1636 pr.
1467 1571 1523 1631 b,
1562 1574 1617 1622 et
1650 1573 1687 1622 F
1721 1585 1788 1622 ex
1822 1573 1919 1623 Ch.
1957 1575 2018 1622 A.

389 1735 619 1808 κούρων
687 1732 791 1787 τὸν
856 1728 1053 1806 ἕτερον
1101 1735 1437 1788 ἐπικαθίσαι

388 1810 467 1878 τῷ
506 1812 808 1882 καρχησίῳ
841 1811 941 1860 καὶ
962 1808 1310 1862 κατευθῦναι
1331 1807 1437 1876 τὴν

388 1888 551 1937 ναῦν.
593 1912 649 1922 -·
685 1887 978 1936 venustam
1029 1898 1215 1936 eorum
1251 1887 1441 1949 imagi-

388 1974 519 2011 nem
566 1959 794 2024 praebet
833 1960 1113 2024 speculum
1154 1962 1438 2011 Etruscum

390 2036 535 2099 apud
587 2035 867 2097 lnghirami
918 2036 1050 2085 Gall.
1096 2036 1203 2084 Om.
1250 2037 1334 2085 111.
1380 2048 1433 2099 p.

391 2111 508 2160 203.
579 2110 638 2158 ln
680 2110 913 2159 nummis
959 2122 1120 2173 supra
1163 2110 1438 2172 utriusque

392 2186 552 2248 caput
606 2181 755 2233 stella
812 2196 1064 2246 expressa
1121 2186 1219 2232 est.
1304 2183 1437 2232 Vide

388 2259 562 2307 Museo
602 2257 880 2307 Bor-bonico
920 2258 1005 2306 IX.
1052 2259 1106 2306 Τ.
1147 2257 1228 2306 36.
1304 2258 1439 2319 (Sine

390 2344 553 2381 causa
587 2333 640 2380 et
674 2333 857 2380 contra
890 2333 1018 2380 vett.
1056 2331 1444 2381 Grammatico-

391 2418 513 2455 rum
590 2406 960 2455 auctoritatem
1029 2406 1443 2469 Cuninghamius

391 2478 608 2530 volebat
637 2479 852 2543 sulpicia.

459 2582 509 2632 3.
552 2580 1028 2645 Ventum-pater]
1048 2580 1258 2643 Aeolus,
1280 2594 1443 2646 quem

393 2657 658 2706 Homerus
692 2655 884 2718 odyss.
928 2671 984 2715 κ,
1029 2656 1111 2705 24.
1154 2658 1311 2706 vocat
1340 2670 1443 2706 τα-

391 2731 532 2795 μίην
565 2722 813 2795 ἀνέμων.

457 2823 507 2874 4.
568 2822 836 2887 Obstrictis]
891 2823 1233 2874 «incatenatis
1283 2825 1444 2886 atque

394 2898 617 2947 retentis
650 2898 704 2946 in
739 2899 892 2947 antro
917 2896 1030 2951 illm
1067 2898 1206 2959 Virg.
1232 2899 1364 2948 Aen.
1395 2898 1443 2957 4,

396 2972 485 3020 52:
532 2976 676 3021 vasto
706 2985 803 3021 rex
833 2972 1012 3021 Aeolus
1042 2976 1192 3021 amm
1225 2973 1447 3021 Luctan-

395 3050 464 3093 ιω
493 3051 663 3095 ventos
694 3050 1097 3107 tempestatesque
1116 3059 1324 3094 sonoras
1343 3046 1447 3093 Im-

388 3120 532 3181 perio
557 3120 745 3181 premit
768 3133 830 3168 ac
848 3120 1026 3168 vinclis
1047 3124 1092 3168 et
1118 3133 1322 3169 carcere
1340 3120 1447 3182 fre-

395 3198 535 3243 nat.»
604 3195 945 3244 Homericam
979 3193 1127 3244 Aeoli
1160 3194 1447 3257 imaginem

395 3281 445 3316 v.
484 3267 675 3329 Odyss.
713 3283 769 3327 κ,
798 3268 844 3316 4.
887 3267 1095 3330 (odyss.
1124 3282 1170 3329 ε,
1197 3267 1310 3318 383.
1350 3268 1448 3318 Mi-

396 3354 560 3391 nerva
577 3343 767 3391 ventos
792 3342 1134 3405 constringit.)
1159 3369 1212 3377 -
1234 3342 1445 3406 Iapyga]

388 3407 687 3484 Ἀργέστην
722 3414 790 3464 ab
827 3428 1020 3465 occasu
1047 3416 1247 3466 aestivo
1271 3414 1339 3464 ab
1363 3416 1449 3464 Ia-

397 3490 553 3552 pygia
592 3486 808 3552 (Apulia)
854 3489 1101 3547 flantem,
1148 3490 1447 3539 secundum

398 3562 551 3625 igitur
584 3577 615 3612 a
649 3562 929 3612 Brundisio
962 3564 1197 3613 Athenas
1232 3564 1450 3626 naviga-

400 3640 534 3686 turo.
602 3637 883 3686 Favonimn
917 3639 1097 3687 Latine
1126 3638 1229 3687 dici
1264 3640 1450 3687 auctor

398 3713 479 3761 est
512 3711 762 3773 vegetius
797 3711 865 3761 de
900 3726 959 3762 re
996 3710 1104 3761 mil.
1146 3713 1196 3773 5,
1232 3713 1281 3763 8.

460 3815 509 3862 5.
551 3814 648 3863 Cui
670 3813 869 3876 aliquid
890 3815 1134 3864 creditum
1156 3816 1255 3874 est,
1294 3815 1340 3864 is
1362 3816 1452 3863 de-

399 3887 474 3938 bet
522 3887 824 3951 depositum
870 3891 950 3948 et,
1005 3890 1051 3939 si
1092 3888 1296 3953 probus
1347 3891 1446 3947 est,

399 3963 576 4023 reddit,
614 3963 844 4013 restituit
885 3963 973 4013 die
1010 3966 1064 4013 et
1097 3962 1215 4013 loco
1250 3964 1450 4014 consti-

398 4038 528 4086 tuto,
598 4036 704 4086 Cfr.
750 4038 880 4086 Stat.
928 4036 1049 4087 Silv.
1103 4036 1152 4097 3,
1197 4038 1247 4087 2.
1318 4039 1451 4087 Pro-

397 4110 651 4173 pemptici
685 4107 872 4161 Maelio
916 4109 1090 4161 Celeri
1129 4113 1188 4160 5:
1248 4112 1452 4162 Grande

400 4188 483 4232 tuo
514 4197 791 4246 ramumque
825 4186 1023 4247 dmum,
1058 4187 1302 4248 Neptune,
1324 4199 1451 4248 pro-

399 4257 551 4317 fundo
582 4259 890 4321 Depositum.

1576 1740 1624 1787 6.
1665 1739 1975 1802 Porphyri0‚
2016 1739 2434 1802 «Ambiguum»,
2478 1743 2563 1791 in-

1511 1813 1650 1875 quit,
1707 1816 1925 1863 «utrum
1970 1813 2109 1863 debes
2145 1816 2328 1878 finibus
2368 1816 2559 1876 Atticis,

1510 1899 1577 1934 an
1607 1886 1790 1950 finibus
1819 1888 1993 1937 Atticis
2020 1889 2254 1938 reddas.»
2313 1890 2444 1940 Hinc
2481 1890 2564 1941 fa-

1511 1962 1658 2008 ctum
1714 1962 1821 2020 est,
1880 1963 1940 2010 ut
1995 1961 2079 2011 alii
2131 1963 2565 2027 interpungerent

1509 2037 1633 2098 post
1692 2035 1977 2098 Virgilium,
2047 2035 2132 2086 alii
2198 2040 2320 2101 post
2372 2039 2561 2088 Atticis.

1512 2108 1677 2159 Aliter
1710 2110 1872 2159 etiam
1905 2111 2070 2160 Jahn:
2111 2111 2266 2161 Debes
2303 2113 2565 2175 Virqiiimn

1508 2183 1692 2247 finibus
1730 2185 1931 2234 Atticis:
1964 2186 2159 2235 Reddas
2195 2212 2250 2223 -
2294 2199 2398 2248 qua
2443 2187 2565 2249 qui—

1513 2256 1640 2306 dem
1675 2259 1876 2308 ratione
1919 2260 2213 2309 sententiae
2264 2261 2419 2309 nimis
2453 2260 2566 2310 dis-

1514 2331 1662 2395 cerpi
1712 2333 1988 2393 videntur,
2057 2335 2372 2397 praesertim
2439 2347 2565 2383 cum

1514 2408 1593 2457 sic
1627 2406 1696 2456 ad
1729 2420 1781 2457 V.
1817 2408 2000 2457 reddas
2029 2408 2116 2457 vix
2150 2407 2292 2457 aliud
2314 2410 2566 2472 suppleas

1516 2495 1681 2545 quam
1718 2480 1970 2531 «nobis».
2031 2482 2202 2532 Satius
2227 2482 2444 2533 forsitan
2468 2480 2567 2532 ali-

1516 2556 1637 2618 quis
1672 2555 1834 2604 ducat
1853 2554 2052 2618 virgula
2078 2556 2252 2606 deleta
2277 2557 2431 2620 sequi
2455 2555 2567 2606 Dil-

1515 2628 1911 2691 lenburgerum.
1984 2629 2422 2692 «Ambiguitas»‚
2484 2630 2568 2679 in-

1517 2704 1659 2765 quit,
1707 2717 1850 2752 «non
1897 2702 2193 2752 inconsulto
2227 2703 2458 2753 admissa
2495 2702 2565 2752 ab

1518 2776 1759 2831 Horatio:
1796 2777 1874 2826 sic
1909 2777 2053 2825 enim
2087 2775 2345 2827 molestus
2380 2790 2443 2826 ac
2476 2776 2569 2826 fri-

1518 2848 1672 2912 gidus
1720 2850 2097 2912 pronominum
2149 2863 2279 2900 usus
2323 2848 2570 2900 facillime

1516 2926 1762 2973 vitatur.»
1829 2927 1905 2974 Ac
1955 2937 2085 2974 sane
2137 2923 2331 2989 duplex
2382 2925 2570 2975 huius-

1520 2999 1664 3049 modi
1699 3000 2022 3049 constructio
2057 3000 2119 3050 iis
2153 3000 2366 3050 Latinae
2389 3000 2569 3063 poesis

1517 3073 1753 3123 artificiis
1775 3073 2177 3123 adnumeranda
2196 3074 2295 3134 est,
2321 3072 2389 3122 ad
2408 3086 2565 3135 quae,

1518 3146 1697 3197 multis
1748 3148 1799 3198 in
1843 3147 2009 3197 rebus
2051 3149 2284 3197 Graecae
2334 3147 2566 3206 inferior,

1519 3222 1824 3271 necessario
1859 3234 2138 3270 recurrere
2170 3219 2424 3281 debebat,
2462 3233 2570 3282 quo

1518 3307 1682 3358 supra
1733 3294 2042 3358 pedestrem
2097 3296 2393 3344 orationem
2448 3308 2570 3345 sese

1520 3368 1812 3419 extolleret.
1885 3370 1981 3419 Hic
2015 3372 2194 3418 tamen
2229 3369 2343 3432 ipsa
2379 3381 2571 3418 caesu-

1519 3457 1612 3492 rae
1647 3443 1726 3492 vis
1761 3444 2000 3506 requirit,
2039 3444 2099 3492 ut
2131 3442 2428 3492 incidamus
2449 3446 2573 3505 post

1525 3516 1802 3580 Virgilium.
1870 3518 2041 3579 Atque
2086 3515 2279 3565 eadem
2324 3518 2407 3564 est
2444 3527 2572 3565 sen-

1521 3591 1682 3640 tentia
1718 3591 1908 3654 Ungeri
1941 3591 2003 3639 V.
2040 3592 2099 3639 R.
2136 3602 2191 3654 p.
2230 3589 2343 3639 398.

1587 3740 1636 3789 8.
1673 3740 1740 3789 Et
1763 3739 1940 3803 serves]
1979 3740 2086 3790 Una
2111 3737 2411 3799 eademque
2436 3739 2574 3787 actio

1521 3814 1848 3874 significatur
1899 3824 1986 3861 vv.
2045 3813 2227 3860 reddas
2279 3811 2576 3862 incolumem

1522 3889 1577 3936 et
1609 3892 1656 3936 et
1687 3898 1864 3936 semes.
1926 3886 2058 3935 Hinc
2081 3883 2257 3935 locum
2280 3899 2387 3935 non
2409 3885 2577 3936 habet

1519 3975 1601 4026 pr.
1631 3960 1666 4009 b
1693 3963 1748 4010 et
1768 3961 1904 4010 Feae
1941 3960 2110 4010 Codd.
2138 3958 2293 4010 lectio
2314 3966 2370 4010 ut
2391 3974 2572 4020 serves,

1523 4048 1662 4098 quae
1695 4033 2006 4097 pedestrem
2029 4033 2236 4085 redolet
2256 4036 2570 4084 orationem.

1528 4135 1583 4145 --
1610 4108 1888 4171 dimidium]
1915 4106 2180 4171 Meleager
2200 4110 2356 4158 Anth.
2378 4107 2486 4158 Pal.
2507 4109 2569 4158 11.

1522 4183 1647 4233 464:
1694 4177 1884 4244 Νότος
1902 4211 1932 4220 -
1950 4211 1981 4221 -
1998 4175 2182 4248 ἅμισύ
2224 4197 2335 4248 μευ
2369 4179 2575 4246 ψυχῆς

1523 4249 1784 4328 ἅρπασεν
1811 4252 2211 4328 Ἄνδράγαθον.
