3234 4975
1276 364 1393 414 Lm.
1433 364 1471 412 1.
1545 364 1600 413 c.
1643 365 1680 414 1.
2519 363 2559 426 9

822 517 923 585 Me
972 517 1307 584 doctarum
1349 518 1631 585 hederae
1675 521 1961 607 praemia
2005 521 2303 588 frontium

735 639 850 704 Dis
895 639 1167 706 miscent
1209 640 1497 728 superis,
1540 659 1649 707 me
1692 639 1976 728 gelidum
2018 664 2248 710 nemus

2477 644 2560 708 30

735 760 1307 849 Nympharumque
1351 761 1530 829 leves
1573 783 1720 829 cum
1766 764 2014 854 Satyris
2056 764 2234 832 chori

733 881 1092 949 Secernunt
1134 882 1412 970 populo,
1461 884 1515 950 si
1560 905 1776 972 neque
1822 884 2012 951 tibias

818 1003 1097 1091 Euterpe
1142 1002 1401 1071 cohibet
1445 1025 1568 1072 nec
1614 1004 2039 1096 Polyhymnia

510 1231 592 1280 29.
635 1229 695 1279 Te
727 1231 943 1278 auctore
978 1229 1135 1278 Hario
1170 1229 1224 1278 F.
1252 1256 1305 1267 --
1345 1229 1426 1279 32.
1464 1230 1622 1279 Sacer
1652 1244 1785 1280 nunc
1809 1233 1998 1294 populo
2031 1234 2088 1282 B.
2129 1233 2252 1296 (Sed
2286 1232 2405 1284 talia
2440 1237 2492 1284 in

457 1307 732 1368 posterum
775 1304 880 1353 iam
922 1316 1027 1352 non
1073 1302 1328 1364 enotab0,
1379 1305 1575 1369 quippe
1628 1317 1766 1368 quae
1823 1305 1890 1354 ad
1941 1319 2096 1356 meae
2138 1309 2308 1357 Curae
2359 1322 2490 1358 con-

459 1378 631 1428 silium
674 1390 1013 1441 nequaquam
1059 1377 1286 1439 faciant.)
1343 1405 1398 1412 —
1436 1378 1517 1427 33.
1554 1391 1739 1440 necque
1783 1379 1889 1442 (sic)
1927 1381 1978 1429 S.
2021 1409 2074 1415 —
2107 1382 2398 1444 polwmm‘a
2419 1383 2486 1442 B,

454 1453 735 1515 poliymnia
773 1452 810 1502 b
828 1490 840 1511 ,
886 1453 1148 1514 polymita
1178 1453 1292 1502 BTc
1307 1491 1318 1512 ,
1348 1453 1647 1514 polihimnia
1681 1451 1741 1511 d,
1777 1454 2063 1516 Polymneia
2095 1456 2154 1505 C.

397 1667 444 1728 3,
482 1668 626 1726 ⁴68..
668 1665 825 1731 plane
876 1669 934 1717 ut
982 1669 1182 1717 Graece
1224 1662 1432 1729 σοφός.
1510 1669 1707 1718 tatione
1741 1680 1801 1718 se
1837 1670 2131 1728 moventes,
2169 1667 2347 1731 agiles,
2384 1671 2556 1720 leichl-

396 1743 656 1805 Persaepe
699 1755 829 1791 vero
871 1742 941 1791 ita
983 1741 1174 1791 dicitur
1221 1743 1291 1802 is,
1344 1741 1436 1805 qui

393 1821 618 1878 poeseos
637 1819 691 1866 et
708 1817 939 1866 musices
973 1818 1055 1866 est
1073 1817 1274 1880 peritus
1298 1819 1433 1866 cet.»

396 1890 477 1938 Sic
521 1892 692 1940 doctus
733 1892 971 1944 Hesiodus
1010 1892 1116 1941 Cic.
1166 1893 1277 1941 Cat.
1332 1893 1432 1950 ⁴5„

396 1965 565 2014 docti&
596 1966 817 2016 Caluum
847 1964 1271 2015 Pseudotibullus
1296 1964 1344 2024 3,
1383 1965 1432 2024 6,

395 2039 473 2090 44.
512 2042 565 2089 et
599 2034 887 2102 σοφιστὰς
917 2042 1102 2102 poetas
1122 2041 1281 2090 vocat
1314 2040 1436 2088 Pin-

395 2114 551 2165 darus
585 2116 766 2165 Isthm.
804 2117 854 2175 5,
891 2115 971 2165 28.
1008 2115 1064 2164 Β.
1113 2141 1169 2150 -
1209 2112 1433 2175 hederae]

392 2202 471 2252 pr.
506 2190 716 2239 Baccho
749 2203 960 2250 sacrae,
1004 2190 1152 2239 cuius
1186 2190 1433 2239 instinctu

391 2265 575 2327 perciti
617 2266 807 2328 poetae
850 2263 1176 2314 hederaceas
1209 2275 1433 2312 coronas

394 2340 622 2389 sumunt.
659 2339 800 2402 Virg.
838 2337 1011 2402 Eclog.
1038 2339 1087 2398 7,
1124 2339 1215 2388 28:
1257 2339 1435 2387 Pasto-

392 2426 470 2462 νει
499 2414 683 2463 hedera
702 2418 996 2464 crescentem
1017 2418 1194 2463 ornate
1206 2415 1427 2474 poetam.

395 2486 497 2537 Ecl.
534 2488 584 2538 8.
623 2489 713 2538 ⁴3:
772 2490 901 2538 hanc
933 2491 1038 2538 sine
1070 2494 1296 2549 tempora
1326 2488 1433 2536 cir-

392 2575 503 2612 cum
532 2564 668 2612 Inter
696 2563 923 2612 victrices
942 2563 1175 2612 hederam
1206 2563 1293 2611 tibi
1324 2575 1434 2611 ser-

384 2651 504 2699 pere
542 2639 731 2687 lauros,
791 2639 919 2687 Stat.
965 2636 1084 2687 silv.
1135 2637 1182 2698 4,
1218 2638 1269 2697 2,
1306 2636 1427 2688 284:

392 2713 561 2762 enthea
606 2713 744 2761 vittis
782 2717 931 2774 atque
971 2712 1162 2761 hederis
1200 2712 1435 2761 redimita

391 2787 575 2836 cohors.
646 2787 949 2849 (mythicam
982 2786 1243 2836 rationem
1274 2784 1436 2834 tradit

393 2861 534 2912 ovid.
570 2862 706 2911 Fast.
744 2861 802 2922 3,
839 2862 983 2922 768„
1033 2862 1156 2925 quia
1193 2861 1436 2922 Nysiadas

390 2937 655 2998 nymphae,
676 2949 894 2998 puerum
914 2940 1180 2997 quaerente
1196 2948 1431 2996 noverca,

391 3011 528 3060 Hanc
558 3010 786 3072 frondem
817 3011 960 3059 cunis
990 3022 1262 3071 opposuere
1289 3008 1431 3071 suis.)

396 3085 711 3148 -praemiaJ
749 3085 1108 3144 «ornamenta,
1147 3083 1338 3147 quibus
1363 3082 1431 3132 ab

391 3153 675 3224 ἀμούσοις
691 3162 852 3221 atque
876 3158 1048 3208 idiotis
1068 3155 1230 3207 veluti
1248 3157 1435 3207 distin-

390 3235 668 3295 guuntur.»
713 3260 768 3268 -
813 3232 1021 3296 asperis]
1073 3230 1227 3281 Haud
1275 3232 1433 3281 nimis

390 3307 490 3356 hoc
506 3306 805 3369 urgendum
818 3344 830 3366 ,
869 3306 1021 3369 quasi
1041 3318 1172 3356 vero
1194 3318 1433 3369 oppone-

387 3382 568 3431 rentur
600 3380 794 3431 inseris.

452 3454 532 3503 34.
570 3454 937 3518 Nympharum
967 3452 1209 3504 habitum
1232 3454 1429 3517 optime

389 3527 639 3579 describit
672 3531 880 3591 Longus
915 3529 953 3578 1.
990 3542 1045 3592 p.
1082 3530 1131 3578 ὅ.
1175 3529 1316 3577 Sinn.
1358 3527 1426 3592 (p.

389 3604 445 3652 6:
480 3598 548 3651 τὸ
582 3600 696 3651 πᾶν
730 3598 937 3667 σχῆμα
979 3604 1182 3673 χορεία
1223 3593 1296 3667 ἢν
1331 3595 1431 3673 ὄρ-

388 3677 722 3741 χουμένων.)
761 3678 914 3728 etsie
936 3680 1248 3741 comparent
1267 3679 1320 3726 iu
1344 3691 1433 3727 ar-

389 3752 586 3802 tificum
609 3751 880 3817 operibus.
911 3779 967 3788 -
993 3751 1207 3815 Satyris]
1232 3754 1289 3801 In
1313 3751 1433 3802 Pla-

390 3828 522 3878 tonis
564 3829 739 3891 Epigr.
780 3827 858 3876 45.
904 3826 1151 3888 Satyrus,
1198 3826 1317 3891 εἰμὶ
1348 3823 1429 3887 δέ,

390 3902 578 3964 inquit,
614 3906 745 3963 ταῖς
776 3900 1120 3964 Νυμφαῖσιν
1155 3895 1426 3965 ὁμὲψιος.

389 3976 516 4025 Hinc
562 3976 750 4025 festive
802 3974 949 4024 Ovid.
1002 3975 1142 4026 Fast.
1196 3974 1245 4035 3,
1304 3974 1427 4025 409:

386 4049 619 4112 Ampelon
659 4051 936 4110 tracum,
982 4050 1230 4110 Satyris
1270 4050 1432 4110 Nym-

376 4124 576 4187 phaque
630 4128 873 4174 creatum.
939 4150 993 4160 -
1049 4125 1197 4173 Leues
1249 4125 1432 4173 autem

381 4200 517 4251 chori
547 4201 677 4251 sunt
709 4197 861 4249 facile
896 4200 950 4249 et
982 4201 1204 4250 venuste
1239 4200 1291 4249 in
1325 4197 1432 4249 sal-

1506 1741 1804 1792 sehwebend.
1866 1741 2104 1793 Philostr.
2140 1744 2336 1807 Imagg.
2377 1744 2424 1804 4,
2460 1746 2550 1795 22;

1507 1813 1782 1886 Σατύρων
1811 1810 1918 1882 ἡδὺ
1943 1812 2011 1866 τὸ
2031 1814 2309 1889 σφοδρόν,
2335 1811 2434 1868 ὅτε
2455 1814 2556 1889 ὀρ-

1509 1905 1769 1951 χουνται.

1575 1966 1656 2016 32.
1697 1966 1864 2014 «Dum
1900 1965 1950 2014 in
1974 1978 2199 2015 amoena
2233 1964 2406 2029 aliqua
2430 1965 2555 2016 soli-

1508 2039 1690 2089 tudine
1725 2039 1946 2103 poeticis
1970 2039 2155 2089 studiis
2182 2052 2332 2100 vam,
2369 2038 2555 2103 longe-

1508 2127 1613 2177 que
1649 2115 1889 2162 remotus
1923 2125 2042 2162 sum
2078 2127 2109 2162 a
2143 2112 2296 2176 volgo
2331 2113 2555 2164 molesto

1506 2191 1668 2251 atque
1709 2187 1830 2236 rudi
1871 2186 1974 2251 (odi
2017 2188 2293 2250 profanum
2337 2188 2552 2252 volgus),

1505 2262 1875 2313 beatissimum
1904 2274 1991 2311 me
2021 2264 2264 2326 reputo.»
2322 2263 2405 2312 Sic
2441 2261 2548 2312 Val.

1507 2336 1674 2387 Flacc.
1716 2338 1762 2397 4,
1808 2336 1896 2385 4οε
1953 2336 2108 2397 Eripe
2149 2349 2230 2385 me
2261 2337 2461 2399 populis
2508 2341 2556 2386 et

1504 2411 1700 2461 habenti
1731 2410 1906 2460 nubila
1937 2415 2129 2470 terrae,
2167 2410 2349 2460 Sancte
2373 2412 2553 2473 pater!

1507 2487 1768 2536 Ausonius
1817 2486 1980 2549 Epist.
2035 2484 2118 2546 23,
2166 2486 2256 2535 90:
2309 2487 2393 2536 Me
2430 2486 2555 2550 iuga

1504 2560 1851 2624 Burdiyalae,
1899 2560 2033 2609 trino
2075 2573 2156 2608 me
2194 2561 2407 2623 flwnina
2440 2573 2554 2609 coe-

1505 2641 1560 2684 tu
1592 2635 1866 2684 Socer-nunt
1913 2633 2070 2683 tarbis
2110 2634 2456 2695 popularibus.
2494 2661 2549 2670 —

1504 2709 1562 2773 si]
1598 2709 1843 2758 modeste
1881 2710 1934 2758 et
1976 2720 2075 2771 per
2105 2706 2389 2770 particulas
2425 2720 2554 2756 con-

1508 2783 1728 2834 dicionis
1772 2784 1827 2832 et
1867 2795 1967 2846 per
2011 2783 2346 2845 negationem
2378 2780 2554 2845 loqui-

1506 2862 1615 2908 tur:
1657 2858 1738 2907 «Si
1773 2858 1955 2908 Musae
1989 2871 2049 2907 re
2073 2871 2197 2908 vera
2224 2857 2351 2907 mihi
2378 2857 2554 2907 favent

1508 2935 1563 2982 et
1601 2931 1823 2997 pulchra
1868 2934 2101 2982 carmina
2147 2932 2405 2983 donant.»
2463 2933 2555 2982 Est

1507 3010 1690 3057 autem
1721 3006 1848 3057 illud
1882 3008 1949 3067 si,
1997 3007 2141 3071 quod
2184 3020 2351 3072 prope
2393 3020 2552 3056 acce-

1508 3082 1583 3132 dit
1615 3082 1685 3132 ad
1717 3084 1826 3131 vim
1859 3084 2077 3146 particc.
2114 3083 2381 3145 siquidm,
2418 3095 2546 3131 cum.

1508 3158 1610 3208 Cfr.
1667 3156 1930 3207 Drakenb.
1987 3157 2056 3207 ad
2105 3158 2213 3209 Liv.
2267 3157 2317 3217 7,
2363 3156 2444 3216 43,
2498 3155 2546 3204 6.

1506 3232 1678 3293 Reisig
1710 3233 1767 3281 L.
1807 3233 1896 3282 Gr.
1935 3231 1982 3295 g.
2019 3231 2135 3282 264.

1548 3306 1628 3355 33.
1653 3307 1888 3369 Euterpe,
1910 3300 1948 3371 ἢ
1961 3296 2088 3377 εὗρε
2097 3302 2202 3371 τὴν
2214 3299 2547 3370 αὐλητικήν,

1505 3379 1677 3429 Schol.
1716 3380 1786 3429 ad
1818 3381 2033 3431 Hesiodi
2065 3381 2258 3442 Theog.
2284 3380 2386 3439 77.,
2422 3377 2549 3427 tibia

1506 3467 1704 3505 canens
1739 3454 1893 3504 adest
1922 3456 2113 3518 poetae
2146 3452 2354 3512 melicO,
2392 3453 2550 3501 item-

1505 3542 1610 3593 que
1647 3529 1988 3590 Polyhymnia,
2021 3525 2228 3593 μύθων
2265 3526 2549 3591 praecipue

1505 3616 1685 3666 gnara,
1720 3602 1872 3665 lyrae
1907 3604 2068 3652 etiam
2090 3602 2363 3652 inventrix.
2417 3598 2549 3649 Vide

1502 3678 1692 3729 Pictura
1711 3677 1877 3727 Ercol.
1906 3678 1968 3726 11.
1996 3678 2052 3727 T.
2079 3677 2136 3725 7:
2172 3671 2551 3725 ΠΟΛΥΜΝΙΑ

1504 3750 1802 3802 ΜΤΘΟΥΣ.
1865 3751 2058 3801 Confer
2092 3747 2264 3799 schol.
2304 3747 2542 3814 Apollon.

1505 3826 1671 3876 Rhod.
1699 3825 1748 3887 3,
1776 3827 1823 3874 4.
1862 3823 1994 3874 Alibi
2027 3823 2392 3887 Terpsichore,
2418 3824 2549 3873 Era-

1506 3903 1587 3961 to,
1627 3899 1736 3950 Clio
1774 3899 1885 3963 (Od.
1916 3899 1964 3957 4,
1992 3899 2072 3958 42,
2109 3898 2199 3961 2.),
2235 3896 2347 3948 aliis
2383 3898 2549 3947 histo—

1506 3976 1615 4025 riae
1650 3977 1817 4035 Musa,
1857 3971 2088 4037 Calliope
2134 3972 2245 4037 (Οά.
2282 3973 2331 4035 3,
2369 3972 2419 4033 4,
2454 3971 2544 4034 2.),

1504 4049 1836 4114 Melpomene
1875 4047 1985 4111 (Od.
2013 4047 2062 4109 4,
2089 4047 2137 4108 3,
2165 4048 2231 4109 4.)
2255 4045 2433 4109 lyricis
2448 4045 2549 4095 ad—

1505 4126 1644 4175 sunt.
1688 4151 1743 4160 —
1781 4123 1877 4176 Ubi
1911 4136 2016 4173 non
2053 4122 2247 4181 favent,
2284 4121 2431 4170 tibias
2459 4134 2547 4169 co-

1501 4197 1648 4258 hibet,
1685 4197 1810 4248 tibia
1846 4210 2040 4249 canere
2062 4196 2277 4246 recusat
2295 4195 2541 4258 Euterpe,
