3234 4975
1276 383 1391 433 Lm,
1433 385 1491 432 ΙΙ.
1565 384 1623 432 C.
1666 386 1724 433 ll.

794 541 1048 627 Fugerit
1092 540 1272 605 venis
1318 550 1382 605 et
1426 560 1713 627 aquosus
1762 539 1908 604 albo

2495 382 2620 445 225

2541 540 2618 603 15

1130 662 1416 747 Corpore
1461 659 1750 748 languor.

791 820 1130 887 Redditum
1175 820 1326 908 Cyri
1373 819 1534 885 solio
1581 819 1896 885 Phraaten

794 940 1132 1006 Dissidens
1178 939 1348 1027 plebi
1392 962 1663 1006 numero
1709 940 2042 1007 beatorum

791 1062 1019 1127 Eximit
1063 1061 1271 1127 Virtus
1317 1060 1760 1149 populumque
1806 1061 1980 1127 falsis

590 1215 664 1264 47.
695 1214 950 1276 prahaten
984 1214 1081 1262 BT.
1128 1240 1181 1249 —
1222 1213 1299 1261 48.
1339 1213 1604 1262 Discedens
1636 1210 1669 1262 δ
1702 1226 1786 1277 ap.
1827 1213 2037 1263 Kirchn.
2078 1215 2137 1263 N.
2178 1214 2238 1273 Q.
2279 1214 2338 1264 H.
2380 1228 2431 1278 p.
2469 1217 2550 1267 56.

524 1316 578 1324 —
610 1288 767 1350 plebis
798 1289 863 1347 Τ,
905 1303 970 1347 κ,
1009 1286 1178 1337 Codd.
1216 1285 1487 1336 Blandinii.
1546 1290 1669 1349 (non
1712 1286 1932 1347 BbScd.)
1974 1313 2028 1322 —
2078 1286 2338 1337 beatorum
2370 1287 2558 1340 BbSTc

521 1366 575 1413 et
607 1376 744 1413 corr.
788 1364 851 1423 d,
889 1364 1020 1413 item
1054 1364 1160 1413 LCt
1193 1365 1247 1411 et
1282 1361 1468 1411 Benti.:
1507 1363 1708 1412 beatum
1745 1375 1825 1426 pr.
1869 1361 1919 1410 d.
1944 1400 1956 1422 ‚
2009 1364 2261 1425 quattuor
2294 1365 2552 1423 Pottierii,

522 1437 625 1487 ΡΜ.
667 1438 746 1499 (Ut
781 1451 896 1497 nOS,
931 1437 998 1499 J.)
1040 1465 1093 1475 -
1133 1437 1209 1486 49.
1241 1437 1518 1498 populique
1549 1438 1738 1486 Bauer.

453 1562 667 1618 utroque
707 1558 927 1607 iacentia
964 1558 1166 1608 Phoebo.
1212 1585 1266 1594 —
1303 1558 1503 1608 Verum
1578 1558 1743 1616 unda,
1803 1558 1911 1618 Quo
1959 1558 2076 1619 plus
2123 1564 2237 1607 sunt
2281 1564 2457 1620 potae,
2513 1562 2627 1622 plus

457 1633 535 1682 sie
568 1633 723 1682 nimis
758 1633 962 1695 turgide
997 1632 1206 1684 locutus
1230 1636 1374 1683 esset
1398 1633 1506 1682 Ho-

454 1706 658 1769 ratius.)
708 1734 763 1743 —
811 1706 1002 1757 Similis
1045 1708 1501 1764 continuatarum,

456 1780 775 1838 iunctarum,
801 1782 1202 1844 possessionum
1224 1781 1424 1830 mentio
1450 1779 1508 1829 fit

457 1852 553 1901 Od.
591 1853 651 1913 3,
692 1854 778 1911 46,
824 1853 916 1904 44ι
957 1857 1119 1915 Quam
1151 1855 1193 1903 st·
1225 1854 1509 1917 Mygdoniis

456 1941 668 1990 regnum
708 1928 921 1989 Alyattes·
965 1930 1165 1992 Campis
1206 1930 1503 1979 continuem.

458 2003 593 2066 Epp.
629 2004 686 2063 2,
724 2004 781 2063 2,
831 2004 952 2052 ⁴77:
1011 2005 1139 2065 Quid
1169 2005 1268 2052 vici
1294 2009 1510 2065 prosunt

467 2082 560 2126 aut
590 2077 811 2126 horrea?
843 2078 1020 2138 φιὶἀυσ
1042 2077 1270 2127 Calabris
1290 2077 1510 2126 Saltibus

459 2151 640 2200 adiecti
671 2150 903 2200 Lucani?
939 2178 993 2186 —
1032 2151 1247 2214 Serviat]
1278 2150 1505 2216 intellige

461 2224 530 2274 de
565 2223 767 2275 colonis
802 2227 859 2274 et
889 2226 1151 2288 partiariis
1186 2227 1240 2274 et
1273 2226 1458 2275 servis.

526 2297 605 2349 43.
645 2299 879 2362 hydrops]
919 2298 1167 2348 «Morbus
1203 2298 1511 2349 molestissi-

458 2386 584 2423 mus
615 2373 953 2436 ingravescit,
991 2372 1083 2422 ubi
1118 2376 1366 2435 aegrotus
1396 2386 1510 2422 me-

459 2447 703 2498 dicorum
737 2448 1042 2511 praeceptis
1083 2446 1400 2512 posthabitis
1435 2448 1508 2497 si-

458 2523 554 2573 tim
605 2520 818 2586 explere
872 2524 1121 2580 conatur;
1176 2536 1276 2572 nec
1327 2524 1506 2572 tamen

460 2595 612 2647 aliter
662 2597 775 2646 sitis
826 2598 922 2646 ista
979 2598 1351 2659 restinguitur,
1412 2598 1509 2648 nisi

463 2684 623 2722 causa
670 2670 843 2720 morbi
887 2670 1158 2721 sublata.»
1230 2671 1334 2720 Cir,
1376 2673 1506 2734 Epp.

527 2822 604 2870 45.
648 2821 882 2885 aquosus]
923 2825 1101 2884 «Aqua
1138 2822 1372 2871 intercus
1395 2820 1512 2871 lau-

460 2894 681 2957 gnidum
738 2894 915 2945 reddit
968 2895 1390 2958 hydropicum.»
1452 2923 1506 2931 -

460 2969 589 3033 albo]
627 2970 740 3019 Hoc
775 2982 943 3032 genus
976 2983 1148 3032 aquae
1172 2971 1311 3020 inter
1332 2973 1512 3019 cutem

461 3040 992 3109 λευκοφλεγματίαν
1030 3047 1185 3093 vocat
1239 3042 1425 3094 Celsus
1459 3043 1506 3102 3,

459 3117 517 3167 2⁴
584 3117 729 3176 Quae
754 3118 1081 3181 comparatio
1106 3117 1363 3181 hydropis
1387 3129 1510 3166 cum

458 3190 763 3254 inexplebili
830 3191 1116 3253 cupiditate
1184 3205 1310 3243 cum
1367 3189 1511 3240 haud

462 3277 583 3315 raro
617 3266 669 3315 in
703 3263 1142 3330 philosophorum
1170 3264 1368 3315 scholis
1390 3276 1515 3328 pro-

462 3339 709 3401 ferretur,
747 3340 941 3390 eadem
975 3340 1129 3391 nobis
1164 3340 1384 3404 quidem
1416 3340 1514 3388 mi-

460 3426 563 3463 nus
598 3416 745 3475 grata
781 3415 945 3464 utitur
980 3415 1244 3474 HoratiuS‚
1281 3416 1341 3463 ut
1362 3412 1514 3475 Poly-

460 3485 583 3536 bius
610 3487 691 3548 43,
717 3488 774 3536 2:
803 3484 1068 3556 καθάπερ
1090 3489 1182 3539 ἐπὶ
1204 3486 1317 3536 τῶν
1340 3480 1514 3556 ὑδρω-

462 3556 645 3610 πικῶν
669 3556 944 3613 οὐδέποτε
960 3567 1119 3613 ποιεῖ
1130 3560 1356 3613 παῦλαν
1374 3555 1509 3611 οὐδὲ

462 3630 646 3705 κόρον
679 3634 785 3701 τῆς
817 3635 1129 3702 ἐπιθυμίας
1164 3632 1200 3701 ἡ
1235 3634 1348 3687 τῶν
1368 3630 1511 3699 ἔξω-

461 3709 566 3759 θεν
589 3704 778 3781 ὑγρῶν
800 3708 1135 3795 παράθεσις,
1173 3706 1275 3761 ἐὰν
1295 3707 1382 3777 μὴ
1404 3706 1512 3775 τὴν

462 3783 525 3834 ἐν
591 3778 748 3853 αὐτῷ
816 3801 895 3853 τῳ
964 3783 1190 3851 σώματι
1251 3782 1513 3835 διάθεσιν

462 3852 677 3930 ὖγιάσῃ
700 3874 805 3923 τις,
829 3856 933 3911 τὸν
948 3856 1129 3911 αὐτὸν
1146 3858 1361 3930 τρόπον
1378 3855 1512 3910 οὐδὲ

464 3928 572 3997 τὴν
606 3930 753 4002 πρὸς
774 3931 843 3985 τὸ
868 3934 1064 3985 πλεῖον
1086 3934 1400 4000 ἐπιθυμίαν
1424 3928 1512 3983 οἷ-

464 4004 598 4057 όντε
646 4011 886 4081 κορέσαι
933 4007 1017 4076 μὴ
1064 4006 1134 4061 οὐ
1180 4007 1287 4076 τὴν
1332 4009 1394 4060 ἐν
1440 4004 1509 4080 τῇ

462 4081 633 4154 ψυχῇ
678 4085 889 4135 κακίαν
934 4082 1087 4152 λόγῳ
1120 4086 1232 4135 τινὶ
1262 4083 1511 4156 διορθω-

461 4153 735 4223 σάμενον.
807 4160 954 4210 ovid.
981 4161 1118 4210 Fast.
1148 4161 1168 4207 4
1194 4198 1206 4221 ,
1244 4161 1368 4209 245ε
1406 4159 1509 4219 Sic,

1576 1633 1816 1681 sitiuntur
1884 1645 2065 1693 aquae.

1581 1705 1675 1765 30,
1716 1706 1796 1754 52.

1649 1780 1727 1828 47.
1800 1780 1919 1839 Cyri
1951 1779 2090 1844 solio]
2127 1781 2410 1831 Arsacidae
2441 1795 2628 1845 regum

2191 1634 2357 1683 Dante
2429 1635 2629 1696 lusor-no

1581 1855 1918 1903 Persicorum
1952 1866 2296 1905 successores
2330 1868 2452 1905 sese
2490 1856 2632 1906 iere-

1580 1926 1725 1977 bant.
1764 1928 2038 1990 Inscriptio
2063 1930 2266 1978 nummi
2294 1929 2450 1979 huius
2474 1930 2634 1980 Phra-

1580 2003 1706 2051 atis:
1733 2000 2025 2063 Βασιλέως
2047 2000 2334 2061 βασιλέων
2353 1997 2630 2073 Ἀρσάκου

1581 2070 1882 2145 εὐεργέτου
1915 2073 2142 2125 δικαίου
2178 2075 2500 2140 ἐπιφανοῦς
2533 2094 2634 2140 φι-

1582 2148 1871 2215 λέλληνος.
1908 2149 2062 2212 Apud
2087 2148 2346 2199 Plutarch.
2373 2150 2520 2201 Alex.
2548 2152 2628 2202 30.

1584 2226 1801 2275 Darius:
1861 2220 2174 2289 «μηδείς»,
2224 2226 2421 2286 inquit,
2457 2218 2634 2288 ἄλλος

1580 2293 1906 2368 ἀνθρώπων
1939 2298 2231 2347 καθίσειεν
2264 2299 2347 2360 εἰς
2380 2295 2483 2348 τὸν
2512 2298 2630 2350 Κύ-

1582 2389 1687 2444 ρου
1711 2370 1926 2441 θρόνον
1949 2368 2097 2437 πλὴν
2127 2366 2543 2442 Ἀλεξάνδρου.»
2571 2402 2625 2412 -

1578 2449 1844 2513 Phraaten]
1881 2448 2135 2498 Phraates
2172 2448 2255 2497 [V.
2281 2450 2503 2513 propter
2524 2450 2629 2501 im-

1583 2537 1796 2574 manem
1832 2521 2199 2572 crudelitatem
2234 2535 2266 2571 a
2302 2522 2506 2572 Parthis
2539 2537 2636 2572 ex-

1582 2596 1768 2662 pulsus
1816 2599 1878 2660 (a.
1925 2611 1979 2647 u.
2027 2611 2072 2646 c.
2118 2596 2231 2647 724.
2270 2597 2367 2646 Dio
2402 2598 2492 2657 54,
2535 2598 2632 2658 48.)

1583 2671 1653 2722 ad
1678 2671 1900 2734 Scythas
1925 2670 2252 2731 confugerat,
2278 2682 2510 2733 quorum
2534 2683 2636 2732 ope

1585 2760 1633 2795 a,
1673 2760 1726 2794 u.
1765 2758 1813 2793 c.
1852 2745 1964 2794 728.
2005 2744 2056 2792 in
2105 2756 2329 2805 regnum
2362 2744 2636 2794 restitutus

1587 2823 1686 2870 est.
1724 2820 1952 2869 Iustinus
1975 2816 2056 2876 42,
2083 2819 2130 2866 5.
2155 2819 2385 2867 visconti
2410 2819 2634 2882 Iconoqr.

1587 2896 1677 2944 Gr.
1707 2893 1799 2943 Ed.
1837 2892 2045 2942 Mediol.
2085 2893 2142 2952 3,
2180 2905 2235 2955 p.
2276 2893 2387 2942 ⁴29.

1654 2969 1735 3018 48.
1767 2967 1915 3030 plebi]
1961 2968 2108 3016 Hanc
2151 2966 2269 3017 lect,
2310 2966 2487 3016 firmat
2523 2969 2638 3018 Pri-

1588 3044 1801 3093 scianus
1838 3043 1928 3102 48,
1958 3042 2035 3091 45.
2076 3053 2127 3104 ρ.
2158 3041 2304 3091 4458.
2334 3043 2388 3090 Ρ.
2432 3067 2487 3076 —-
2525 3040 2639 3090 bea—

1586 3118 1769 3181 torum]
1796 3116 2013 3166 Servavi
2037 3116 2174 3164 hanc
2198 3114 2366 3164 Codd.
2394 3127 2640 3166 meorum

1587 3192 1906 3255 scripturam
1928 3189 2006 3240 sic
2027 3188 2489 3253 pronuntiandam,
2527 3187 2641 3239 bod-

1587 3269 1683 3315 tor’
1704 3265 1917 3325 Eximit,
1937 3276 2061 3315 cum
2081 3263 2280 3313 beatum
2297 3262 2465 3314 Codd.
2489 3265 2640 3326 quat—

1587 3341 1709 3388 tuor
1731 3338 1961 3389 Pottierii
1996 3340 2052 3387 et
2072 3335 2274 3399 aliquot
2291 3338 2424 3387 Feae
2449 3338 2639 3388 Gram-

1587 3414 1794 3464 maticis
1834 3412 2021 3462 deberi
2060 3412 2320 3463 videatur.
2392 3408 2639 3460 Similiter

1586 3490 1765 3539 finitur
1813 3500 2002 3537 versus
2052 3487 2193 3548 Virg.
2246 3487 2376 3535 Aen.
2414 3485 2473 3544 7,
2513 3485 2634 3533 46οε

1582 3564 1790 3626 Iamque
1831 3562 1927 3610 iter
1968 3561 2150 3610 emensi
2191 3564 2357 3609 turra
2399 3571 2462 3606 ac
2510 3563 2640 3607 tecta

1586 3638 1886 3687 Latinorum
1916 3636 2093 3685 Ardua
2127 3634 2229 3682 cet.

1655 3715 1734 3763 49.
1789 3710 1971 3773 Virtus]
2022 3709 2231 3758 «Homo
2272 3717 2398 3754 vera
2440 3705 2633 3758 virtute

1586 3785 1859 3851 praeditus
1885 3785 2176 3833 immanem
2200 3782 2486 3840 tyrannum
2510 3779 2636 3830 bea-

1586 3861 1656 3908 tis
1691 3870 1966 3921 nunquam
2011 3851 2411 3914 adnumerabit,
2462 3852 2634 3904 salsis-

1588 3947 1693 3996 que
1751 3943 1933 3981 rerum
2000 3926 2303 3978 nominibus
2357 3940 2632 3992 pravoque

1586 4007 1723 4056 adeo
1766 4004 1958 4055 iudicio
2003 4002 2302 4065 imperitam
2341 4000 2635 4051 multitudi-

1587 4094 1713 4130 nem
1772 4079 1936 4141 (quae
1992 4079 2212 4141 propter
2266 4076 2368 4126 hoc
2423 4077 2628 4140 ipsum,

1586 4152 1732 4217 quod
1777 4152 2028 4202 Phraates
2070 4163 2296 4213 regnum
2343 4162 2632 4214 recupera—

462 4232 638 4293 qm'bus
691 4234 927 4283 imminuit
981 4236 1173 4296 mama
1223 4238 1395 4283 ventor
1446 4231 1511 4280 ab
1585 4228 1682 4288 vit,
1741 4239 1864 4276 eum
1931 4225 2150 4276 beatum
2206 4224 2503 4288 praedicat)
2558 4224 2630 4271 uti

632 4324 815 4371 iionn.
851 4337 960 4370 vot..
996 4325 1026 4370 i.
1092 4336 1167 4370 ευ.
1201 4335 1355 4370 witon
1386 4322 1457 4366 iii.

2243 4316 2293 4359 15
