3234 4975
565 339 690 402 668

1371 340 1627 391 uoRATu
1664 340 1920 390 EPODON

986 494 1242 563 Othone
1288 504 1656 583 contempto
1703 495 1922 563 sedet!

900 614 1071 695 Quid
1116 615 1338 682 attinet
1381 626 1472 681 tot
1514 636 1630 682 ora
1678 618 1937 682 navium
1982 617 2161 703 gravi

987 738 1282 803 Rostrata
1325 736 1473 804 duci
1520 736 1813 824 pondere

903 858 1138 923 Contra
1181 855 1462 925 latrones
1509 868 1707 945 atque
1752 856 2055 923 servilem
2097 877 2357 923 manum

987 978 1152 1053 Hoc,
1201 976 1327 1044 hoc
1369 977 1629 1044 tribuno
1672 976 1943 1043 militum
1964 977 1998 1040 Τ

693 1186 772 1234 47.
810 1186 925 1250 ora]
962 1197 1090 1234 aera
1123 1183 1357 1235 malebat
1389 1182 1672 1235 Bentleius.

561 1358 783 1422 poribus
816 1359 1011 1409 tribuni
1046 1358 1271 1410 militum
1299 1360 1612 1424 angusticla·
1687 1359 1972 1411 damnatus
2016 1362 2185 1422 esset,
2231 1361 2317 1411 cui
2351 1361 2496 1425 apud
2529 1362 2738 1411 exerci-

561 1433 633 1482 vii
681 1434 734 1483 in
778 1432 1042 1498 ordinem,
1061 1436 1370 1498 equestrem
1404 1433 1612 1484 adscri-

560 1506 846 1557 bebantur.
916 1506 1023 1558 Cfr.
1060 1508 1386 1572 Interpretes
1421 1507 1490 1557 ad
1520 1509 1611 1557 lu—

562 1594 687 1632 ven.
713 1582 773 1642 7,
799 1581 881 1631 89.
918 1582 1134 1631 Sueten.
1162 1581 1279 1631 Oth.
1310 1581 1389 1632 40.
1423 1582 1608 1645 ltaque

559 1655 665 1705 hoc
682 1668 855 1718 aeque
870 1654 1050 1705 valere
1060 1658 1272 1719 poterat
1288 1658 1343 1706 et
1359 1656 1428 1705 de
1442 1655 1610 1705 Vedio

559 1729 692 1780 Ruso
709 1730 764 1778 et
773 1728 841 1778 de
852 1731 1023 1780 Mena.
1041 1756 1095 1766 -
1112 1729 1297 1779 Othone
1312 1731 1606 1795 contempto]

560 1803 617 1853 L.
640 1803 862 1853 Roscius
881 1803 1016 1852 Otho
1039 1801 1162 1853 trib.
1183 1802 1253 1867 pl.
1276 1818 1324 1853 a.
1346 1817 1400 1853 u.
1422 1817 1468 1855 c.
1491 1806 1606 1856 687.

559 1874 735 1938 legem
769 1874 909 1936 tulit,
950 1890 1019 1926 ne
1042 1877 1161 1940 quis
1183 1877 1235 1926 in
1259 1877 1612 1941 quattuorde-

560 1951 667 2000 cim
689 1948 942 2012 gradibus
960 1950 1270 2001 orchestrae
1284 1988 1296 2011 ‚
1322 1952 1375 2002 in
1400 1964 1506 2016 qua
1529 1965 1613 2003 se-

560 2026 775 2074 natores
793 2021 1071 2084 sedebant,
1096 2026 1350 2088 proximis
1373 2026 1607 2088 sederet,

567 2098 668 2148 nisi
713 2098 805 2161 qui
855 2109 1023 2160 eques
1065 2100 1121 2148 et
1163 2101 1399 2162 equestri
1442 2114 1610 2152 censu

562 2172 724 2223 esset.
775 2171 888 2221 Hoc
922 2183 1049 2235 ergo
1073 2172 1223 2223 dicit:
1262 2174 1490 2225 «Vedius
1511 2188 1612 2239 per

560 2246 790 2297 facinora
822 2258 919 2296 sua
954 2246 1091 2297 adeo
1124 2247 1232 2297 iam
1266 2247 1416 2299 dives
1441 2249 1610 2301 faetus

560 2320 672 2380 est,
708 2320 769 2369 ut
800 2318 950 2370 facile
983 2321 1155 2384 possit
1187 2322 1451 2373 Othonem
1473 2324 1611 2375 eius-

559 2405 667 2457 que
701 2391 875 2456 legem
897 2399 1233 2456 contemnere,
1270 2395 1324 2445 id
1359 2399 1467 2456 est,
1504 2397 1608 2446 mi-

558 2467 702 2517 nime
738 2479 925 2518 curare
962 2481 1063 2520 nec
1097 2472 1367 2530 metuere,
1413 2483 1481 2520 ne
1514 2484 1609 2521 co-

558 2542 789 2605 gnitione
841 2542 910 2591 de
960 2544 1070 2594 suis
1118 2542 1339 2596 fortunis
1374 2545 1605 2596 instituta

560 2617 737 2667 minus
795 2629 958 2679 quam
1016 2618 1207 2668 CCCC.
1244 2616 1387 2669 milia
1443 2620 1506 2670 H.
1550 2621 1602 2670 S.

556 2689 836 2753 possidere
869 2692 1219 2755 reperiatur.»
1273 2693 1609 2744 «contemnit

557 2776 656 2812 sua
692 2775 817 2814 cum
849 2762 967 2826 lege
1002 2766 1289 2825 Othonem·⁹
1344 2767 1434 2830 qui
1478 2764 1602 2816 nibil

558 2839 742 2888 contra
797 2835 939 2888 illam
990 2838 1219 2890 admisit.
1274 2841 1454 2890 iuven.
1509 2840 1601 2901 40,

559 2910 672 2961 423.
726 2912 794 2962 de
849 2913 1132 2963 Cicerone:
1185 2913 1366 2963 Antoni
1412 2913 1608 2978 gladios

551 2986 716 3047 potuit
747 2990 1077 3048 contemnere,
1123 2988 1168 3036 si
1199 2988 1271 3037 sic
1305 2988 1487 3037 Omnia
1524 2988 1607 3038 di-

555 3059 724 3108 xisset.
763 3059 924 3109 Tacit.
951 3063 1085 3111 Ann.
1113 3062 1172 3123 2,
1213 3061 1303 3113 34:
1340 3076 1431 3112 nec
1452 3089 1482 3099 -
1507 3064 1607 3112 Ur—

555 3135 771 3199 maam'a
791 3135 1169 3198 obtemperavit,
1194 3138 1248 3187 in
1269 3138 1471 3188 donnum
1486 3139 1608 3189 Cae-

556 3211 692 3259 saris
727 3215 891 3272 spreto
937 3211 1108 3260 Pisone
1154 3210 1294 3274 (nihil
1342 3225 1466 3262 eum
1507 3226 1606 3263 cu-

559 3284 700 3345 rans)
729 3289 924 3334 vecta.»
946 3287 1220 3334 Gssnsnus.
1258 3283 1428 3336 Aliam
1445 3286 1604 3336 etiam

558 3370 787 3421 eamque
848 3356 1228 3423 simpliciorem
1286 3360 1605 3423 interpreta-

556 3434 755 3484 tionem
789 3432 956 3484 verba
990 3434 1178 3484 Othone
1206 3439 1482 3497 contempto
1515 3435 1606 3484 ad-

556 3509 787 3567 mittunt,
818 3513 979 3558 «trotz
1001 3509 1112 3559 dom
1133 3509 1305 3560 Gesotz
1327 3510 1411 3559 dos
1427 3509 1599 3570 Otho»,

555 3580 648 3631 ubi
668 3580 930 3644 (Iuvenale
949 3585 1255 3647 contempto
1272 3583 1320 3643 3,
1339 3582 1599 3646 ⁴52-459.)

556 3656 805 3706 statueris
824 3693 836 3715 ,
888 3655 1006 3720 lege
1057 3657 1244 3707 Roscia
1291 3657 1343 3706 id
1386 3669 1600 3721 quoque

557 3730 773 3779 cautum
797 3729 985 3791 fuisse,
1014 3745 1112 3781 «ne
1133 3733 1186 3781 in
1209 3730 1339 3782 XIV.
1364 3730 1597 3791 sederet,

556 3803 648 3865 qui
697 3816 874 3867 neque
928 3805 1185 3868 ingenuus
1236 3818 1412 3868 neque
1470 3805 1599 3855 civis

556 3879 703 3927 esset
725 3879 1016 3939 Romanus,
1056 3880 1144 3944 qui
1170 3879 1363 3930 iudicio
1385 3877 1600 3943 publico

1686 1436 1801 1483 tum
1836 1434 2153 1498 ignominiae
2187 1447 2348 1484 causa
2381 1433 2514 1485 ordo
2547 1434 2736 1486 adem-

1684 1509 1807 1571 ptus
1841 1510 2010 1568 esset,
2056 1509 2147 1572 qui
2182 1520 2412 1572 corpore
2446 1511 2734 1573 quaestum

1682 1578 2075 1631 lenociniumve
2112 1582 2271 1645 quive
2305 1581 2612 1632 lanistarum
2646 1595 2737 1633 ar-

1684 1654 1863 1704 temve
1930 1653 2188 1705 ludicram
2254 1654 2529 1715 sacen-en»
2596 1668 2734 1719 quae

1688 1726 1855 1777 verba
1890 1731 2018 1778 sunt
2049 1729 2391 1792 Marquardtii
2412 1729 2535 1779 Hise.
2560 1730 2732 1790 Equis.

1682 1805 1823 1855 Rom.
1860 1817 1914 1868 p.
1952 1805 2034 1856 58.
2107 1804 2213 1856 Cfr.
2257 1806 2451 1869 Zumpt
2491 1806 2616 1856 iiber
2656 1807 2736 1856 dio

1683 1879 1823 1929 Rom.
1882 1881 2055 1930 Ποίων.
2108 1879 2239 1929 Ber-l.
2285 1879 2527 1929 Abhandl.
2583 1878 2727 1930 4839.

1684 1965 1807 2016 pag.
1844 1952 1926 2003 95.

1751 2027 1813 2077 47
1831 2027 1957 2077 -20,
2007 2041 2103 2077 ora
2124 2054 2154 2064 -
2174 2054 2204 2064 -
2223 2025 2477 2090 Romam]
2530 2028 2732 2078 «rostra

1681 2101 1736 2150 in
1770 2102 1985 2151 navium
2018 2102 2244 2166 proris.»
2280 2102 2390 2152 Etsi
2412 2102 2528 2151 sine
2552 2113 2733 2151 exem-

1680 2172 1769 2238 plo
1824 2174 2028 2225 dictum
2082 2174 2318 2234 videtur,
2390 2187 2497 2224 non
2551 2177 2732 2225 tamen

1680 2251 1967 2312 propterea
2021 2248 2340 2299 mutandum
2389 2260 2514 2299 cum
2566 2249 2733 2299 Sana-

1682 2321 1825 2372 dono
1870 2323 1923 2371 in
1962 2326 2134 2371 rostra
2152 2347 2183 2359 -
2205 2348 2234 2359 -
2252 2322 2446 2372 Aer-ata
2476 2320 2561 2372 vel
2606 2334 2730 2372 cum

1681 2393 1920 2446 Bentleio
1953 2396 2006 2444 in
2036 2394 2254 2459 volgare
2284 2393 2411 2445 illud
2442 2408 2594 2445 aera:
2630 2408 2733 2445 nec

1682 2481 1810 2519 vero
1844 2469 1959 2520 sine
1992 2481 2153 2521 causa
2175 2469 2362 2520 Bosius
2383 2481 2503 2534 pag.
2530 2468 2611 2520 47.
2638 2468 2734 2519 du-

1683 2542 1845 2605 bitat,
1885 2557 2015 2595 num
2048 2557 2176 2594 aera
2210 2548 2436 2615 rostrata
2468 2544 2596 2595 satis
2630 2545 2733 2594 La-

1682 2618 1788 2667 tine
1834 2617 1937 2667 dici
1980 2618 2213 2682 possint,
2264 2620 2549 2682 propterea
2586 2617 2731 2682 quod

1679 2704 1766 2742 aas
1811 2704 1912 2756 pro
1964 2694 2081 2756 ipso
2132 2693 2304 2743 rostro
2353 2693 2619 2756 ponatur,
2673 2695 2731 2742 ut

1679 2770 1810 2817 Aen.
1844 2766 1905 2825 4,
1944 2765 2037 2816 39;
2073 2779 2279 2828 mamas
2307 2766 2429 2816 salis
2459 2780 2578 2816 aere
2608 2779 2731 2817 ruo-

1679 2839 1816 2889 bant.
1875 2838 1979 2890 Cfr.
2018 2839 2173 2889 Diod.
2211 2840 2311 2889 Sic.
2351 2839 2444 2901 43,
2480 2838 2571 2891 to:
2606 2844 2730 2902 τοῖς

1680 2909 1937 2979 στόμασι
1971 2908 2084 2964 τῶν
2105 2909 2477 2979 ἐμβόλων.-
2421 2915 2695 2978 -9,·ωυ,·-

1672 2987 1917 3051 pondere]
1963 2986 2033 3038 ob
2068 2989 2240 3052 ipsam
2273 2989 2490 3039 navium
2524 2990 2731 3052 magni-

1679 3061 1937 3112 tudinem.
1979 3088 2033 3096 —
2071 3061 2307 3126 latrones]
2346 3062 2517 3122 «Quid
2560 3063 2729 3127 prod-

1680 3137 1764 3186 est
1812 3136 2007 3185 armari
2059 3134 2288 3187 classem
2329 3136 2398 3187 ab
2446 3138 2728 3188 Octaviano

1679 3210 1865 3259 contra
1887 3207 2131 3271 fugitivos
2147 3247 2159 3269 ,
2198 3222 2336 3274 quos
2358 3211 2585 3261 armavit
2605 3211 2725 3260 Sex.

1677 3283 1991 3347 Pompeius,
2029 3284 2073 3334 si
2107 3283 2306 3335 Vedius
2321 3322 2333 3345 ‚
2370 3282 2496 3334 olim
2538 3296 2728 3336 servus

1677 3370 1742 3406 ac
1775 3354 1911 3407 latro
1928 3394 1941 3417 ,
1987 3355 2232 3408 tribunus
2267 3370 2410 3408 nunc
2445 3358 2613 3409 factm
2646 3360 2730 3408 est

1677 3428 1904 3481 militum
1960 3432 2017 3479 et
2082 3428 2270 3482 classis
2334 3431 2679 3497 praefectus?
2700 3451 2725 3476 ι·

1677 3504 1861 3554 Senot..
1922 3500 2107 3554 Florus
2142 3502 2200 3565 t,
2226 3503 2275 3564 8,
2301 3505 2362 3554 2:
2403 3506 2538 3567 (Sex.
2564 3506 2726 3555 Pom-

1675 3576 1854 3641 peius)
1913 3577 1954 3626 Ο
2000 3590 2158 3639 quam
2209 3578 2431 3628 &vorm
2473 3592 2510 3627 a
2540 3583 2724 3641 pau-0!

1675 3652 1762 3702 Ille
1811 3652 1992 3702 Cilicas
2040 3652 2381 3703 meimet-at.-
2435 3652 2514 3702 hic
2561 3665 2729 3703 socnam

1669 3725 1874 3787 piratas
1903 3726 2111 3777 ”wales
2142 3726 2388 3790 aaitabat.
2445 3727 2521 3776 Ac
2544 3726 2613 3777 de
2636 3739 2730 3777 eo-

1676 3797 1802 3848 dem
1856 3801 2052 3850 Lucan.
2093 3799 2145 3859 4,
2202 3799 2290 3851 43τ
2350 3800 2553 3851 sor-vilia
2598 3799 2727 3850 bella

1673 3872 1764 3921 sub
1795 3873 1973 3924 Aetna.

1417 4134 1849 4142 -ο-Ψ--ο--ῳ-ι-
