3234 4975
1232 417 1350 468 Lm.
1388 418 1472 467 m.
1545 418 1603 468 C.
1642 418 1773 468 Vm.

2481 416 2606 480 399

774 573 945 639 Mitte
989 571 1211 641 civiles
1254 592 1454 659 super
1496 571 1660 638 urbe
1702 593 1926 640 curas:

774 694 1029 760 Occidit
1070 693 1228 761 Daci
1274 693 1595 761 Cotisonis
1642 714 1914 781 agmen,

772 815 1000 882 Medus
1042 814 1312 882 infestus
1356 813 1479 881 sibi
1526 812 1844 882 luctuosis

1118 935 1405 1001 Dissidet
1447 935 1683 1011 armis,

558 1097 637 1146 47.
674 1096 835 1146 civilis
866 1097 923 1146 B.
966 1123 1020 1132 —
1061 1096 1141 1146 48.
1182 1096 1518 1146 «Torrentius
1554 1098 1820 1147 memorat
1853 1094 2018 1146 multo
2055 1094 2237 1162 plures
2271 1099 2325 1147 et
2357 1096 2540 1148 melio-

492 1184 580 1222 res
613 1184 680 1220 ex
713 1171 823 1221 suis
858 1169 1060 1220 habere
1097 1170 1390 1230 Cotisontis,
1444 1169 1589 1232 quod
1623 1170 1711 1219 vix
1746 1168 2004 1220 credibile
2057 1173 2190 1223 est.»
2248 1172 2431 1221 Brun..
2475 1198 2529 1208 —

494 1244 574 1294 49.
632 1245 821 1308 infestis
866 1245 959 1294 sibi
1008 1245 1243 1294 lactuosis
1293 1244 1404 1309 (sic)
1441 1245 1480 1294 T
1502 1282 1514 1304 ,

1573 1244 1763 1307 infestis
1812 1245 1903 1293 sibi
1952 1246 2204 1295 luctuosus
2237 1258 2363 1296 cum
2398 1245 2529 1296 Cod.

491 1317 722 1369 Galeano
760 1318 930 1382 (nobis
964 1315 1021 1384 ξ)
1055 1321 1116 1369 N.
1155 1319 1353 1369 Heinsii
1389 1319 1525 1368 coni.
1565 1317 1810 1368 firmante
1845 1317 2129 1369 Bentleius

426 1448 515 1508 49,
554 1448 678 1498 ⁴95:
738 1449 845 1498 iam
894 1450 1195 1498 domitam
1227 1446 1477 1512 lucer-m.)

425 1523 510 1572 Sic
562 1523 706 1572 enim
750 1521 891 1572 malo
943 1523 1280 1587 interpretari
1313 1533 1477 1584 quam

425 1609 550 1646 cum
600 1595 923 1647 Porcellino:
978 1597 1090 1647 «ad
1125 1610 1260 1661 quas
1292 1594 1478 1659 vigila-

425 1668 571 1730 ἴοι-ς»
631 1672 732 1721 etsi
782 1672 885 1722 hoc
936 1673 1112 1736 ipsum
1164 1685 1231 1722 ex
1289 1684 1476 1721 earum

422 1758 521 1808 per
554 1748 768 1796 noctem
803 1748 1106 1797 continuato
1129 1745 1322 1797 ardore
1345 1758 1477 1796 con-

428 1821 687 1882 sequitur.

481 1894 563 1943 46.
585 1894 788 1944 Clamor
798 1898 845 1945 et
856 1894 956 1959 ira]
970 1895 1139 1945 «inter
1157 1908 1272 1957 nos,
1288 1896 1471 1958 utpote

423 1966 509 2016 die
546 1966 709 2029 testo,
747 1981 911 2031 quem
948 1969 999 2018 in
1024 1969 1285 2020 honorem
1308 1967 1472 2019 deum

421 2040 753 2091 celebratum
778 2040 898 2092 talia
932 2042 1239 2106 profanant,
1278 2054 1473 2107 quem-

422 2128 526 2178 que
550 2117 795 2179 potantes
817 2129 917 2179 per
938 2129 1208 2167 summam
1231 2118 1470 2201 quietem

420 2190 825 2252 transigemus.»
868 2191 1112 2240 Horatius
1130 2192 1303 2240 amico
1318 2190 1470 2254 quasi

420 2263 647 2327 spondet
676 2262 821 2314 afore
845 2263 914 2312 ab
944 2264 1048 2313 hac
1072 2265 1466 2336 cympotatione

420 2336 794 2388 altercationes
830 2340 886 2387 et
919 2339 1112 2401 iurgia,
1159 2352 1298 2401 quae
1333 2338 1471 2387 inter

421 2412 567 2463 bene
594 2414 750 2476 potos
779 2414 927 2464 nasci
944 2412 1134 2464 solent.
1173 2412 1326 2473 Quod
1349 2425 1471 2476 pro-

420 2489 645 2538 missum
689 2500 814 2537 cum
870 2487 1157 2538 abhorreat
1200 2501 1230 2538 a
1276 2488 1468 2537 nostris

417 2560 684 2622 moribus,
712 2560 797 2611 alii
820 2560 972 2612 aliter
994 2562 1324 2625 interpretati
1345 2564 1469 2611 sunt

417 2636 871 2687 accommodatius
914 2636 984 2686 ad
1025 2638 1159 2687 haec
1202 2639 1464 2700 tempora,

417 2710 516 2762 sed
545 2723 737 2774 parum
772 2712 1153 2761 convenienter
1184 2709 1256 2760 ad
1275 2712 1466 2773 poetae

415 2784 611 2834 verba:
649 2786 694 2848 4)
724 2786 859 2835 «Nos
878 2799 986 2836 non
1003 2785 1310 2836 curabimus
1326 2783 1465 2836 bella

417 2861 471 2910 et
502 2871 707 2922 pugnas
740 2872 843 2909 nec
866 2858 1351 2910 sermocinabimur
1383 2860 1468 2909 in-

417 2936 500 2984 ter
528 2934 654 2984 vina
688 2932 756 2984 de
791 2935 1015 2998 strepitu
1049 2934 1104 2984 et
1148 2933 1326 2984 furore
1364 2946 1467 2998 pu-

417 3009 740 3070 gnantium.»
825 3007 875 3071 2)
928 3010 1035 3059 «Ne
1087 3007 1308 3058 clientes
1358 3008 1462 3069 tui,

417 3095 644 3145 quorum
697 3095 850 3134 mens
901 3086 983 3133 est
1028 3083 1080 3133 in
1123 3081 1355 3146 querelis
1402 3094 1466 3131 ac

416 3152 593 3206 litibus
628 3157 766 3216 suis,
804 3156 907 3206 hoc
941 3155 1133 3220 geniali
1168 3155 1254 3206 die
1292 3158 1342 3206 te
1378 3168 1467 3206 oc—

416 3232 667 3293 cupatum
729 3232 946 3280 teneant
1002 3231 1240 3294 mihique
1292 3229 1466 3280 dene-

415 3305 591 3366 gent.»
642 3303 742 3365 (Sic
780 3304 1111 3355 Medenbach
1141 3305 1376 3355 Wakker
1413 3306 1468 3355 et

414 3376 662 3436 Litbker.)

372 3495 379 3503 .
482 3451 543 3501 47
550 3487 561 3499 .
597 3462 747 3511 super
767 3449 905 3512 urbe]
940 3452 1192 3512 quoniam
1230 3464 1465 3517 praepo-

413 3525 547 3574 situs
569 3523 691 3572 urbi
714 3524 850 3583 erat,
879 3522 1101 3573 absente
1126 3528 1181 3575 et
1203 3526 1463 3590 occupato

415 3600 468 3649 in
492 3597 704 3647 Oriente
739 3595 1007 3658 Augusto:
1038 3597 1199 3647 Tacit.
1235 3601 1370 3650 Ann.
1411 3600 1461 3661 6,

415 3671 502 3722 44ε
563 3672 817 3734 Augustus
850 3669 985 3719 bellis
1015 3669 1239 3721 civilibus
1284 3673 1462 3734 (etiam

412 3747 599 3809 postea
618 3783 630 3806 ,
666 3744 757 3794 ubi
780 3742 966 3808 procul
991 3743 1179 3794 aberat
1209 3744 1278 3794 ab
1308 3746 1462 3810 urbe)

413 3819 629 3869 Cilnitom
677 3820 1044 3880 Maecenatem,
1097 3820 1337 3878 equestris
1375 3833 1464 3868 or-

412 3892 566 3953 dinis,
622 3894 811 3943 cunctis
858 3894 998 3956 apud
1048 3894 1259 3942 Romam
1313 3897 1465 3954 atque

411 3967 614 4017 Italiam
640 3968 1033 4030 praeposuit.
1067 3993 1121 4003 -
1159 3968 1345 4029 Praep.
1375 3978 1462 4014 su—

406 4054 501 4103 per
522 4041 599 4091 sic
622 4043 727 4091 iam
750 4042 893 4106 apud
916 4041 1081 4092 Plaut.
1109 4041 1301 4090 Bacch.
1332 4039 1427 4088 462
1447 4052 1458 4087 2

413 4117 544 4178 Quid
560 4117 804 4180 factitasti
835 4117 1090 4167 mandatis
1118 4114 1313 4177 super?
1346 4114 1454 4164 Cic.

414 4190 482 4240 ad
513 4193 617 4242 Att.
656 4191 748 4254 44,
784 4192 877 4242 22;
913 4204 1065 4254 super
1094 4190 1355 4254 leuatione.
1399 4212 1451 4222 —

410 4265 576 4316 civiles
619 4268 798 4317 autem
842 4279 997 4317 escrae
1036 4265 1338 4316 referuntur
1387 4261 1457 4312 ad

1553 1459 1644 1497 res
1667 1447 1943 1497 intestinas
1960 1486 1972 1509 ‚
2000 1447 2208 1497 «domi»
2234 1449 2603 1501 administran-

1553 1519 1684 1579 das3
1723 1518 2038 1571 militaribus
2070 1522 2388 1586 providebat
2429 1528 2603 1587 Augu-

1552 1597 1667 1645 stus
1700 1607 1826 1645 cum
1859 1596 2105 1660 Agrippa.

1617 1668 1697 1719 48.
1754 1670 1944 1719 Occidit
1981 1670 2113 1734 cet.]
2159 1673 2330 1723 «Nam
2382 1674 2597 1736 omnia,

1549 1754 1690 1804 quae
1726 1742 1795 1792 ad
1829 1756 1947 1793 rem
1991 1742 2262 1809 publicam
2311 1748 2596 1811 pertinent,

1548 1816 1655 1866 iam
1677 1815 1814 1866 laeta
1848 1819 1973 1868 sunt
2006 1820 2060 1868 et
2092 1819 2258 1870 fausta
2296 1822 2597 1873 Romanis.»

1551 1916 1607 1926 —-
1656 1891 1817 1956 Daci]
1871 1894 2027 1953 Daci,
2086 1895 2176 1957 qui
2226 1896 2360 1947 fines
2403 1898 2600 1949 Roma-

1547 1977 1648 2015 nos
1689 1967 1951 2017 continuis
1989 1967 2379 2021 incursionibus
2423 1984 2599 2037 popu-

1545 2036 1795 2091 labantur
1834 2040 1972 2092 duce
2015 2055 2141 2106 rege
2189 2044 2426 2107 ipsorum
2462 2048 2598 2097 Coti-

1543 2127 1694 2177 sone,
1754 2117 1979 2166 Antonio
2023 2121 2206 2168 contra
2252 2121 2597 2172 Octavianum

1544 2201 1768 2252 operam
1804 2203 1959 2242 suam
1992 2191 2233 2255 polliciti,
2279 2207 2471 2257 parum
2517 2197 2598 2244 ta-

1545 2275 1671 2312 men
1723 2262 1913 2313 auxilio
1964 2264 2203 2324 fuerunt,
2271 2270 2393 2331 post
2443 2281 2472 2316 a
2525 2270 2591 2319 M.

2127 2340 2240 2403 (Dio
2263 2342 2318 2390 54
2345 2380 2355 2401 ,
2382 2342 2464 2401 23,
2490 2343 2594 2405 25.)

2014 2412 2261 2475 Lentulo,
2333 2415 2594 2466 incertum

1544 2337 1738 2387 Crasso
1773 2350 1822 2386 a.
1861 2351 1912 2387 u.
1951 2338 2065 2389 724.

1543 2411 1846 2473 iterumque
1916 2425 1947 2461 a

1543 2498 1650 2549 quo
1675 2499 1849 2546 anno,
1886 2489 2137 2550 repressi.
2189 2489 2301 2538 Hoc
2322 2488 2440 2540 loco
2463 2503 2594 2541 sane

1541 2560 1883 2622 cogitandum
1956 2561 2023 2611 de
2099 2563 2276 2612 Crassi
2348 2564 2589 2615 victoria.

1542 2635 1745 2684 Franke
1781 2635 1834 2684 F.
1874 2635 1935 2685 H.
1973 2647 2026 2697 p.
2067 2635 2180 2684 ⁴55.
2219 2638 2273 2685 et
2307 2637 2419 2686 ⁴58.
2469 2639 2595 2688 We-

1541 2706 1643 2758 ber
1675 2709 1849 2758 Horaz
1880 2721 1933 2771 p.
1961 2707 2098 2768 240..
2136 2710 2228 2771 qui
2263 2711 2360 2759 Cn.
2390 2710 2592 2762 Lentuli

1541 2782 1936 2846 expeditionem
2002 2781 2168 2832 refert
2230 2782 2299 2834 ad
2366 2798 2415 2834 a.
2474 2785 2589 2835 736.

1540 2856 1694 2906 Estre
1729 2857 1855 2907 Hor.
1893 2858 1976 2907 Pr.
2013 2870 2066 2920 p.
2104 2857 2218 2907 228.
2290 2858 2434 2907 Suet.
2477 2859 2590 2908 Oct.

1538 2931 1622 2980 24.
1651 2928 1784 2981 Flor.
1812 2930 1869 2991 4,
1898 2932 1987 2992 42,
2015 2931 2095 2981 49.
2133 2932 2386 2982 Getarum
2406 2944 2593 2996 regem

1541 3005 1848 3055 Cotisonem
1887 3008 2046 3055 vocat
2079 3006 2295 3056 Sueton.
2350 3007 2463 3058 Oct.
2500 3007 2582 3057 63.

1540 3080 1780 3129 Etenim:
1818 3080 2156 3143 aliasGetae,
2195 3081 2325 3131 Daci
2353 3083 2590 3132 Romanis

1539 3156 1675 3205 dicti.
1702 3154 1829 3205 Plin.
1856 3156 1918 3205 H.
1939 3157 1998 3205 N.
2026 3154 2086 3217 4,
2112 3157 2194 3206 25.
2226 3184 2282 3194 -
2321 3156 2587 3221 Cotisonis]

1539 3231 1652 3280 Hac
1684 3228 1883 3291 forma,
1921 3243 2028 3279 non
2069 3230 2328 3280 Cotisontis
2360 3231 2590 3295 (Codd.‘?

1538 3303 1837 3367 Torrentii),
1869 3305 2034 3353 utitur
2056 3305 2215 3354 etiam
2240 3305 2385 3355 Suet.
2414 3306 2526 3355 Oct.
2551 3303 2586 3355 l.

1537 3376 1600 3427 l.:
1645 3379 1870 3427 Primum
1909 3391 2022 3427 eum
2067 3378 2444 3440 (Octavianum)
2484 3379 2590 3428 An-

1537 3453 1672 3503 tonio
1702 3452 1808 3516 tilio
1833 3465 1922 3500 suo
1947 3452 2006 3514 (s.
2033 3450 2257 3514 Antyllo)
2283 3452 2592 3513 despondisse

1536 3528 1742 3588 Iuliam,
1780 3526 1893 3574 dein
1916 3525 2157 3585 Cotisoni,
2196 3524 2440 3574 Getarum
2459 3526 2584 3588 regi.

1539 3599 1723 3651 Florus
1761 3599 1796 3649 l.
1837 3598 1902 3648 l.:
1955 3599 2087 3648 Daci
2134 3599 2382 3648 montibus
2412 3598 2590 3648 inhae-

1536 3680 1679 3735 rent,
1713 3673 1955 3724 Cotisonis
1974 3673 2109 3735 reqis
2128 3672 2355 3734 imperia.
2398 3671 2583 3721 Bam.

1604 3749 1686 3799 49.
1738 3747 1935 3811 Medus]
1983 3746 2218 3806 «Parthi,
2278 3745 2588 3810 sempiterni

1536 3822 1744 3886 imperii
1767 3821 1986 3870 Romani
2010 3819 2211 3878 hostes,
2237 3818 2375 3868 inter
2395 3819 2589 3869 Phraa-

1536 3896 1602 3946 tis
1636 3895 1778 3958 regis
1813 3896 1868 3943 et
1900 3892 2142 3943 Tiridatis
2177 3890 2373 3942 exsulis
2405 3895 2586 3957 partes
2638 3950 2644 3957 ,

1534 3969 1797 4019 intestinis
1831 3979 1972 4016 nunc
1996 3965 2277 4016 discordiis
2301 3967 2581 4030 agitantur,

1536 4041 1673 4091 adeo
1724 4043 1783 4091 ut
1831 4040 2021 4100 armis,
2091 4052 2228 4103 quae
2287 4042 2584 4091 contrariae

1534 4113 1792 4164 factiones
1827 4115 2205 4177 sumpserunt,
2241 4113 2456 4166 sibimet
2484 4115 2583 4179 ipsi

1533 4186 1717 4238 clades
1752 4184 1942 4237 illaturi
1985 4189 2139 4239 sint.»
2208 4188 2418 4240 Scilicet
2450 4189 2583 4238 Tiri—

1533 4262 1714 4324 dates,
1753 4263 1844 4327 qui
1877 4265 2060 4314 contra
2094 4265 2374 4315 Phraatem
2408 4264 2584 4313 insur-
