3234 4975
1260 414 1380 464 ΜΒ.
1421 415 1482 464 11.
1556 414 1615 465 C.
1656 414 1761 463 XX.

2526 409 2639 473 331

820 567 923 632 Me
970 565 1247 634 Colchus
1292 576 1356 635 et
1399 569 1511 656 qui
1556 567 1917 635 dissimulat
1958 577 2199 634 metum

823 688 1072 756 Marsae
1117 688 1400 756 cohortis
1444 691 1661 756 Dacus
1704 698 1769 755 et
1811 688 2015 755 ultimi

896 811 1179 876 Noscent
1221 809 1487 883 Geloni,
1535 831 1641 877 me
1685 809 1933 898 peritus

987 930 1208 998 Discet
1248 930 1449 998 Hiber
1492 929 1917 1020 Rhodanique
1960 941 2166 1019 potor.

2566 931 2650 995 20

817 1087 1043 1154 Absint
1084 1089 1256 1155 inani
1302 1089 1527 1157 funere
1573 1089 1806 1157 neniae

818 1212 1193 1298 Luctusque
1241 1221 1468 1298 turpes
1513 1221 1580 1278 et
1622 1211 2109 1300 querimoniae3

901 1332 1262 1419 Compesce
1306 1329 1657 1399 clamorem
1698 1352 1776 1399 ac
1820 1331 2103 1419 sepulcri

989 1452 1165 1520 Mitte
1210 1472 1655 1540 supervacuos
1698 1453 1999 1521 honores.

609 1614 691 1663 20.
727 1612 838 1663 Iber
870 1614 991 1664 Lct.

475 1727 855 1806 Ὑπερβορέων
887 1726 1003 1784 ἀνὰ
1035 1732 1244 1800 δῆμον.
1317 1735 1527 1787 «Visam
1602 1733 1792 1786 Troad.
1830 1736 1886 1785 9:
1925 1736 2012 1797 qm·
2031 1762 2061 1773 -
2082 1736 2297 1799 septena
2334 1737 2527 1787 Tanain
2559 1752 2655 1788 ora

482 1821 702 1872 campos
745 1808 860 1860 illos
902 1808 1080 1861 felices
1114 1822 1277 1875 supra
1309 1808 1530 1874 Aquilo-

483 1895 609 1932 nem
658 1885 714 1933 et
766 1884 1028 1948 Rhipaeos
1076 1887 1290 1935 montes
1343 1885 1527 1936 sitos.»

486 1954 629 2019 (Plin.
667 1957 729 2007 Η.
767 1959 827 2007 Ν.
865 1957 922 2019 4,
959 1958 1062 2021 26.)

550 2030 629 2081 48.
688 2033 894 2082 Marsae
941 2032 1181 2097 cohorti-s]
1237 2032 1397 2085 Marsi
1429 2045 1529 2097 pro

485 2103 781 2156 fortissimis
826 2105 1004 2157 Italiae
1046 2105 1255 2171 populis
1290 2108 1345 2156 et
1375 2106 1531 2171 pedi-

486 2181 624 2229 tatus
658 2181 878 2231 Romani
911 2180 1109 2231 robore
1155 2180 1528 2241 habebantur3

485 2253 620 2303 «hoc
685 2254 840 2318 igitur
893 2254 1060 2305 robur
1113 2257 1306 2306 metuit
1357 2257 1533 2306 Dacus

486 2325 730 2389 rebellis,
768 2327 864 2379 sed
897 2342 1029 2393 prae
1062 2329 1269 2394 pudore
1304 2329 1451 2393 fingit
1471 2342 1531 2380 se

484 2400 672 2451 timore
703 2414 951 2453 vacare.»
990 2430 1045 2440 —
1089 2402 1186 2452 Alii
1222 2403 1530 2466 maciei-ius,

482 2474 833 2527 Walckenaer
865 2478 928 2528 11.
967 2490 1020 2542 p.
1068 2476 1204 2540 208.)
1253 2477 1535 2542 interpun-

485 2554 615 2612 gunt
648 2554 771 2615 post
802 2565 854 2601 v,
880 2553 1122 2614 cohorti-3,
1159 2554 1218 2602 ut
1248 2553 1333 2603 his
1365 2566 1451 2603 vv,
1488 2557 1535 2603 et

489 2626 576 2685 qm·
596 2652 626 2663 -
646 2652 678 2663 -
699 2627 913 2676 cohorti-5
943 2626 1307 2690 significentur
1335 2628 1529 2678 Parthi.

482 2701 596 2750 Non
647 2698 827 2763 placet
875 2703 1095 2764 propter
1133 2702 1533 2752 incommodum

483 2768 804 2824 ἀσύνδετον
837 2776 958 2824 ante
993 2788 1044 2822 v.
1082 2776 1270 2825 Dacus.

552 2849 632 2898 49.
671 2848 899 2913 Noscant]
938 2849 1186 2900 «audient
1206 2863 1390 2901 meum
1413 2863 1537 2902 can·

485 2927 651 2973 tum.»
720 2924 914 2974 Statius
947 2922 1113 2973 Theb.
1142 2925 1230 2986 42,
1256 2924 1387 2975 844ε
1425 2926 1537 2976 [am

484 3003 531 3046 te
565 2996 868 3061 (Thebaida)
911 2998 1267 3061 ηιαρνιαηὼνκω
1297 2999 1539 3062 aiqnamr

483 3084 716 3124 noscens
768 3073 981 3132 Caesar,
1057 3073 1191 3123 Itala
1227 3074 1335 3123 iam
1376 3074 1537 3124 studio

488 3159 656 3198 mscn·
677 3151 1017 3209 maneretque
1032 3148 1275 3199 iuvenum.
1306 3175 1361 3184 —
1389 3149 1538 3199 Gelo-

484 3222 566 3285 ni]
600 3220 748 3272 Conf.
786 3221 882 3272 cd.
916 3222 977 3283 2,
1015 3221 1076 3283 9,
1112 3221 1194 3273 23.
1237 3249 1292 3259 —-
1323 3224 1533 3288 parim]

487 3308 586 3359 per
617 3294 921 3360 prolepsin:
961 3295 1085 3346 «ubi
1118 3295 1402 3361 aliquando
1436 3299 1539 3348 erit

479 3370 702 3432 peritas,
739 3369 980 3428 cultus»;
1018 3369 1281 3433 absolute,
1318 3374 1377 3422 ut
1398 3372 1532 3437 Epp.

487 3445 545 3504 2,
582 3444 640 3502 2,
676 3443 801 3493 243;
841 3444 1015 3494 decede
1038 3447 1231 3506 pertus.
1288 3448 1535 3511 «Hispani

488 3521 544 3568 et
565 3516 691 3567 Galli
714 3514 1070 3579 Transalpini,
1097 3522 1186 3581 qui
1211 3534 1351 3572 nunc
1371 3522 1536 3572 rudes

487 3594 613 3642 sunt
645 3592 806 3653 atque
840 3589 1048 3652 inculti,
1087 3593 1412 3645 humanitate
1448 3596 1539 3646 ali-

488 3664 702 3729 quando
747 3663 936 3715 imbuti
987 3665 1181 3730 cupide
1216 3680 1366 3719 meos
1399 3683 1538 3733 quo-

488 3753 593 3803 que
630 3741 818 3790 cantus
851 3739 1123 3790 audient.»

552 3815 633 3865 20.
672 3814 992 3876 Rhodanique
1019 3815 1198 3878 potor]
1254 3816 1533 3878 «accola»;

487 3902 552 3938 ex
616 3888 981 3952 antiquissima
1048 3889 1253 3939 ratione
1315 3890 1538 3953 populos

487 3962 817 4026 designandi.
887 3961 1032 4013 Iliad.
1070 3961 1140 4024 β,
1176 3965 1301 4016 82δε
1343 3965 1538 4015 πίνον-

485 4052 578 4100 τες
602 4029 754 4108 ὕδωρ
773 4035 956 4102 μέλαν
978 4033 1535 4104 Alory‘noco.Pinda1-.

488 4110 697 4177 Olymp.
737 4113 797 4169 6,
823 4113 921 4162 85;
970 4107 1259 4178 Θήβανμ-
1228 4109 1383 4175 -τᾶς
1405 4109 1539 4183 ἐρα-

485 4183 672 4237 τεινὸν
750 4177 902 4257 ὕδωρ
982 4186 1221 4252 monac.

1597 1811 1899 1872 pandentem
1920 1809 2054 1859 bibit.
2094 1836 2147 1847 -
2190 1811 2301 1861 Hoc
2336 1824 2463 1875 ergo
2498 1811 2649 1863 dicit:

1606 1886 1739 1934 «Per
1788 1887 1958 1935 totum
1999 1883 2192 1935 orbem
2234 1887 2501 1936 terrarum
2548 1887 2655 1937 Ro-

1604 1971 1765 2009 mano
1814 1959 2038 2023 imperio
2102 1958 2407 2011 subiectum
2457 1973 2654 2011 nomen

1603 2047 1790 2084 meum
1822 2032 2253 2098 propagabitur.»

1669 2109 1751 2158 24.
1790 2109 1872 2158 22.
1919 2109 2063 2158 inani
2098 2109 2382 2173 Μανῆ.
2357 2108 2654 2172 «quoniam

1604 2182 1827 2245 quidem
1861 2179 2018 2232 abest
2051 2195 2276 2246 eorpus,
2314 2182 2461 2245 quod
2494 2194 2656 2246 sepe-

1604 2255 1687 2307 liri
1718 2257 1939 2320 possit.
1979 2282 2036 2293 —·
2070 2256 2271 2320 neniae]
2325 2269 2460 2319 quas
2492 2269 2656 2320 prae-

1605 2329 1742 2381 fieae
1776 2343 1973 2381 canere
2006 2329 2280 2389 solebant;
2317 2331 2661 2392 querirnomao

1606 2404 1901 2455 amicorum
1953 2406 2095 2455 sunt.
2165 2405 2294 2456 Mire
2345 2404 2658 2454 Sanadonus

1605 2479 1806 2530 iunxit:
1859 2483 1906 2530 et
1949 2478 2293 2541 querimoniae
2326 2478 2463 2542 (gen.
2501 2477 2654 2541 sing.)

1605 2567 1856 2616 comesve
1874 2554 2159 2604 claonorom.
2192 2580 2247 2589 —
2274 2554 2458 2618 tta-pos]
2497 2565 2659 2616 «qua-

1607 2631 1765 2678 tenus
1816 2628 2007 2678 t'aciem
2058 2627 2413 2677 deformant.»
2504 2626 2654 2676 Ovid.

1607 2705 1669 2752 Α.
1707 2704 1767 2751 A.
1805 2702 1864 2760 4,
1903 2700 2030 2752 534:
2105 2701 2369 2752 Clamabat
2414 2700 2661 2765 flebatque

1606 2776 1789 2836 simul,
1842 2776 1928 2825 sed
1957 2780 2226 2837 umque
2273 2775 2499 2835 decebat,
2557 2775 2660 2823 Nec

1605 2850 1747 2912 facta
1794 2854 1863 2899 est
1912 2849 2136 2899 lacn-iniis
2184 2850 2383 2912 turpior
2413 2849 2506 2898 illa
2536 2848 2655 2898 suis.

1609 2924 1808 2975 Ennius
1824 2923 1968 2986 apud
1986 2925 2095 2974 Cic,
2121 2924 2275 2975 Tuso.
2304 2925 2351 2984 4,
2380 2924 2467 2972 4δι
2502 2924 2661 2973 Nemo

1606 3012 1687 3049 me
1719 2999 1958 3048 lacrumis
1991 3000 2186 3049 decoret
2217 3011 2307 3048 nec
2336 2998 2522 3060 simam
2539 3000 2662 3062 fletu

1609 3074 1780 3123 Fama.
1833 3072 1937 3123 Gur
1953 3072 1980 3122 5³
2043 3073 2196 3123 Volito
2242 3073 2376 3122 vivu'
2419 3086 2519 3134 per
2564 3085 2661 3122 ora

1606 3149 1793 3198 vinam.
1863 3148 2066 3198 Seneca
2102 3148 2196 3211 Ep.
2243 3147 2342 3196 92:
2400 3148 2661 3197 Neminem

1608 3224 1671 3273 de
1701 3234 1933 3284 napi-emo
1968 3222 2131 3286 officio
2162 3235 2305 3285 rogo.
2373 3221 2515 3271 Num
2543 3220 2663 3270 reli—

1609 3297 1758 3360 quiae
1778 3309 1916 3346 meas
1936 3296 2239 3346 commendo.
2306 3296 2504 3346 Diserte
2523 3296 2663 3346 Mao-

1607 3383 1759 3421 cenas
1797 3371 1996 3431 inquit:
2055 3371 2189 3420 «Nec
2221 3370 2470 3419 tantalum
2500 3381 2659 3426 marm·

1607 3445 1781 3508 sepelit
1811 3446 2015 3494 Natura
2044 3445 2294 3494 relictos.»

1676 3518 1759 3571 24.
1795 3531 2131 3580 supervacuos
2161 3516 2396 3580 honores]
2450 3515 2662 3579 Epicuri

1610 3594 1719 3643 iam
1786 3592 1957 3642 fuerat
2004 3587 2230 3658 δόγμα,
2300 3585 2403 3640 τὸν
2465 3584 2662 3650 σοφὸν

1612 3661 1750 3719 οὐδὲ
1767 3661 1962 3731 ταφῆς
1977 3670 2290 3736 φροντιεῖν.
2315 3665 2464 3726 Diog.
2486 3665 2657 3713 Laert.

1614 3742 1703 3803 40,
1742 3742 1854 3792 448.
1892 3740 2020 3791 Plin.
2049 3740 2180 3805 Epp.
2208 3740 2267 3800 9,
2294 3740 2384 3789 49;
2430 3739 2664 3800 Impensa

1608 3816 1915 3866 monumenti
1945 3828 2263 3878 supervacua
2293 3819 2381 3864 est.
2416 3815 2663 3863 Memoria

1611 3891 1773 3941 notu-i
1822 3891 2052 3951 durabit,
2122 3890 2166 3939 si
2213 3889 2322 3939 vita
2368 3889 2657 3939 metm.

1614 3966 1776 4029 (Inter
1808 3965 2130 4028 scriptores,
2167 3964 2259 4026 qui
2294 3962 2448 4014 nobis
2470 3976 2663 4027 super-

1612 4041 1766 4098 sunt,
1819 4039 1922 4089 hac
1964 4038 2131 4090 forma
2165 4040 2370 4102 primus
2416 4050 2545 4089 usus
2580 4041 2664 4089 est

1614 4113 1894 4174 HoratiuS,
1950 4113 2137 4163 Cicero
2179 4125 2395 4178 semper
2428 4112 2663 4177 praefert

1333 4188 1536 4238 Seneca
1612 4186 2055 4251 supervacaneus.)
2112 4213 2127 4228 ·

1384 4303 1758 4325 Q
