3234 4975
1209 393 1411 443 LIBER.
1483 394 1678 444 CARM.
1720 395 1825 445 XV.

2502 396 2625 459 723

708 547 773 612 Si
818 557 1034 613 certus
1078 547 1323 614 intrarit
1367 549 1571 614 dolor.

623 672 698 735 Et
741 681 837 742 tu.
886 671 1261 759 quicunque
1309 691 1381 737 es
1425 669 1671 737 felicior
1715 680 1910 757 atque
1957 692 2102 736 meo
2148 693 2317 738 nunc

706 791 1041 880 Superbus
1088 792 1333 859 incedis
1378 791 1586 868 malo,

622 913 724 977 Sis
769 933 1007 1000 pecore
1050 923 1117 979 et
1159 912 1356 978 multa
1400 912 1584 978 dives
1627 911 1858 978 tellure
1903 910 2119 979 licebit

704 1033 974 1121 Tibique
1020 1033 1316 1101 Pactolus
1363 1032 1519 1099 fluat
1541 1086 1553 1109 ,

2540 1038 2622 1101 ΞΟ

619 1156 751 1220 Nec
796 1163 859 1220 te
904 1154 1307 1243 Pythagorae
1352 1153 1567 1221 fallant
1610 1174 1849 1221 arcana
1892 1153 2093 1220 renati
2128 1208 2139 1229 ‚

705 1278 1069 1362 Formaque
1113 1275 1333 1342 vincas
1376 1274 1597 1351 Nirea,

622 1396 801 1463 Eheu
848 1394 1188 1462 translatos
1231 1394 1356 1460 alio
1402 1394 1726 1461 maerebis
1771 1415 2061 1461 amores:

701 1521 812 1583 Ast
863 1537 985 1604 ego
1032 1517 1315 1583 vicissim
1361 1517 1585 1583 risero.

577 1743 657 1792 47.
694 1743 760 1791 Ει
792 1748 847 1792 tu
878 1740 1067 1792 BbSTc
1089 1779 1101 1803 ,
1155 1754 1344 1792 omnes
1385 1741 1604 1792 Bentleii
1654 1744 1899 1805 «praeter
1938 1755 2107 1793 unum
2142 1756 2207 1792 ex
2238 1745 2552 1793 recentiori-

510 1815 673 1876 bus»,
729 1817 767 1866 C
805 1818 859 1866 et
891 1814 1191 1866 Bentleius:
1245 1817 1309 1866 At
1341 1821 1398 1867 tu
1428 1819 1563 1868 Pott.
1601 1817 1664 1878 9,
1716 1817 1804 1878 43,
1862 1818 1971 1878 44.,
2010 1815 2208 1878 Aldus,
2246 1818 2414 1869 LtFM.
2476 1820 2553 1882 (nt

511 1903 641 1952 nos,
678 1891 745 1953 J.)
787 1917 841 1926 —
880 1891 960 1940 22.
997 1903 1153 1942 nerea
1184 1891 1282 1941 BT.
1327 1918 1381 1929 —
1418 1891 1500 1942 23.
1539 1892 1649 1941 Heu
1679 1892 1775 1942 heu
1806 1891 2007 1954 bS'l',F,
2044 1893 2183 1942 Eheu
2215 1892 2334 1943 eheu
2364 1894 2422 1943 B.

443 2086 738 2134 constantia
787 2099 910 2137 mea
931 2123 943 2146 ,
997 2086 1052 2135 id
1103 2087 1220 2145 est,
1275 2087 1491 2136 firmum
1566 2087 1777 2137 sincera
1820 2088 2145 2151 poenitentia
2184 2092 2238 2138 te
2271 2089 2613 2152 penetrarit.»

442 2171 626 2209 meum
667 2162 1001 2224 propositum
1041 2162 1093 2210 te
1136 2159 1489 2223 relinquendi,
1567 2160 1673 2209 Sed
1711 2163 1755 2209 si
1799 2174 1906 2211 non
1945 2162 2206 2224 significat
2241 2164 2347 2213 etsi.

442 2233 600 2283 cedet
648 2235 770 2282 tuae
817 2233 1195 2297 pulchritudini
1227 2235 1374 2284 moi
1413 2234 1494 2296 of-

437 2308 634 2371 fensae,
689 2307 744 2356 id
795 2310 903 2368 est,
957 2320 1096 2370 quae
1141 2307 1310 2358 semel
1361 2307 1492 2357 mihi

440 2382 607 2431 invisa
658 2381 796 2431 facta
841 2381 1005 2430 erit.»
1077 2381 1254 2444 (uNec
1299 2381 1344 2432 si
1395 2380 1492 2432 ali-

441 2455 657 2518 quando
704 2453 888 2506 dolore
930 2456 1108 2506 motus
1151 2458 1362 2508 certum
1395 2455 1490 2507 fir-

439 2541 699 2593 mumque
742 2543 940 2594 cepero
990 2529 1298 2592 consilium,
1357 2544 1491 2581 con-

441 2605 631 2654 stantia
667 2618 788 2655 mea
821 2605 1067 2654 vincetur
1105 2604 1308 2655 formae
1343 2608 1484 2665 tuae,

439 2679 491 2727 in
544 2691 650 2741 qua
700 2678 870 2729 semel
921 2678 1265 2740 offenderim,
1317 2692 1490 2729 venu-

438 2753 627 2801 state.»
664 2753 872 2816 Βεοει..)
902 2779 960 2789 -
997 2753 1228 2816 offensae]
1268 2755 1350 2803 «in
1381 2767 1487 2817 qua

436 2827 659 2889 propter
694 2825 974 2889 perfidiam
1012 2829 1160 2877 tuam
1192 2828 1340 2877 semel
1373 2827 1490 2891 (ein

436 2901 540 2963 fiir
571 2900 834 2961 allemal,
871 2914 977 2950 una
995 2901 1134 2950 volta
1158 2914 1256 2963 per
1276 2914 1486 2964 smnpre,

436 2974 490 3023 in
506 2975 844 3037 perpetuum)
865 2974 1234 3025 offenderim.»
1261 2975 1368 3026 Cic.
1390 2988 1488 3040 pro

438 3045 645 3098 Cluent.
677 3048 768 3098 58:
810 3049 1004 3099 diam-ri
1031 3049 1367 3100 &invidiosus
1398 3055 1490 3100 aut

435 3123 606 3172 multis
651 3125 865 3187 offensus
908 3125 1158 3175 videmur.
1201 3137 1302 3187 pro
1346 3126 1482 3175 Sest.

434 3197 526 3247 58:
562 3200 646 3247 cm·
664 3211 756 3248 nos
772 3200 944 3261 offensi
963 3200 1208 3261 invisique
1225 3199 1483 3262 fiam-imus.

438 3271 673 3333 (Bentleii
718 3275 1023 3336 speciosam
1069 3274 1168 3324 sed
1209 3274 1354 3324 haud
1387 3288 1486 3325 ne-

436 3347 725 3396 cessariam
760 3349 1124 3400 coniecturam
1170 3350 1342 3412 offensi
1385 3349 1486 3399 do-

436 3420 671 3469 ctissime
703 3419 940 3472 defendit
960 3424 1181 3486 Axtius.)
1211 3450 1266 3460 ·-
1301 3424 1358 3473 Si
1380 3437 1487 3474 cer*-

434 3497 514 3542 tm
561 3493 770 3543 intrarit
817 3495 983 3557 dolor]
1063 3498 1138 3547 «si
1198 3498 1483 3560 indignatio

435 3569 582 3617 certa
617 3579 705 3616 me
738 3569 1031 3631 penetrarit
1067 3571 1387 3633 penitusque
1430 3573 1483 3622 in

435 3641 581 3691 omni
647 3654 811 3691 sensu
877 3641 1141 3706 implicata
1200 3644 1478 3703 insederit;

435 3728 560 3766 nam
601 3729 743 3765 nunc
785 3716 1003 3780 quidem
1045 3731 1133 3769 res
1179 3719 1234 3768 in
1268 3732 1333 3768 eo
1369 3722 1479 3780 est,

432 3793 491 3841 ut
541 3803 727 3841 rursus
787 3792 1063 3854 ignoscere
1126 3792 1218 3842 tibi
1281 3806 1480 3857 meque

433 3868 614 3915 tecum
651 3864 997 3916 reconciliare
1038 3867 1294 3930 possim.»
1353 3868 1479 3919 Mire

432 3938 517 3989 alii
552 3938 842 4003 explicant:
906 3942 1034 3992 «etsi
1087 3942 1265 3992 certus
1310 3938 1476 4001 dolor,

1635 2233 1810 2283 ⁴7-24.
1862 2235 1928 2284 Et
1971 2237 2043 2297 tu]
2082 2238 2187 2285 «Tu
2222 2250 2438 2300 quoque
2472 2237 2615 2287 riva-

1566 2303 1680 2355 lis.»
1738 2307 1823 2356 Sic
1869 2307 2037 2357 Codd.
2078 2308 2245 2371 Epod.
2286 2311 2374 2370 47,
2412 2309 2493 2362 45.
2551 2311 2617 2361 At

1563 2380 1916 2431 reiiciendum
1971 2384 2192 2445 propter
2246 2395 2296 2432 v.
2351 2381 2433 2434 24.
2490 2383 2610 2444 Αεις

1564 2456 1750 2505 contra
1798 2457 1945 2506 recte
1998 2454 2183 2507 Catull.
2216 2457 2277 2519 8,
2328 2455 2407 2509 44.
2465 2458 2611 2522 (vide

1563 2529 1706 2579 adv.
1737 2530 1837 2592 44.)
1871 2529 1983 2581 Tib.
2024 2532 2279 2593 ⁴,2,88:
2315 2532 2379 2582 At
2410 2537 2489 2594 tu,
2527 2534 2615 2595 qm·

1562 2604 1722 2653 ὶαοειω
1742 2604 1876 2655 rides
1894 2606 2035 2655 mala
2056 2610 2258 2666 ηοεινα,
2293 2612 2466 2657 caveto
2485 2608 2614 2657 Mox

1562 2676 1679 2727 tibi:
1727 2692 1830 2728 non
1869 2692 2001 2729 unus
2038 2681 2222 2729 εασυῑοι
2268 2693 2423 2741 usque
2471 2682 2605 2731 deus.

1561 2750 1640 2801 Id.
1669 2752 1725 2812 4,
1751 2753 1809 2813 5,
1835 2752 1924 2802 69:
1959 2753 2024 2803 At
2056 2758 2137 2814 tu,
2173 2755 2261 2815 qm·
2286 2756 2610 2816 potior-nunc

1561 2827 2113 2888 es,measatatimoto.
2144 2828 2606 2890 -Se's--ln‘cobitJ

1562 2900 1649 2948 Sic
1671 2900 1776 2949 Sat.
1802 2900 1858 2960 2,
1896 2902 1928 2951 2
1946 2940 1958 2961 ,
1985 2901 2078 2951 59:
2118 2901 2278 2952 licebit
2306 2902 2394 2952 Ille
2414 2904 2612 2964 repotia

1561 2999 1591 3009 -
1627 2999 1658 3009 -
1689 2973 1910 3025 celebret.
1954 2977 2152 3026 Prosae
2198 2989 2277 3026 or.
2319 2977 2609 3041 scriptores

1561 3048 1806 3111 tempore
1827 3051 2099 3112 praesenti
2121 3052 2367 3111 utuntur,
2393 3051 2520 3101 licet.
2551 3079 2605 3087 —

1558 3122 1814 3184 Pactolus]
1853 3123 2049 3185 Lydiae
2073 3123 2266 3174 fluvius
2289 3125 2513 3185 aurifer,
2550 3128 2610 3174 ut

1560 3196 1751 3259 Tagus,
1774 3195 2000 3255 Hebrus,
2021 3197 2215 3259 Padus,
2237 3201 2460 3260 Ganges.
2475 3197 2604 3249 Plin.

1561 3272 1623 3321 H.
1638 3272 1698 3321 N.
1718 3270 1802 3333 33,
1822 3270 1870 3323 4.
1898 3298 1953 3308 -
1996 3272 2107 3322 «Sis
2140 3270 2264 3322 licet
2287 3271 2420 3323 alter
2442 3273 2609 3322 Croe-

1558 3358 1704 3396 sus»
1746 3372 1801 3382 -
1837 3346 2052 3406 arcana]
2090 3345 2240 3395 «fidis
2273 3358 2338 3395 ac
2371 3344 2608 3409 probatis

1561 3422 1767 3469 tantum
1801 3418 2096 3483 discipuIiS,
2145 3424 2268 3480 τοῖς
2301 3413 2445 3479 ἔσω,
2494 3421 2605 3469 tra-

1558 3493 1718 3543 dita.»
1743 3521 1798 3532 --
1822 3494 2005 3554 renati]
2032 3493 2298 3555 Significat
2311 3488 2608 3558 μετεμψὺ-

1557 3581 1758 3626 χωσιν.
1797 3567 1875 3617 Cf.
1898 3567 1994 3617 Od.
2022 3568 2078 3626 4,
2106 3568 2194 3627 28,
2229 3568 2309 3617 40.
2340 3593 2395 3603 -
2431 3568 2606 3629 Nirea]

1536 3641 1703 3691 ·lliad.
1721 3638 1781 3701 β,
1803 3641 1929 3690 673:
1957 3639 2183 3711 Νιρεύς,
2209 3636 2277 3703 ὃς
2300 3636 2607 3704 κάλλιστος

1555 3712 1707 3788 ἀνὴρ
1738 3709 2038 3767 §aemam
2074 3707 2250 3780 ἦλθεν
2272 3712 2398 3767 Τῶν
2419 3709 2607 3767 ἄλλων

1556 3788 1797 3840 Δαναῶν
1827 3789 1948 3856 μετ’
1968 3785 2249 3856 ἀμύμονα
2279 3789 2601 3856 Πηλείωνα.

1555 3865 1673 3915 vid.
1695 3865 1790 3915 Od.
1812 3865 1860 3925 3,
1881 3866 1965 3925 20,
1988 3866 2066 3916 ⁴5.
2093 3894 2147 3903 --
2166 3866 2398 3929 vicissim]
2421 3869 2510 3917 «ut
2527 3869 2601 3928 tu,

1554 3938 1755 3989 felicior
1794 3938 1995 3999 rivalis,
2035 3952 2123 3991 me
2147 3954 2288 3991 nunc
2323 3940 2590 3992 derides.»

1652 4217 1729 4224 --α
