3234 4975
1215 388 1416 438 LIBER.

1521 389 1716 438 CARM.
1757 390 1838 439 lv.

2527 388 2653 451 667

823 543 898 609 Ut
942 563 1055 608 ora
1102 554 1306 609 vertat
1349 543 1476 611 huc
1519 553 1583 610 et
1628 544 1754 610 huc
1799 544 2087 610 euntium

906 662 1263 730 Liberrima
1308 664 1709 752 indignatio?

2572 665 2651 729 «10

819 786 1052 851 Sectus
1097 783 1366 872 flagellis
1408 785 1513 853 bic
1557 786 2061 853 triumviralibus

903 906 1252 972 Praeconis
1297 907 1380 972 ad
1425 906 1749 973 fastidium

815 1029 966 1093 Arat
1009 1026 1261 1093 Falerni
1306 1027 1477 1094 mille
1520 1027 1697 1094 fundi
1745 1028 1970 1116 iugera

901 1149 977 1214 Et
1028 1149 1300 1237 Appiam
1344 1150 1593 1215 mannis
1639 1148 1814 1224 terit,

820 1268 1282 1357 Sedilibusque
1328 1291 1598 1357 magnus
1644 1270 1709 1335 in
1751 1271 1974 1358 primis
2019 1292 2226 1359 eques

480 1562 585 1619 tce,
633 1572 700 1608 ne
738 1560 788 1608 te
824 1559 1091 1609 immerito
1125 1558 1528 1623 superbientem

476 1632 753 1683 videant.»
819 1634 904 1683 Sic
951 1631 1293 1684 scholiastae.
1357 1634 1528 1685 Minus

478 1708 721 1771 apposite
767 1707 1088 1757 contrariam
1134 1706 1397 1756 rationem
1442 1705 1526 1757 alii

479 1783 804 1844 sequuntur:
853 1782 1092 1831 «Omnes
1125 1781 1179 1831 in
1213 1781 1267 1830 te
1299 1793 1528 1831 conver-

479 1855 597 1904 tunt
636 1853 822 1905 oculos
864 1867 928 1904 ac
970 1852 1240 1905 liberrima
1284 1867 1407 1905 cum
1446 1856 1530 1905 in-

479 1928 781 1990 dignatione
833 1928 887 1978 in
937 1931 1090 1979 tuum
1138 1928 1331 1980 fastum
1378 1930 1530 1979 inve-

482 2001 731 2051 huntur.»
755 2029 809 2039 —
836 2003 1051 2053 Sec-tus-
1070 2002 1378 2067 -milietmffl
1402 2003 1533 2053 Ver-

480 2075 550 2125 ba
585 2078 711 2126 sunt
755 2077 917 2136 haec,
971 2077 1025 2126 in
1059 2090 1198 2140 quae
1230 2079 1532 2141 prorumpit

481 2149 660 2215 populi
696 2149 966 2201 liberrima
1003 2152 1305 2214 indignatio.
1346 2180 1401 2188 -
1438 2152 1533 2201 Se-

483 2230 592 2274 ctus
611 2227 840 2289 flagellis]
876 2240 1149 2277 «caesus»
1184 2225 1369 2277 Tibull.
1398 2228 1444 2286 ⁴,
1473 2227 1529 2289 9,

483 2299 549 2347 22
572 2301 785 2350 :intorto
804 2300 1006 2349 verbere
1026 2304 1170 2362 terga
1191 2314 1319 2349 seca.
1345 2302 1528 2351 luven.

487 2372 581 2432 40,
619 2372 743 2421 3⁴6:
781 2378 916 2422 secat
946 2374 1029 2422 ille
1061 2376 1278 2423 cruentis
1315 2375 1536 2425 Ver-born·-

487 2445 593 2495 bus.
658 2472 713 2482 —-
772 2446 1197 2511 triumviralibus]
1255 2448 1532 2500 Triumviri

487 2519 743 2585 capitales
780 2520 1020 2584 (Salustio
1062 2522 1115 2571 in
1150 2523 1264 2572 Cat.
1300 2525 1388 2572 ὅδε
1425 2524 1534 2572 vin-

483 2596 613 2644 dices
666 2608 842 2645 renem
904 2596 1233 2657 capitalium3
1303 2609 1532 2660 quorum

482 2671 831 2734 praecipuum
875 2682 1070 2720 munus
1105 2670 1182 2719 sic
1224 2669 1408 2720 definit
1446 2671 1536 2721 Ci-

482 2757 609 2792 cero
646 2743 713 2792 de
749 2744 908 2805 Legg.
936 2743 993 2803 3,
1032 2743 1090 2793 3:
1137 2744 1360 2793 VINCLA
1385 2745 1536 2794 SON-

485 2818 643 2868 TIUM
664 2818 783 2867 SER
794 2817 1030 2867 VANTO:
1056 2818 1376 2867 CAPITALIA
1405 2819 1537 2867 VIN-

479 2892 817 2955 DICANTO.)
884 2892 951 2942 de
1018 2891 1223 2942 delictis
1287 2893 1535 2942 meretri-

482 2978 633 3026 cum,
670 2964 947 3016 maleficiis
979 2978 1261 3016 servorum
1290 2964 1538 3015 aliorum-

482 3053 587 3103 que
624 3041 899 3091 hominum
934 3039 1295 3099 humiliorum,
1347 3040 1535 3103 impri-

483 3116 584 3166 mis
621 3116 1026 3180 peregrinorum
1043 3153 1054 3173 ,
1110 3113 1529 3177 cognoscebant,

480 3191 772 3253 noxiosque
830 3192 924 3239 aut
989 3190 1161 3253 capite
1230 3186 1536 3252 plectebant

479 3264 571 3310 aut
627 3262 878 3325 flagellari
940 3263 1201 3313 iubebant
1262 3262 1328 3311 ad
1383 3261 1532 3312 colu-

479 3348 662 3385 mnam
708 3339 998 3397 Maeniam,
1059 3340 1117 3386 ut
1172 3339 1318 3386 certe
1354 3339 1534 3386 narrat

480 3409 906 3460 Pseudasconius
931 3424 984 3473 p.
1016 3412 1127 3460 ⁴2⁴.
1155 3410 1250 3460 Ed.
1277 3411 1407 3460 Bait.
1447 3411 1532 3459 Sic

480 3481 594 3530 sine
630 3482 795 3531 dubio
838 3484 1099 3533 triumviri
1144 3483 1399 3547 capitales
1436 3498 1533 3534 ex-

481 3555 647 3604 secuti
685 3558 810 3604 sunt
844 3568 905 3603 ea
931 3557 1130 3613 omnia,
1169 3570 1307 3619 quae
1344 3558 1531 3606 Cicero

480 3627 639 3677 tradit
683 3627 750 3677 de
799 3631 852 3678 P.
893 3627 1163 3678 Dolabella
1205 3628 1428 3692 Philipp.
1470 3630 1527 3687 ⁴,

479 3702 529 3750 2.
567 3704 622 3751 et
664 3702 731 3751 ad
774 3703 878 3752 Att.
918 3701 1009 3760 ⁴4,
1062 3703 1141 3751 ⁴5.
1192 3703 1319 3752 item
1366 3703 1527 3753 Tacit.

481 3778 611 3825 Ann.
649 3777 712 3835 2,
757 3775 838 3825 32.
876 3776 944 3826 de
981 3775 1369 3825 mathematicis
1402 3790 1531 3827 saxo

480 3849 719 3899 deiectis.
761 3849 865 3899 Cir.
905 3847 1068 3898 Plaut.
1107 3851 1249 3899 Asin.
1281 3852 1338 3909 ⁴,
1377 3851 1431 3909 2,
1470 3851 1526 3899 5:

479 3922 587 3971 iam
632 3936 698 3972 az:
738 3923 829 3972 hoc
861 3924 969 3972 loco
1001 3922 1083 3971 Ibo
1117 3936 1207 3986 eqo
1239 3925 1308 3971 ad
1345 3923 1531 3972 1·νὶευί-

2574 1272 2653 1336 Ι15

1599 1558 1788 1609 lictore
1823 1558 2118 1622 flagellatur
2148 1561 2312 1609 homo
2346 1560 2651 1620 damnatus,

1600 1632 1857 1684 altissima
1892 1647 2026 1683 voce
2050 1632 2307 1684 delictum
2342 1635 2458 1685 eius
2491 1637 2652 1685 ratio-

1601 1719 1837 1770 nemque
1872 1719 2078 1770 poenae
2113 1706 2324 1759 solebat
2353 1707 2652 1773 proclama-

1597 1795 1712 1832 re.»
1756 1783 1841 1831 Sic
1880 1783 2151 1844 striatam,
2186 1783 2315 1846 stunt
2346 1785 2657 1833 venditorem

1600 1856 1893 1918 (bominem
1926 1854 2206 1918 fallacem),
2243 1855 2543 1908 Alexander
2557 1858 2656 1907 Se-

1599 1942 1760 1981 verus
1774 1931 1915 1993 sumo
1932 1932 2185 1993 apposito,
2207 1944 2353 1992 quem
2370 1944 2437 1981 ex
2462 1931 2658 1993 stipulis

1599 2009 1750 2066 atque
1790 2005 2008 2054 marcidis
2046 2006 2196 2069 lignis
2240 2006 2355 2068 fiori
2402 2006 2651 2066 iusserat,

1598 2079 1819 2142 necavit,
1840 2092 2091 2141 praecone
2112 2079 2327 2128 dicento:
2355 2080 2543 2128 «Fumo
2557 2092 2658 2141 pu-

1598 2154 1765 2213 nitur,
1812 2154 1900 2214 qui
1938 2154 2158 2203 vendidit
2188 2153 2434 2215 fimum.»
2494 2154 2656 2203 Lam-

1599 2227 1737 2289 prid.
1788 2225 1933 2276 Alex.
1984 2228 2103 2276 Sev.
2154 2226 2235 2276 36.
2296 2226 2440 2276 Plato
2492 2228 2651 2289 Legg.

1602 2301 1684 2349 Η.
1724 2311 1777 2362 p.
1815 2299 1930 2349 9⁴7.
1980 2301 2062 2349 D.:
2127 2299 2452 2362 (fraudator)
2504 2295 2656 2350 κατὰ

1601 2370 1870 2442 δραχμὴν
1892 2369 2145 2437 ἑκάστην
2186 2369 2257 2442 τῇ
2287 2368 2527 2438 μάστιγι
2564 2388 2659 2425 τυ-

1604 2446 1834 2497 πτέσθω
1886 2441 2107 2514 πληγὰς
2149 2440 2264 2498 ὑπὸ
2308 2441 2562 2571 κτΞῗυκος
2592 2446 2658 2498 ἐν

1602 2519 1674 2593 τῇ
1722 2519 1910 2593 ἀγορᾷ
1955 2518 2311 2590 κηρύξαντος
2407 2538 2438 2571 ν
2489 2515 2657 2572 ἕνεκα

1603 2594 1799 2661 μέλλει
1843 2593 2176 2647 τύπτεσθαι.
2237 2596 2514 2648 Manifesto
2558 2609 2659 2646 au-

1604 2672 1717 2720 tem
1752 2669 1984 2733 loquitur
2018 2670 2086 2720 de
2122 2673 2393 2734 tempore,
2431 2683 2539 2733 quo
2562 2671 2657 2720 ho-

1603 2756 1695 2794 mo
1730 2745 1857 2803 iste,
1907 2745 1959 2794 in
1995 2757 2160 2808 quem
2194 2745 2487 2803 invehitur,
2546 2756 2660 2794 ser-

1601 2819 1828 2868 vitutem
1864 2817 2151 2870 serviebat.

1672 2892 1847 2943 43-46.
1884 2892 2027 2956 Arat]
2063 2891 2318 2956 possidet.
2376 2892 2552 2941 «Haec
2573 2904 2660 2940 re-

1601 2965 1824 3017 ferenda
1859 2968 1982 3016 sunt
2015 2966 2082 3015 ad
2125 2964 2301 3015 Italiae
2336 2966 2527 3024 situm,
2565 2963 2655 3014 ubi

1602 3038 1775 3103 ligatis
1808 3039 1876 3089 ad
1923 3038 2146 3089 arbores
2211 3037 2406 3089 vitibus
2468 3051 2658 3089 omnes

1604 3114 1825 3163 arantur
1855 3113 2098 3163 vineae.»
2135 3114 2317 3163 Scuor..
2352 3139 2406 3150 —
2432 3111 2653 3175 Falemi]

1604 3187 1849 3249 adeoque
1922 3188 2143 3251 propter
2206 3186 2327 3236 vina
2396 3199 2656 3249 generosa

1604 3261 1808 3323 optimi.
1865 3288 1916 3297 —
1966 3261 2209 3325 Appiam]
2261 3261 2508 3311 «Crebro
2555 3260 2658 3310 iter

1605 3334 1728 3385 facit
1770 3348 1870 3398 per
1912 3335 2053 3385 viam
2096 3336 2322 3399 Appiam
2370 3334 2440 3383 ad
2473 3335 2657 3397 inspe-

1604 3408 1796 3460 ctanda
1832 3421 1929 3459 sua
1962 3409 2234 3471 praedia.»
2273 3435 2329 3443 —
2356 3408 2433 3456 De
2456 3407 2658 3456 mannis

1601 3483 1727 3532 vide
1764 3481 1860 3532 od.
1900 3481 1960 3540 3,
1998 3482 2087 3541 27,
2125 3481 2173 3530 7.
2212 3483 2367 3531 Lucr.
2395 3479 2453 3538 3,
2494 3479 2653 3529 4076;

1603 3556 1775 3607 Currit
1817 3567 1972 3617 ayone
2007 3566 2222 3603 mannos
2252 3554 2322 3602 ad
2363 3551 2539 3601 villam
2579 3552 2659 3601 hic

1593 3628 2027 3691 praecipitantem
2101 3626 2467 3677 velocissimus
2514 3626 2656 3676 enim

1603 3707 1687 3754 est
1723 3714 1911 3752 eorum
1947 3713 2154 3751 cursus.
2197 3727 2251 3736 -
2290 3699 2429 3764 terit]
2477 3700 2653 3750 Voss:

1600 3776 1956 3826 zermalmt.
2011 3775 2101 3823 Est
2134 3773 2338 3836 potius:
2378 3772 2660 3836 «trequen-

1603 3852 1727 3900 tat».
1788 3849 1930 3911 virg.
1969 3849 2061 3896 Ge.
2102 3846 2156 3907 ⁴,
2203 3846 2329 3896 380:
2382 3846 2657 3910 Anqustwn

1599 3923 1818 3986 remica
1873 3925 2033 3970 terens
2086 3922 2197 3970 iter.
2274 3920 2359 3969 Sic
2424 3917 2652 3989 τρίβειν.

479 4008 565 4044 ros
584 4000 854 4056 vostr-aquo
875 3996 943 4044 ibi
965 3997 1172 4044 nomina
1195 3997 1340 4045 Fano
1357 4000 1530 4044 erunt:
1602 3998 1747 4046 Arat.
1786 3994 1915 4043 250:
1953 3990 2218 4044 Μεσσόθι
2251 3990 2313 4043 δὲ
2348 3991 2527 4063 τρίβει
2559 3996 2659 4058 με’-

479 4070 659 4131 capitis
697 4074 744 4119 te
787 4071 1000 4132 perdam
1040 4082 1130 4132 eqo
1169 4074 1214 4117 el
1250 4069 1425 4131 filiam.
1469 4094 1525 4104 —
1602 4083 1711 4134 γαν
1756 4060 2036 4137 οὐρανόν,
2086 4068 2232 4131 quod
2277 4068 2465 4119 Cicero
2509 4070 2653 4119 Arat.

478 4145 745 4194 Praeconis
790 4146 859 4194 ad
889 4142 1164 4207 fastidium]
1215 4155 1417 4203 «usque
1462 4141 1528 4191 ad
1603 4143 1653 4192 2.
1682 4141 1867 4191 vertit:
1906 4141 2032 4190 caeli
2053 4143 2271 4192 mediam
2299 4147 2501 4205 partem
2521 4144 2653 4193 leri&

481 4219 782 4269 satietatem
816 4217 1122 4282 praeconis,
1170 4216 1286 4279 qui,
1334 4215 1463 4266 dum
1499 4228 1530 4266 a
1611 4246 1666 4253 —
1694 4216 1854 4281 eques]
1892 4218 2024 4268 Nam
2054 4218 2177 4269 inde
2202 4231 2231 4268 a
2257 4218 2501 4269 Caesaris
2525 4220 2658 4269 tem-
