3234 4975
1211 397 1328 447 LIB.
1374 398 1410 446 1.
1485 399 1541 446 C.
1582 398 1638 443 V.

2473 393 2541 458 Η

736 550 1013 639 Simplex
1054 550 1427 618 munditiis?
1473 554 1615 619 Heu
1661 554 1914 640 quotics
1959 552 2152 618 fidem
2512 556 2550 617 5

733 674 1133 761 Mutatosque
1179 672 1339 740 deos
1384 672 1565 741 flebit
1608 685 1672 741 et
1715 694 1949 761 aspera

863 795 1073 882 Nigris
1117 814 1404 882 aequora
1449 796 1655 861 ventis

986 915 1371 982 Emirabitur
1412 916 1731 993 insolenS,

733 1074 857 1153 Qui
900 1094 1069 1184 nunc
1110 1083 1175 1140 te
1218 1073 1446 1140 fruitur
1487 1075 1793 1142 credulus
1836 1097 2072 1155 aurea;

731 1196 856 1274 Qui
900 1216 1160 1283 semper
1201 1215 1509 1274 vacuam,
1557 1217 1821 1284 semper
1863 1197 2204 1264 amabilem

2477 1199 2555 1264 -10

521 1414 572 1462 5.
610 1412 834 1474 quotiens
864 1413 923 1462 T.
964 1439 1020 1449 —
1057 1412 1107 1464 8.
1142 1413 1210 1462 Et
1239 1412 1527 1474 mirabitur,
1565 1413 1665 1464 sed
1699 1419 1720 1463 t
1751 1415 1805 1463 in
1838 1416 1904 1464 Et
1924 1417 2124 1479 puncto
2157 1373 2414 1474 notatum,
2441 1417 2489 1465 k.

459 1487 523 1535 Ut
552 1486 827 1536 mirabitur
857 1484 1092 1539 malebat
1122 1486 1312 1549 Bentl.,
1348 1489 1695 1539 Demirabitur
1727 1487 1814 1539 alii
1845 1488 2047 1554 plures,
2087 1490 2195 1540 Heu
2226 1490 2495 1540 mirabitur

454 1563 789 1624 Anonymus.

388 1739 576 1799 tiores,
612 1738 900 1802 praecipue
924 1739 994 1789 ad
1010 1737 1185 1790 lacum
1209 1740 1437 1800 Larium,

388 1814 446 1862 in
490 1814 656 1863 antris
694 1811 783 1863 vel
827 1827 859 1864 a
906 1818 1091 1865 natura
1126 1814 1324 1865 cavatis
1356 1812 1442 1865 vel

388 1889 509 1936 arte
544 1886 695 1937 factis
726 1888 833 1937 vini
852 1889 1141 1952 apothecas
1163 1887 1364 1939 habere
1388 1890 1441 1939 in

387 1962 564 2025 iisque
596 1965 782 2025 potare
818 1964 978 2027 atque
1013 1963 1287 2015 amoribus
1320 1965 1437 2014 frui.

456 2035 511 2088 4.
557 2036 663 2100 Cas]
708 2035 901 2087 Paulus
946 2036 1031 2086 Sil.
1078 2036 1287 2088 Anthol.
1330 2036 1437 2088 Pal.

387 2111 431 2161 1.
469 2123 528 2174 p.
567 2111 690 2160 ⁴5⁴:
744 2109 889 2161 Εἰπὲ
940 2113 1050 2162 τίνι
1099 2108 1318 2176 πλέξεις
1356 2104 1444 2162 ‘lu

388 2181 727 2254 βόστρυχον
737 2199 757 2245 ‚·
796 2187 988 2237 «Cuius
1021 2187 1074 2237 in
1108 2188 1330 2250 gratiam
1353 2200 1447 2250 pe-

390 2261 498 2310 ctis
551 2260 724 2309 crines
776 2263 829 2309 et
878 2261 929 2310 in
982 2260 1181 2311 nodum
1232 2260 1440 2323 religaS,

392 2335 648 2385 contenta
698 2333 927 2398 simplici
975 2335 1304 2398 naturalique
1355 2349 1446 2385 or-

388 2409 597 2458 natui»
633 2409 695 2458 V.
729 2410 1006 2459 numditiae
1028 2410 1187 2460 etiam
1212 2411 1263 2460 in
1285 2423 1444 2475 prosa

390 2488 532 2535 orat.
568 2497 832 2549 persaepe
867 2499 1013 2536 num.
1049 2484 1185 2549 plur.
1221 2498 1449 2550 usurpa-

388 2562 484 2609 tur
519 2560 881 2623 significatque
917 2559 1235 2624 elegantiam
1268 2562 1322 2612 in
1354 2563 1449 2611 ha-

392 2632 516 2684 bitu
551 2632 829 2696 cultuque,
865 2636 1073 2684 remoto
1107 2636 1270 2686 nimio
1293 2650 1448 2686 orna-

392 2711 473 2758 tu.
515 2707 663 2757 ovid.
701 2709 835 2759 Fast.
873 2710 923 2771 2,
961 2709 1083 2759 764:
1119 2711 1306 2760 Forma
1330 2712 1449 2773 pla—

391 2788 577 2833 cet--
601 2784 792 2845 Quique
840 2785 1044 2845 adorat,
1096 2786 1240 2835 nulla
1285 2788 1449 2849 sactus

391 2857 461 2908 ab
498 2861 610 2906 arte
641 2858 802 2907 decor.
868 2858 951 2908 Ad
985 2859 1143 2909 dativ.
1180 2861 1263 2910 cui
1296 2873 1448 2911 com-

392 2934 591 2997 parant
622 2931 807 2982 Tibull.
844 2932 894 2994 4,
933 2934 981 2994 6,
1018 2935 1076 2983 2:
1118 2935 1237 2984 Tota
1271 2935 1450 2985 libiest

390 3007 564 3067 hodie,
602 3006 689 3055 tibi
720 3020 772 3055 se
812 3006 1083 3057 laetissima
1123 3010 1343 3071 compsit.
1387 3036 1443 3046 —

386 3080 603 3146 flavian]
640 3080 824 3146 Capilli
858 3082 981 3132 ssavi
1014 3086 1234 3147 propter
1274 3084 1446 3147 ipsam

390 3156 672 3205 raritatem
708 3156 776 3206 ab
810 3155 951 3208 Italis
992 3170 1091 3222 pro
1135 3156 1450 3223 pulchriori-

392 3229 506 3280 bus
539 3229 891 3281 habebantur.

462 3306 514 3354 ὅ.
548 3304 712 3368 sideru]
752 3318 945 3368 «quam
968 3308 1023 3356 tu
1056 3305 1204 3368 fallis,
1243 3308 1297 3357 et
1319 3306 1450 3357 deos

390 3379 449 3429 in
488 3391 671 3428 amore
706 3379 806 3430 sibi
840 3380 1095 3431 adversos
1129 3382 1236 3432 iam
1260 3381 1445 3442 factos,

391 3466 537 3517 quos
571 3455 827 3517 propitios
862 3454 1188 3517 crediderat,
1226 3470 1290 3506 ac
1323 3469 1451 3520 pro-

390 3526 562 3578 cellas
606 3529 760 3591 quasi
794 3531 1017 3590 amoris»,
1064 3530 1118 3580 id
1158 3533 1264 3592 est,
1308 3532 1449 3581 rixas

390 3616 425 3652 a
488 3602 541 3650 te
599 3604 887 3653 concitatas
936 3603 1020 3653 ille
1072 3603 1273 3654 flebit.»
1342 3606 1449 3654 Has

391 3678 770 3727 contentiones
805 3680 1082 3740 comparat
1119 3680 1452 3743 tempestati-

388 3750 503 3800 bus
544 3751 723 3813 nim-is,
770 3751 978 3802 caelum
1020 3752 1445 3815 obscurantibuS,

388 3826 455 3873 ut
490 3823 657 3887 Epod.
698 3825 779 3884 40,
815 3827 872 3875 5:
910 3826 1054 3890 m'yer
1082 3828 1266 3877 Eurus.
1303 3828 1446 3890 Virg.

388 3900 585 3960 Georg.
640 3898 689 3958 Ξ,
736 3899 867 3949 278:
911 3901 1216 3964 nigerrimus
1252 3902 1443 3952 Auster.

394 4000 455 4007 —
511 3972 846 4037 Mutatosque]
908 3989 1044 4025 «non
1101 3976 1207 4024 iam
1251 3976 1351 4039 ipsi
1393 3977 1447 4025 in

388 4059 582 4097 amore
622 4049 895 4111 propitiOS,
932 4051 1055 4112 quia
1099 4051 1302 4113 Pyrrha
1344 4052 1450 4115 pri-

388 4122 590 4174 stinam
609 4121 772 4173 fidem
791 4126 1032 4186 mutavit,
1054 4123 1107 4173 id
1126 4126 1224 4186 est,
1240 4124 1443 4187 fregit.»

459 4198 509 4248 8.
564 4198 894 4262 Emirabitur]
946 4199 1003 4248 In
1048 4212 1206 4251 aurea
1224 4237 1236 4259 ,
1279 4212 1442 4263 quam

390 4272 605 4333 dicunt,
658 4273 933 4325 Latinitate
978 4287 1119 4325 nunc
1157 4265 1312 4337 ἅπαξ
1350 4272 1442 4324 λε-

1514 1735 1765 1805 γόμενον
1784 1777 1799 1801 ,
1871 1740 1970 1791 sed
2025 1740 2153 1790 satis
2210 1741 2472 1791 munitum
2528 1756 2559 1791 a

1517 1815 1685 1866 Codd.
1744 1816 2023 1880 Reperitur
2075 1816 2356 1880 praeterea
2417 1816 2560 1880 apud

1514 1889 1667 1953 Apul.
1705 1890 1827 1940 Met.
1864 1901 1919 1952 p.
1957 1889 2070 1939 274.
2110 1889 2241 1939 Oud.
2282 1891 2336 1939 et
2367 1893 2560 1940 Lucta-

1516 1964 1648 2014 tium
1681 1963 1950 2015 Placidum
1987 1964 2170 2014 Enarr.
2209 1963 2315 2013 fab.
2350 1977 2405 2028 p.
2442 1967 2556 2015 25⁴.

1516 2039 1723 2088 Munck.
1795 2040 1887 2090 Est
1923 2052 2020 2089 «ex
2053 2040 2236 2088 intimo
2259 2040 2436 2089 animo
2472 2039 2565 2089 de-

1518 2114 1767 2174 mirari»,
1813 2115 1989 2178 potius
2023 2127 2211 2178 quam,
2255 2117 2314 2164 ut
2346 2113 2431 2164 alii
2465 2127 2562 2164 vo-

1517 2186 1754 2248 luerunt,
1796 2189 2008 2238 «mirari
2033 2189 2284 2253 incipere,
2305 2206 2329 2232 ιο
2366 2187 2468 2248 vel,
2504 2191 2565 2239 ut

1517 2261 1758 2312 Oudend.
1813 2261 1883 2312 ad
1930 2261 2082 2327 Apul.
2135 2261 2170 2312 1.
2224 2262 2257 2313 l.
2319 2262 2560 2323 «crebro,

1516 2348 1649 2385 voce
1697 2337 1751 2386 et
1793 2338 1947 2399 gestu
1989 2337 2395 2387 admirationem
2444 2351 2566 2401 pro-

1517 2410 1701 2460 dere.»
1758 2410 2010 2462 Eiusdem
2033 2411 2243 2474 generis
2266 2414 2391 2462 sunt
2422 2412 2564 2461 elau-

1516 2487 1642 2535 dare
1673 2484 1816 2551 apud
1851 2488 2062 2537 Festum
2088 2487 2374 2549 (Ciceronis
2397 2488 2565 2536 dilau-

1517 2561 1681 2626 dare)‚
1726 2574 1954 2610 monere
1986 2561 2094 2611 Cic.
2139 2561 2209 2611 ad
2245 2562 2388 2612 Fam.
2427 2563 2475 2621 4,
2512 2562 2561 2622 7,

1518 2636 1589 2695 9.,
1627 2640 1850 2684 &nictare
1883 2634 2056 2685 Manil.
2094 2636 2143 2691 ὕ.
2183 2634 2316 2691 449..
2341 2647 2562 2698 prorsus

1519 2713 1755 2772 mutare,
1794 2709 2086 2760 everberat-0
2120 2708 2295 2772 Virgil.
2321 2712 2452 2759 Aen.
2479 2710 2564 2759 ⁴2.

1518 2786 1633 2835 866.
1701 2783 1838 2835 Alibi
1872 2783 1991 2835 talia
2023 2798 2111 2833 vv.
2137 2782 2207 2833 ad
2228 2796 2386 2834 suum
2406 2795 2567 2833 usum

1518 2859 1803 2909 metricum
1827 2858 2083 2908 creabant
2099 2860 2308 2922 poetae,
2334 2859 2395 2907 ut
2414 2857 2563 2906 Ovid.

1519 2935 1669 2984 Rem.
1706 2935 1826 2984 Am.
1856 2934 1976 2983 ⁴30:
2014 2933 2200 2982 dolor-
2220 2960 2251 2970 -
2273 2933 2567 2982 moderan-

1520 3009 1629 3058 dus.
1660 3036 1715 3044 —
1741 3009 1966 3072 insolens]
2002 3009 2172 3072 prima
2208 3006 2400 3071 signif„
2439 3021 2569 3057 uan-

1521 3085 1609 3133 tea
1651 3084 1891 3134 insuetus
1933 3086 2043 3134 tam
2094 3082 2282 3133 celeris
2315 3083 2569 3132 immuta-

1519 3158 1702 3217 tionis;
1741 3172 1841 3208 nec
1863 3160 1977 3222 ipse
2001 3159 2127 3209 satis
2148 3156 2402 3220 intelligit,
2441 3169 2570 3219 quo-

1521 3230 1685 3281 modo
1741 3234 1851 3282 tam
1905 3232 2172 3284 mutabilis
2229 3246 2347 3283 esse
2402 3231 2570 3295 possit

1522 3305 1750 3371 puella.»
1821 3308 1930 3357 Cic.
1969 3307 2037 3358 de
2059 3308 2145 3357 Or.
2173 3308 2221 3368 4,
2258 3308 2313 3356 Ἷ;
2354 3319 2568 3368 quoi-mn

1521 3396 1624 3430 non
1671 3382 1884 3445 ignauos
1932 3388 1978 3433 et
2027 3382 2239 3432 insolens
2288 3382 2388 3431 cet.
2461 3378 2562 3429 Sal.

1525 3456 1638 3506 Cat.
1693 3456 1750 3505 3:
1804 3456 2015 3506 insolens
2061 3456 2318 3505 malarum
2358 3454 2565 3503 artium.

1526 3530 1737 3593 (Arguto
1773 3543 1902 3580 sane
1935 3529 2132 3580 Bentl.:
2189 3529 2377 3591 «Atqui
2412 3528 2454 3577 si
2489 3532 2569 3576 to-

1522 3605 1611 3654 ties
1645 3605 1976 3666 emirabitur,
2015 3603 2309 3669 quomode,
2347 3614 2565 3665 quaese,

1521 3680 1768 3729 insolens?
1804 3681 1960 3730 Certe
1996 3693 2101 3729 non
2138 3680 2237 3729 nisi
2259 3678 2429 3742 prima
2453 3677 2570 3727 vice

1522 3754 1736 3803 insolens
1785 3755 1943 3803 erit.»
2011 3753 2116 3803 Sed
2167 3753 2239 3802 ita
2277 3750 2572 3814 intelligen—

1523 3827 1679 3877 dum:
1721 3829 1896 3892 «prius
1919 3826 2179 3886 insolens,
2216 3825 2455 3876 nondum
2477 3838 2575 3890 pu-

1522 3899 1655 3951 ellae
1690 3902 1972 3966 perfidiam
2007 3901 2326 3965 expertus»)

1586 4013 1635 4063 9.
1673 4014 1849 4078 aurea]
1889 4012 2167 4064 «omnibus
2200 4012 2365 4064 rebus
2400 4012 2574 4077 perfe-

1521 4092 1604 4138 cta
1642 4090 1696 4137 et
1731 4087 2164 4138 formosissima.»

1587 4200 1666 4249 ⁴0.
1703 4199 1936 4264 vacuam]
1975 4199 2074 4250 «ab
2110 4199 2223 4250 aliis
2245 4198 2572 4249 amatoribus

1522 4273 1734 4338 sibique
1769 4274 1925 4326 unice
1948 4273 2215 4327 deditam»
2250 4275 2309 4323 ut
2329 4272 2425 4323 Od.
2453 4284 2567 4333 seq-
