3234 4975
655 344 735 410 ⁴0

1420 350 1674 427 uonA‘rn
1711 351 2046 403 canianum

1074 504 1400 571 Lesboum
1443 504 1676 592 refugit
1717 506 1985 572 tendere
2029 505 2340 572 barbiton.

1073 625 1319 705 Quodsi
1364 647 1468 692 me
1514 625 1733 715 lyricis
1776 625 2027 693 vatibus
2073 626 2352 698 inseres.

2729 628 2809 691 35

1072 745 1340 812 Sublimi
1384 746 1605 813 feriam
1652 745 1866 812 sidera
1913 747 2172 812 vertice.

782 943 861 993 35.
897 943 1076 992 inseris
1106 942 1276 1003 bScd,
1315 944 1383 1001 C,
1419 941 1585 992 Bentl.
1630 943 1711 992 FJ.

1782 946 1842 996 Ut
1876 957 1998 1004 nos,
2045 945 2146 1005 BT,
2201 944 2306 994 duo
2349 943 2563 1004 Bland,
2613 944 2740 994 Cod.

718 1018 886 1077 Carr.,
923 1018 1155 1080 quinque
1191 1019 1322 1068 Pott.
1363 1017 1423 1080 (V
1428 1056 1437 1066 .
1466 1017 1546 1067 35.
1575 1016 1863 1068 delendum
1898 1020 2119 1068 censent
2149 1016 2478 1067 Eichstadius
2513 1016 2741 1081 aliique.)

714 1091 808 1155 me]
843 1097 1020 1142 memet
1040 1093 1094 1141 T.
1128 1118 1181 1127 —
1209 1093 1288 1141 36.
1327 1091 1563 1142 Sublimis
1595 1094 1631 1142 S
1664 1096 1719 1143 et
1752 1095 1805 1143 F.
1880 1095 1991 1156 (Hic
2025 1107 2055 1144 e
2092 1094 2220 1145 Cod.
2258 1094 2387 1144 Ach.
2427 1095 2608 1159 Statii.)

649 1265 996 1331 Polyhymnia
1030 1267 1224 1319 fidibus
1258 1269 1496 1331 tendere,
1542 1269 1696 1319 dein-

652 1341 719 1391 de
756 1341 959 1405 plectro
993 1342 1205 1406 pulsare
1241 1342 1485 1404 barbiton,
1523 1342 1696 1406 lyram

652 1416 908 1466 maiorem
942 1416 1378 1479 heptachordem.

716 1489 795 1539 34.
877 1490 1128 1554 Lesboum]
1215 1490 1469 1540 Pindarus
1553 1490 1696 1554 apud

649 1564 837 1613 Athen.
886 1564 965 1615 ⁴4.
1012 1579 1065 1629 p.
1105 1566 1216 1614 625.
1255 1566 1345 1615 D.:
1405 1561 1507 1615 τὸν
1546 1562 1696 1635 βάρ-

648 1635 832 1697 βιτον·
879 1636 993 1688 Τόν
1034 1633 1112 1707 ῥα
1158 1635 1515 1711 Τέρπανδρός
1560 1639 1694 1690 ποθ’

651 1708 685 1761 ὁ
718 1711 974 1775 Λέσβιος
1007 1702 1172 1784 εὗρεν
1204 1711 1441 1785 Πρῶτος
1485 1714 1546 1766 ἐν
1579 1713 1696 1765 δεί-

649 1802 843 1838 πνοισι
875 1785 1077 1838 Λυδῶν
1104 1786 1344 1853 Ψαλμὸν
1377 1782 1696 1855 ἀντίφθογ-

649 1876 755 1927 γον
820 1856 1059 1927 ὑψηλᾶς
1113 1857 1347 1913 ἀκούων
1401 1861 1692 1929 πηκτίδος.

648 1937 760 1986 Hoc
793 1938 972 1987 tamen
1003 1935 1123 1986 loco
1158 1938 1430 1988 Horatium
1463 1938 1529 1988 de
1565 1940 1698 1987 Ter-

646 2010 853 2074 pandro
905 2012 1162 2074 cogitasse
1219 2013 1304 2062 vix
1355 2014 1693 2074 crediderim,

648 2084 746 2135 sed
780 2085 848 2134 de
883 2087 1026 2135 omni
1049 2086 1361 2136 Lesbiorum
1394 2089 1543 2151 poesi
1578 2101 1697 2137 me-

647 2158 773 2219 lica,
817 2159 994 2210 Alcaei
1037 2162 1296 2225 imprimis
1340 2166 1394 2211 et
1432 2163 1694 2226 Sapphus,

649 2247 787 2297 quae
826 2235 1136 2298 (Fragment.
1176 2236 1256 2285 69.
1327 2237 1473 2286 Neue
1519 2250 1572 2300 p.
1610 2236 1692 2285 79.

647 2308 729 2357 Fr.
767 2307 848 2358 44.
887 2309 1212 2358 Schneidew.
1248 2323 1301 2373 p.
1334 2309 1466 2372 307.)
1504 2309 1570 2360 de
1594 2322 1696 2373 po-

648 2380 921 2445 pularibus
956 2384 1091 2433 suis:
1150 2377 1459 2453 πέρῥοχος,
1496 2378 1574 2446 ὦς
1609 2375 1694 2432 ὅτ’

647 2450 845 2519 ἀοιδὸς
888 2452 923 2506 ὁ
962 2455 1214 2521 Λέσβιος
1258 2455 1690 2509 αλλοδαποῖσιν.

712 2532 793 2582 35.
849 2533 1050 2596 Quodsi]
1102 2534 1237 2582 Raro
1280 2547 1310 2582 a
1353 2535 1524 2598 po'etis
1558 2535 1695 2584 haec

646 2606 901 2671 particula
944 2610 1258 2671 usurpatur;
1305 2610 1570 2673 reperitur
1610 2611 1694 2658 ta-

647 2694 773 2731 men
806 2683 967 2745 etiam
1002 2682 1097 2733 Od.
1131 2684 1180 2743 4,
1217 2682 1298 2743 24,
1338 2684 1416 2733 43.
1455 2683 1503 2745 3,
1533 2684 1580 2743 4,
1606 2683 1688 2733 Μ.

646 2758 740 2820 Ep.
778 2758 827 2816 2,
866 2758 946 2807 39.
986 2760 1087 2808 cet.
1129 2785 1184 2792 —
1238 2759 1308 2807 Tu
1338 2761 1461 2822 post
1498 2759 1691 2820 quodsi,

647 2831 793 2893 quod
806 2831 1038 2882 nonnulli
1055 2832 1418 2894 requirebant,
1441 2847 1696 2883 necessa—

645 2906 785 2954 rium
819 2919 925 2955 non
962 2909 1059 2967 est,
1098 2920 1222 2956 cum
1245 2907 1384 2956 nulla
1408 2908 1499 2957 fiat
1522 2921 1692 2972 oppo-

646 2981 764 3030 sitio
796 2980 881 3029 vel
915 2982 1051 3029 inter
1091 2982 1454 3032 Maecenatem
1495 2986 1549 3031 et
1583 2984 1691 3032 Ho-

646 3055 864 3115 ratium,
918 3054 1002 3105 vel
1044 3055 1181 3104 inter
1221 3057 1585 3106 Maecenatem
1637 3059 1691 3105 et

648 3129 843 3178 Horatii
861 3129 1082 3191 iniquos
1107 3155 1162 3164 —
1184 3129 1369 3193 lyricis]
1408 3130 1515 3180 Cic.
1544 3131 1685 3181 Orat.

647 3202 696 3265 S.
737 3202 855 3251 ⁴83:
893 3200 1134 3273 Λυρικοὶ
1167 3206 1253 3265 qui
1286 3219 1321 3253 a
1354 3206 1561 3255 Graecis
1591 3219 1691 3266 ap-

639 3277 909 3338 pellantur.
966 3279 1209 3329 Usitatius
1254 3281 1379 3329 tunc
1413 3280 1573 3330 fuisse
1606 3280 1689 3328 vi-

647 3351 803 3402 detur
833 3352 976 3415 apud
1008 3354 1217 3404 Latinos
1249 3355 1427 3404 melici.
1468 3380 1524 3390 —-
1558 3356 1692 3405 inse-

644 3426 740 3490 res]
779 3426 966 3478 «lectis
1008 3442 1072 3477 ac
1103 3428 1342 3492 probatis
1386 3430 1521 3479 meis
1554 3433 1689 3492 poe-

1769 1271 1987 1321 matis.»
2071 1271 2326 1320 Futurum
2357 1270 2628 1322 firmatum
2660 1285 2690 1322 a
2730 1273 2811 1323 BT

1769 1358 1899 1395 sane
1934 1345 2108 1409 aptius
2130 1344 2340 1394 videtur
2361 1344 2666 1409 faciliusque
2690 1359 2811 1396 cor-

1770 1421 1984 1484 ruptum
2019 1421 2101 1470 est
2144 1432 2308 1483 quam
2340 1433 2611 1484 praesens.
2681 1424 2811 1471 Per-

1769 1505 1929 1555 quam
1975 1497 2096 1557 apte
2140 1495 2322 1543 autem
2363 1494 2415 1543 in
2456 1495 2556 1544 hac
2588 1500 2810 1559 poema-

1768 1567 1882 1615 tum
1924 1566 2084 1616 veluti
2118 1567 2446 1619 dedicatione
2498 1569 2567 1619 ad
2599 1572 2811 1621 Maece-

1770 1643 1951 1691 natem
1985 1642 2140 1704 redit,
2178 1645 2337 1706 atque
2372 1645 2540 1695 inanis
2565 1648 2647 1695 est
2680 1659 2811 1695 con-

1767 1716 1966 1765 iectura
2024 1717 2166 1778 Quod
2209 1716 2485 1781 (barbiton)
2529 1721 2811 1771 sl--inse-

1766 1791 1853 1839 rit.
1895 1789 2044 1852 (Jahn
2076 1791 2141 1841 Ν.
2178 1792 2230 1841 J.
2269 1792 2413 1843 ⁴848.
2451 1807 2504 1857 p.
2542 1794 2677 1855 2⁴2.)

1833 1864 1913 1913 36.
1952 1866 2176 1930 Sublimi]
2204 1867 2285 1915 «in
2309 1867 2524 1917 aethera
2548 1866 2808 1918 sublato.»

1775 1965 1828 1975 --
1847 1938 2046 2005 feriam]
2084 1941 2194 1991 «Ad
2216 1941 2388 1992 sidera
2422 1956 2592 2005 usque
2617 1956 2704 1993 me
2728 1946 2810 1993 at-

1770 2011 1950 2063 tollam
1972 2053 1983 2075 ,
2053 2015 2334 2066 immortali
2399 2016 2560 2080 gloria
2616 2017 2808 2067 fruar.»

1770 2089 1992 2140 Prorsus
2026 2090 2102 2139 sic
2146 2092 2342 2155 Sapph.
2379 2093 2494 2154 Frg.
2532 2093 2589 2142 9:
2650 2088 2810 2156 ψαύ-

1771 2176 1854 2212 ειν
1904 2161 1966 2213 δὲ
2016 2160 2199 2214 πόλον
2248 2162 2412 2214 δοκεῖ’
2453 2181 2559 2230 μοι
2608 2158 2810 2237 ὦρανῶ

1769 2233 2087 2298 δυσπάχεα.
2141 2239 2299 2303 Soph.
2354 2240 2480 2289 Oed.
2530 2240 2640 2290 Col.
2681 2241 2805 2290 38⁴:

1770 2309 1914 2400 πρὸς
1949 2308 2198 2385 οὐρανὸν
2229 2309 2432 2378 βιβῶν]
2480 2314 2719 2364 «dictum
2754 2317 2812 2364 ut

1770 2385 2000 2458 ουρανῷ
2066 2389 2331 2459 στηρίζον
2396 2386 2561 2451 κλέος
2629 2389 2806 2452 Eurip.

1768 2463 1960 2513 Bacch.
1988 2464 2101 2514 970.
2129 2466 2184 2514 et
2213 2461 2380 2526 κλέος
2414 2457 2810 2534 οὐρανόμηκες

1768 2530 1914 2601 ἕξεις
1964 2538 2107 2602 apud
2155 2540 2420 2603 Aristoph.
2466 2538 2603 2589 Nub.
2651 2539 2808 2590 450.»

1767 2614 2010 2662 DINDORF.
2051 2615 2203 2677 Prop.
2227 2614 2274 2675 4,
2312 2613 2361 2674 8,
2400 2612 2490 2663 43:
2527 2614 2672 2662 Nunc
2691 2613 2814 2662 mihi

1765 2699 1961 2735 sununa
1992 2686 2104 2735 licet
2144 2689 2426 2751 conlinqere
2464 2688 2631 2736 sidera
2656 2688 2811 2748 plan-

1764 2760 1842 2810 tis.
1915 2760 2064 2810 ovid.
2111 2774 2176 2811 ex
2226 2763 2391 2811 Ponto
2440 2763 2490 2821 ὅ,
2543 2763 2631 2811 57:
2684 2762 2812 2810 Huic

1769 2835 2020 2898 (principi)
2057 2848 2172 2884 cum
2211 2840 2268 2884 tu
2300 2836 2506 2897 placeas
2548 2841 2593 2884 et
2628 2836 2811 2884 vertice

1763 2910 1932 2958 sidera
1963 2913 2145 2972 tangas
2177 2911 2277 2958 cet.
2352 2910 2582 2971 (Comica
2625 2912 2808 2959 contra

1765 2985 1911 3032 sunt:
1948 2982 2168 3031 Theocr.
2207 2985 2256 3043 5,
2285 2981 2404 3032 ⁴44:
2443 2984 2525 3045 εἰς
2560 2977 2810 3053 οὐρανὸν

1763 3050 1944 3121 ὔμμιν
1976 3050 2241 3121 ἁλεῦμαι.
2304 3058 2409 3107 Cic.
2438 3058 2506 3107 ad
2529 3060 2632 3107 Att.
2671 3059 2720 3119 2,
2750 3060 2804 3107 ⁴:

1762 3132 1916 3194 digito
1949 3132 2140 3180 caelum
2165 3136 2353 3193 putant
2384 3133 2629 3196 attingere
2660 3133 2809 3196 priu-

1763 3206 1908 3269 cipes
1927 3205 2184 3268 civitatis.)
2210 3207 2486 3256 Diversam
2504 3207 2687 3269 utique
2712 3209 2802 3257 ha-

1762 3279 1893 3328 bent
1924 3280 2058 3329 haec
2092 3280 2411 3331 sententiam
2454 3280 2522 3330 ab
2559 3279 2680 3331 illis:
2736 3282 2812 3330 dis

1760 3355 1966 3403 miscent
1993 3354 2211 3416 superis,
2251 3368 2411 3417 quam
2446 3368 2608 3419 supra
2643 3354 2810 3419 expli-

1762 3441 1892 3477 cavi.

1292 3789 2018 3849 Excunsus
2095 3794 2147 3848 1.

746 3979 988 4029 Horatius
1021 3979 1130 4026 tres
1168 3980 1307 4038 (non,
1346 3981 1403 4026 ut
1437 3976 1518 4026 alii
1555 3978 1856 4041 opinantur,
1895 3979 2046 4041 duos)
2085 3981 2289 4042 priores
2314 3980 2623 4029 Carminum
2648 3980 2808 4029 libros

647 4054 935 4105 Maecenati
969 4066 1065 4102 suo
1100 4052 1445 4116 inscripturus
1481 4053 1617 4101 inter
1638 4053 1783 4102 varia
1808 4052 2109 4103 mortalium
2132 4052 2305 4103 studia
2329 4067 2450 4104 sese
2475 4056 2665 4105 ceteris
2689 4068 2809 4105 om-

648 4128 803 4178 nibus
836 4126 1030 4177 relictis
1061 4127 1238 4190 poesis
1272 4125 1469 4188 lyricae
1494 4125 1707 4177 laudem
1731 4128 1886 4176 unice
1911 4129 2165 4191 appetere
2200 4141 2264 4177 ac
2288 4127 2649 4179 felicissimum
2675 4128 2801 4185 sore,

647 4203 738 4253 ubi
773 4203 1007 4253 carmina
1041 4215 1135 4253 sua
1156 4200 1379 4263 eleganti
1414 4202 1567 4252 amici
1592 4202 1785 4251 iudicio
1809 4200 2242 4265 comprobentur,
2283 4216 2349 4252 eo
2373 4203 2533 4253 modo
2556 4202 2802 4257 ostendit,
