<?xml version="1.0" encoding="UTF-8"?>
<!DOCTYPE html PUBLIC "-//W3C//DTD XHTML 1.0 Transitional//EN"
    "http://www.w3.org/TR/xhtml1/DTD/xhtml1-transitional.dtd">
<html xmlns="http://www.w3.org/1999/xhtml" xml:lang="en" lang="en">
 <head>
  <title>
</title>
<meta http-equiv="Content-Type" content="text/html;charset=utf-8" />
  <meta name='ocr-system' content='tesseract 3.04.00' />
  <meta name='ocr-capabilities' content='ocr_page ocr_carea ocr_par ocr_line ocrx_word'/>
</head>
<body>
  <div class='ocr_page' id='page_1' title='image "./qhoratiusflaccu05baitgoog_0343.png"; bbox 0 0 3234 4975; ppageno 0'>
   <div class='ocr_carea' id='block_1_1' title="bbox 1238 344 1585 395">
    <p class='ocr_par' dir='ltr' id='par_1_1' title="bbox 1238 344 1585 395">
     <span class='ocr_line' id='line_1_1' title="bbox 1238 344 1585 395; baseline -0.009 0"><span class='ocrx_word' id='word_1_1' title='bbox 1238 345 1358 395; x_wconf 65' lang='grc' dir='ltr'>[ΑΒ.</span> <span class='ocrx_word' id='word_1_2' title='bbox 1395 344 1456 394; x_wconf 92' lang='lat' dir='ltr'>ll.</span> <span class='ocrx_word' id='word_1_3' title='bbox 1528 346 1585 393; x_wconf 88' lang='lat' dir='ltr'>C.</span> 
     </span>
    </p>
   </div>
   <div class='ocr_carea' id='block_1_2' title="bbox 815 498 2071 587">
    <p class='ocr_par' dir='ltr' id='par_1_2' title="bbox 815 498 2071 587">
     <span class='ocr_line' id='line_1_2' title="bbox 815 498 2071 587; baseline 0.003 -25"><span class='ocrx_word' id='word_1_4' title='bbox 815 498 1137 586; x_wconf 88' lang='lat' dir='ltr'>Marisquc</span> <span class='ocrx_word' id='word_1_5' title='bbox 1179 498 1353 565; x_wconf 85' lang='lat' dir='ltr'>Baiis</span> <span class='ocrx_word' id='word_1_6' title='bbox 1398 498 1831 587; x_wconf 88' lang='lat' dir='ltr'>obstrepentis</span> <span class='ocrx_word' id='word_1_7' title='bbox 1877 520 2071 587; x_wconf 81' lang='lat' dir='ltr'><strong>urges</strong></span> 
     </span>
    </p>
   </div>
   <div class='ocr_carea' id='block_1_3' title="bbox 729 634 1414 711">
    <p class='ocr_par' dir='ltr' id='par_1_3' title="bbox 729 634 1414 711">
     <span class='ocr_line' id='line_1_3' title="bbox 729 634 1414 711; baseline 0.001 -9"><span class='ocrx_word' id='word_1_8' title='bbox 729 638 1152 704; x_wconf 90' lang='lat' dir='ltr'>Summovere</span> <span class='ocrx_word' id='word_1_9' title='bbox 1196 634 1414 711; x_wconf 89' lang='lat' dir='ltr'>litora,</span> 
     </span>
    </p>
   </div>
   <div class='ocr_carea' id='block_1_4' title="bbox 1625 345 1798 395">
    <p class='ocr_par' dir='ltr' id='par_1_4' title="bbox 1625 345 1798 395">
     <span class='ocr_line' id='line_1_4' title="bbox 1625 345 1798 395; baseline -0.012 0"><span class='ocrx_word' id='word_1_10' title='bbox 1625 345 1798 395; x_wconf 79' lang='lat' dir='ltr'>xvul.</span> 
     </span>
    </p>
   </div>
   <div class='ocr_carea' id='block_1_5' title="bbox 731 757 1998 1087">
    <p class='ocr_par' dir='ltr' id='par_1_5' title="bbox 731 757 1998 1087">
     <span class='ocr_line' id='line_1_5' title="bbox 811 757 1998 848; baseline 0.001 -25"><span class='ocrx_word' id='word_1_11' title='bbox 811 760 1050 824; x_wconf 85' lang='lat' dir='ltr'>Parum</span> <span class='ocrx_word' id='word_1_12' title='bbox 1092 757 1383 846; x_wconf 81' lang='lat' dir='ltr'><strong>locuples</strong></span> <span class='ocrx_word' id='word_1_13' title='bbox 1429 759 1795 826; x_wconf 80' lang='lat' dir='ltr'>continente</span> <span class='ocrx_word' id='word_1_14' title='bbox 1841 760 1998 848; x_wconf 86' lang='lat' dir='ltr'>ripa.</span> 
     </span>
     <span class='ocr_line' id='line_1_6' title="bbox 731 877 1800 966; baseline 0.002 -22"><span class='ocrx_word' id='word_1_15' title='bbox 731 878 932 958; x_wconf 89' lang='lat' dir='ltr'>Quid,</span> <span class='ocrx_word' id='word_1_16' title='bbox 982 877 1160 965; x_wconf 91' lang='lat' dir='ltr'>quod</span> <span class='ocrx_word' id='word_1_17' title='bbox 1206 899 1416 966; x_wconf 89' lang='lat' dir='ltr'>usque</span> <span class='ocrx_word' id='word_1_18' title='bbox 1469 879 1800 966; x_wconf 86' lang='lat' dir='ltr'>proximos</span> 
     </span>
     <span class='ocr_line' id='line_1_7' title="bbox 812 998 1940 1087; baseline 0 -20"><span class='ocrx_word' id='word_1_19' title='bbox 812 998 1089 1067; x_wconf 87' lang='lat' dir='ltr'>Revellis</span> <span class='ocrx_word' id='word_1_20' title='bbox 1135 1000 1271 1087; x_wconf 87' lang='lat' dir='ltr'>agri</span> <span class='ocrx_word' id='word_1_21' title='bbox 1315 999 1623 1067; x_wconf 88' lang='lat' dir='ltr'>terminos</span> <span class='ocrx_word' id='word_1_22' title='bbox 1666 1010 1733 1067; x_wconf 91' lang='lat' dir='ltr'>et</span> <span class='ocrx_word' id='word_1_23' title='bbox 1774 1000 1940 1067; x_wconf 85' lang='lat' dir='ltr'>ultra</span> 
     </span>
    </p>
   </div>
   <div class='ocr_carea' id='block_1_6' title="bbox 731 1139 1360 1208">
    <p class='ocr_par' dir='ltr' id='par_1_6' title="bbox 731 1139 1360 1208">
     <span class='ocr_line' id='line_1_8' title="bbox 731 1139 1360 1208; baseline -0.003 -1"><span class='ocrx_word' id='word_1_24' title='bbox 731 1141 991 1208; x_wconf 84' lang='lat' dir='ltr'><strong>Limites</strong></span> <span class='ocrx_word' id='word_1_25' title='bbox 1037 1139 1360 1207; x_wconf 88' lang='lat' dir='ltr'>clientium</span> 
     </span>
    </p>
   </div>
   <div class='ocr_carea' id='block_1_7' title="bbox 2564 1144 2646 1207">
    <p class='ocr_par' dir='ltr' id='par_1_7' title="bbox 2564 1144 2646 1207">
     <span class='ocr_line' id='line_1_9' title="bbox 2564 1144 2646 1207; baseline 0 0"><span class='ocrx_word' id='word_1_26' title='bbox 2564 1144 2646 1207; x_wconf 75' lang='lat'>25</span> 
     </span>
    </p>
   </div>
   <div class='ocr_carea' id='block_1_8' title="bbox 813 1258 1970 1347">
    <p class='ocr_par' dir='ltr' id='par_1_8' title="bbox 813 1258 1970 1347">
     <span class='ocr_line' id='line_1_10' title="bbox 813 1258 1970 1347; baseline -0.002 -19"><span class='ocrx_word' id='word_1_27' title='bbox 813 1261 979 1329; x_wconf 89' lang='lat' dir='ltr'>Salis</span> <span class='ocrx_word' id='word_1_28' title='bbox 1021 1258 1307 1327; x_wconf 78' lang='lat' dir='ltr'>avarus?</span> <span class='ocrx_word' id='word_1_29' title='bbox 1351 1258 1613 1326; x_wconf 84' lang='lat' dir='ltr'>Pellitur</span> <span class='ocrx_word' id='word_1_30' title='bbox 1669 1270 1970 1347; x_wconf 88' lang='lat' dir='ltr'>paternos</span> 
     </span>
    </p>
   </div>
   <div class='ocr_carea' id='block_1_9' title="bbox 609 1437 2577 1505">
    <p class='ocr_par' dir='ltr' id='par_1_9' title="bbox 609 1437 2577 1505">
     <span class='ocr_line' id='line_1_11' title="bbox 609 1437 2577 1505; baseline -0.001 -11"><span class='ocrx_word' id='word_1_31' title='bbox 609 1444 690 1494; x_wconf 80' lang='lat'>20.</span> <span class='ocrx_word' id='word_1_32' title='bbox 727 1443 836 1493; x_wconf 75' lang='lat' dir='ltr'>buis</span> <span class='ocrx_word' id='word_1_33' title='bbox 866 1443 923 1492; x_wconf 90' lang='lat' dir='ltr'>T.</span> <span class='ocrx_word' id='word_1_34' title='bbox 965 1466 1019 1477; x_wconf 92' lang='lat'>—</span> <span class='ocrx_word' id='word_1_35' title='bbox 1057 1442 1141 1491; x_wconf 69' lang='lat'>25.</span> <span class='ocrx_word' id='word_1_36' title='bbox 1168 1440 1395 1490; x_wconf 78' lang='lat' dir='ltr'>Limitom</span> <span class='ocrx_word' id='word_1_37' title='bbox 1424 1437 1657 1489; x_wconf 83' lang='lat' dir='ltr'>Pottierii</span> <span class='ocrx_word' id='word_1_38' title='bbox 1688 1440 1939 1502; x_wconf 82' lang='lat' dir='ltr'>quattuor</span> <span class='ocrx_word' id='word_1_39' title='bbox 1960 1437 2121 1489; x_wconf 84' lang='lat' dir='ltr'>etalii</span> <span class='ocrx_word' id='word_1_40' title='bbox 2142 1438 2297 1505; x_wconf 88' lang='lat' dir='ltr'>prob.</span> <span class='ocrx_word' id='word_1_41' title='bbox 2324 1442 2577 1493; x_wconf 89' lang='lat' dir='ltr'>Gesnero.</span> 
     </span>
    </p>
   </div>
   <div class='ocr_carea' id='block_1_10' title="bbox 544 1515 1022 1583">
    <p class='ocr_par' dir='ltr' id='par_1_10' title="bbox 544 1515 1022 1583">
     <span class='ocr_line' id='line_1_12' title="bbox 544 1515 1022 1583; baseline -0.013 -13"><span class='ocrx_word' id='word_1_42' title='bbox 544 1519 622 1583; x_wconf 85' lang='lat' dir='ltr'>(Ut</span> <span class='ocrx_word' id='word_1_43' title='bbox 655 1530 782 1580; x_wconf 89' lang='lat' dir='ltr'>nos,</span> <span class='ocrx_word' id='word_1_44' title='bbox 818 1515 1022 1577; x_wconf 78' lang='lat' dir='ltr'>nostri.)</span> 
     </span>
    </p>
   </div>
   <div class='ocr_carea' id='block_1_11' title="bbox 480 1658 2645 1725">
    <p class='ocr_par' dir='ltr' id='par_1_11' title="bbox 480 1658 2645 1725">
     <span class='ocr_line' id='line_1_13' title="bbox 480 1658 2645 1725; baseline -0.006 -5"><span class='ocrx_word' id='word_1_45' title='bbox 480 1670 596 1720; x_wconf 87' lang='lat' dir='ltr'>niae</span> <span class='ocrx_word' id='word_1_46' title='bbox 629 1664 857 1725; x_wconf 79' lang='lat' dir='ltr'>litorale,</span> <span class='ocrx_word' id='word_1_47' title='bbox 910 1663 1123 1714; x_wconf 82' lang='lat' dir='ltr'>celebre</span> <span class='ocrx_word' id='word_1_48' title='bbox 1155 1675 1383 1712; x_wconf 88' lang='lat' dir='ltr'>amoeno</span> <span class='ocrx_word' id='word_1_49' title='bbox 1417 1661 1520 1711; x_wconf 88' lang='lat' dir='ltr'>situ</span> <span class='ocrx_word' id='word_1_50' title='bbox 1596 1658 1899 1719; x_wconf 79' lang='lat' dir='ltr'>Quintiliani</span> <span class='ocrx_word' id='word_1_51' title='bbox 1949 1659 2187 1712; x_wconf 86' lang='lat' dir='ltr'>Declam.</span> <span class='ocrx_word' id='word_1_52' title='bbox 2235 1663 2327 1724; x_wconf 74' lang='lat'>⁴3,</span> <span class='ocrx_word' id='word_1_53' title='bbox 2380 1665 2447 1713; x_wconf 75' lang='lat'>2:</span> <span class='ocrx_word' id='word_1_54' title='bbox 2505 1666 2645 1716; x_wconf 62' lang='lat' dir='ltr'>Post-</span> 
     </span>
    </p>
   </div>
   <div class='ocr_carea' id='block_1_12' title="bbox 477 1735 1524 2028">
    <p class='ocr_par' dir='ltr' id='par_1_12' title="bbox 477 1735 1524 2028">
     <span class='ocr_line' id='line_1_14' title="bbox 478 1735 1524 1805; baseline -0.011 -11"><span class='ocrx_word' id='word_1_55' title='bbox 478 1747 534 1794; x_wconf 86' lang='lat' dir='ltr'>et</span> <span class='ocrx_word' id='word_1_56' title='bbox 553 1742 706 1805; x_wconf 85' lang='lat' dir='ltr'>aquis</span> <span class='ocrx_word' id='word_1_57' title='bbox 729 1739 929 1790; x_wconf 81' lang='lat' dir='ltr'>calidis.</span> <span class='ocrx_word' id='word_1_58' title='bbox 958 1738 1108 1789; x_wconf 73' lang='lat' dir='ltr'>Cous.</span> <span class='ocrx_word' id='word_1_59' title='bbox 1127 1738 1330 1788; x_wconf 83' lang='lat' dir='ltr'>Becker</span> <span class='ocrx_word' id='word_1_60' title='bbox 1348 1735 1524 1786; x_wconf 74' lang='lat' dir='ltr'>Gallus</span> 
     </span>
     <span class='ocr_line' id='line_1_15' title="bbox 477 1810 1522 1878; baseline -0.008 -12"><span class='ocrx_word' id='word_1_61' title='bbox 477 1818 516 1867; x_wconf 90' lang='lat'>1.</span> <span class='ocrx_word' id='word_1_62' title='bbox 533 1815 616 1866; x_wconf 90' lang='lat' dir='ltr'>ed.</span> <span class='ocrx_word' id='word_1_63' title='bbox 642 1814 730 1865; x_wconf 87' lang='lat' dir='ltr'>alt.</span> <span class='ocrx_word' id='word_1_64' title='bbox 753 1827 808 1878; x_wconf 88' lang='lat' dir='ltr'>p.</span> <span class='ocrx_word' id='word_1_65' title='bbox 829 1812 924 1863; x_wconf 72' lang='lat'>⁴24</span> <span class='ocrx_word' id='word_1_66' title='bbox 942 1824 1060 1874; x_wconf 85' lang='lat' dir='ltr'>sqq.</span> <span class='ocrx_word' id='word_1_67' title='bbox 1081 1838 1136 1847; x_wconf 93' lang='lat'>—</span> <span class='ocrx_word' id='word_1_68' title='bbox 1152 1810 1315 1875; x_wconf 65' lang='lat' dir='ltr'>urges]</span> <span class='ocrx_word' id='word_1_69' title='bbox 1338 1821 1522 1860; x_wconf 76' lang='lat' dir='ltr'>«sum-</span> 
     </span>
     <span class='ocr_line' id='line_1_16' title="bbox 477 1882 1521 1945; baseline -0.009 -4"><span class='ocrx_word' id='word_1_70' title='bbox 477 1904 568 1941; x_wconf 92' lang='lat' dir='ltr'>mo</span> <span class='ocrx_word' id='word_1_71' title='bbox 586 1888 762 1939; x_wconf 88' lang='lat' dir='ltr'>studio</span> <span class='ocrx_word' id='word_1_72' title='bbox 779 1889 832 1937; x_wconf 90' lang='lat' dir='ltr'>in</span> <span class='ocrx_word' id='word_1_73' title='bbox 851 1886 902 1936; x_wconf 90' lang='lat' dir='ltr'>id</span> <span class='ocrx_word' id='word_1_74' title='bbox 919 1885 1182 1935; x_wconf 84' lang='lat' dir='ltr'>incumbis</span> <span class='ocrx_word' id='word_1_75' title='bbox 1196 1923 1208 1945; x_wconf 88' lang='lat'>,</span> <span class='ocrx_word' id='word_1_76' title='bbox 1234 1887 1297 1934; x_wconf 84' lang='lat' dir='ltr'>ut</span> <span class='ocrx_word' id='word_1_77' title='bbox 1315 1882 1521 1945; x_wconf 81' lang='lat' dir='ltr'>longius</span> 
     </span>
     <span class='ocr_line' id='line_1_17' title="bbox 478 1958 1519 2028; baseline -0.008 -13"><span class='ocrx_word' id='word_1_78' title='bbox 478 1975 797 2028; x_wconf 85' lang='lat' dir='ltr'>promoveas</span> <span class='ocrx_word' id='word_1_79' title='bbox 824 1959 947 2010; x_wconf 88' lang='lat' dir='ltr'>litus</span> <span class='ocrx_word' id='word_1_80' title='bbox 969 1958 1198 2009; x_wconf 88' lang='lat' dir='ltr'>molibus</span> <span class='ocrx_word' id='word_1_81' title='bbox 1221 1958 1519 2017; x_wconf 80' lang='lat' dir='ltr'>exstructis,</span> 
     </span>
    </p>
   </div>
   <div class='ocr_carea' id='block_1_13' title="bbox 1593 1737 2649 2019">
    <p class='ocr_par' dir='ltr' id='par_1_13' title="bbox 1593 1737 2649 2019">
     <span class='ocr_line' id='line_1_18' title="bbox 1593 1737 2649 1797; baseline 0.008 -14"><span class='ocrx_word' id='word_1_82' title='bbox 1593 1747 1749 1795; x_wconf 83' lang='lat' dir='ltr'>quam</span> <span class='ocrx_word' id='word_1_83' title='bbox 1789 1737 2054 1797; x_wconf 57' lang='lat' dir='ltr'>proximos</span> <span class='ocrx_word' id='word_1_84' title='bbox 2094 1737 2370 1788; x_wconf 75' lang='lat' dir='ltr'>revellendo</span> <span class='ocrx_word' id='word_1_85' title='bbox 2412 1740 2649 1791; x_wconf 64' lang='lat' dir='ltr'>comanos</span> 
     </span>
     <span class='ocr_line' id='line_1_19' title="bbox 1595 1809 2641 1872; baseline 0.006 -15"><span class='ocrx_word' id='word_1_86' title='bbox 1595 1821 1723 1872; x_wconf 71' lang='lat' dir='ltr'>aqer</span> <span class='ocrx_word' id='word_1_87' title='bbox 1770 1809 2024 1871; x_wconf 72' lang='lat' dir='ltr'>lomtptetis</span> <span class='ocrx_word' id='word_1_88' title='bbox 2070 1811 2223 1861; x_wconf 74' lang='lat' dir='ltr'>latius</span> <span class='ocrx_word' id='word_1_89' title='bbox 2262 1813 2542 1863; x_wconf 73' lang='lat' dir='ltr'>inundavit.</span> <span class='ocrx_word' id='word_1_90' title='bbox 2588 1840 2641 1851; x_wconf 86' lang='lat'>-</span> 
     </span>
     <span class='ocr_line' id='line_1_20' title="bbox 1596 1883 2647 1950; baseline 0.007 -19"><span class='ocrx_word' id='word_1_91' title='bbox 1596 1883 1825 1948; x_wconf 73' lang='lat' dir='ltr'>Revellis]</span> <span class='ocrx_word' id='word_1_92' title='bbox 1884 1885 2115 1934; x_wconf 86' lang='lat' dir='ltr'>Termini</span> <span class='ocrx_word' id='word_1_93' title='bbox 2146 1887 2362 1950; x_wconf 88' lang='lat' dir='ltr'>proprie</span> <span class='ocrx_word' id='word_1_94' title='bbox 2397 1887 2647 1939; x_wconf 88' lang='lat' dir='ltr'>dicuntur</span> 
     </span>
     <span class='ocr_line' id='line_1_21' title="bbox 1594 1959 2646 2019; baseline 0.007 -13"><span class='ocrx_word' id='word_1_95' title='bbox 1594 1959 1808 2019; x_wconf 79' lang='lat' dir='ltr'>moveri,</span> <span class='ocrx_word' id='word_1_96' title='bbox 1844 1960 2075 2009; x_wconf 63' lang='lat' dir='ltr'>ararat-i.</span> <span class='ocrx_word' id='word_1_97' title='bbox 2147 1961 2331 2012; x_wconf 79' lang='lat' dir='ltr'>Festus</span> <span class='ocrx_word' id='word_1_98' title='bbox 2363 1961 2414 2011; x_wconf 90' lang='lat' dir='ltr'>in</span> <span class='ocrx_word' id='word_1_99' title='bbox 2444 1976 2495 2012; x_wconf 82' lang='lat' dir='ltr'>v.</span> <span class='ocrx_word' id='word_1_100' title='bbox 2527 1964 2646 2013; x_wconf 80' lang='lat' dir='ltr'>Ter-</span> 
     </span>
    </p>
   </div>
   <div class='ocr_carea' id='block_1_14' title="bbox 478 2031 2648 2175">
    <p class='ocr_par' dir='ltr' id='par_1_14' title="bbox 478 2031 2648 2175">
     <span class='ocr_line' id='line_1_22' title="bbox 478 2031 2648 2096; baseline -0.001 -7"><span class='ocrx_word' id='word_1_101' title='bbox 478 2051 585 2089; x_wconf 90' lang='lat' dir='ltr'>non</span> <span class='ocrx_word' id='word_1_102' title='bbox 633 2037 762 2087; x_wconf 89' lang='lat' dir='ltr'>satis</span> <span class='ocrx_word' id='word_1_103' title='bbox 796 2034 1000 2084; x_wconf 86' lang='lat' dir='ltr'>habens</span> <span class='ocrx_word' id='word_1_104' title='bbox 1035 2031 1136 2082; x_wconf 90' lang='lat' dir='ltr'>loci</span> <span class='ocrx_word' id='word_1_105' title='bbox 1170 2033 1223 2082; x_wconf 91' lang='lat' dir='ltr'>in</span> <span class='ocrx_word' id='word_1_106' title='bbox 1256 2031 1426 2081; x_wconf 85' lang='lat' dir='ltr'>litore.</span> <span class='ocrx_word' id='word_1_107' title='bbox 1462 2056 1518 2067; x_wconf 90' lang='lat'>-</span> <span class='ocrx_word' id='word_1_108' title='bbox 1594 2033 1732 2081; x_wconf 85' lang='lat' dir='ltr'>mino</span> <span class='ocrx_word' id='word_1_109' title='bbox 1754 2045 1807 2096; x_wconf 90' lang='lat' dir='ltr'>p.</span> <span class='ocrx_word' id='word_1_110' title='bbox 1836 2033 1949 2082; x_wconf 74' lang='lat'>457.</span> <span class='ocrx_word' id='word_1_111' title='bbox 1976 2034 2215 2084; x_wconf 84' lang='lat' dir='ltr'>Lindem.</span> <span class='ocrx_word' id='word_1_112' title='bbox 2236 2048 2283 2082; x_wconf 78' lang='lat' dir='ltr'>z»</span> <span class='ocrx_word' id='word_1_113' title='bbox 2316 2036 2648 2088; x_wconf 71' lang='lat' dir='ltr'>anaPom-</span> 
     </span>
     <span class='ocr_line' id='line_1_23' title="bbox 478 2106 2647 2175; baseline -0 -12"><span class='ocrx_word' id='word_1_114' title='bbox 478 2114 658 2175; x_wconf 75' lang='lat' dir='ltr'>Ripam</span> <span class='ocrx_word' id='word_1_115' title='bbox 706 2123 804 2174; x_wconf 88' lang='lat' dir='ltr'>pro</span> <span class='ocrx_word' id='word_1_116' title='bbox 848 2110 992 2159; x_wconf 80' lang='lat' dir='ltr'>litore</span> <span class='ocrx_word' id='word_1_117' title='bbox 1038 2109 1091 2158; x_wconf 85' lang='lat' dir='ltr'>et</span> <span class='ocrx_word' id='word_1_118' title='bbox 1124 2108 1240 2156; x_wconf 73' lang='lat' dir='ltr'>litus</span> <span class='ocrx_word' id='word_1_119' title='bbox 1273 2119 1372 2169; x_wconf 90' lang='lat' dir='ltr'>pro</span> <span class='ocrx_word' id='word_1_120' title='bbox 1405 2106 1525 2168; x_wconf 79' lang='lat' dir='ltr'>ripa</span> <span class='ocrx_word' id='word_1_121' title='bbox 1589 2107 1746 2169; x_wconf 72' lang='lat' dir='ltr'>pilius</span> <span class='ocrx_word' id='word_1_122' title='bbox 1775 2108 1950 2157; x_wconf 72' lang='lat' dir='ltr'>statuit</span> <span class='ocrx_word' id='word_1_123' title='bbox 1982 2121 2124 2168; x_wconf 72' lang='lat' dir='ltr'>omn,</span> <span class='ocrx_word' id='word_1_124' title='bbox 2162 2109 2249 2170; x_wconf 77' lang='lat' dir='ltr'>qui</span> <span class='ocrx_word' id='word_1_125' title='bbox 2269 2111 2537 2161; x_wconf 67' lang='lat' dir='ltr'>caminum</span> <span class='ocrx_word' id='word_1_126' title='bbox 2558 2126 2647 2162; x_wconf 74' lang='lat' dir='ltr'>av-</span> 
     </span>
    </p>
   </div>
   <div class='ocr_carea' id='block_1_15' title="bbox 447 2180 1530 4255">
    <p class='ocr_par' dir='ltr' id='par_1_15' title="bbox 447 2180 1530 4016">
     <span class='ocr_line' id='line_1_24' title="bbox 477 2180 1522 2250; baseline -0.01 -12"><span class='ocrx_word' id='word_1_127' title='bbox 477 2188 736 2250; x_wconf 87' lang='lat' dir='ltr'>usurpant</span> <span class='ocrx_word' id='word_1_128' title='bbox 755 2186 945 2248; x_wconf 77' lang='lat' dir='ltr'>poetae</span> <span class='ocrx_word' id='word_1_129' title='bbox 969 2197 982 2242; x_wconf 91' lang='lat'>;</span> <span class='ocrx_word' id='word_1_130' title='bbox 1018 2181 1165 2245; x_wconf 88' lang='lat' dir='ltr'>quid,</span> <span class='ocrx_word' id='word_1_131' title='bbox 1192 2180 1339 2244; x_wconf 90' lang='lat' dir='ltr'>quod</span> <span class='ocrx_word' id='word_1_132' title='bbox 1362 2181 1522 2230; x_wconf 87' lang='lat' dir='ltr'>etiam</span> 
     </span>
     <span class='ocr_line' id='line_1_25' title="bbox 477 2255 1524 2318; baseline -0.01 -6"><span class='ocrx_word' id='word_1_133' title='bbox 477 2263 587 2312; x_wconf 89' lang='lat' dir='ltr'>Cic.</span> <span class='ocrx_word' id='word_1_134' title='bbox 624 2259 693 2310; x_wconf 91' lang='lat' dir='ltr'>de</span> <span class='ocrx_word' id='word_1_135' title='bbox 738 2261 847 2309; x_wconf 86' lang='lat' dir='ltr'>lnv.</span> <span class='ocrx_word' id='word_1_136' title='bbox 895 2259 956 2318; x_wconf 78' lang='lat'>2,</span> <span class='ocrx_word' id='word_1_137' title='bbox 994 2257 1075 2307; x_wconf 75' lang='grc'>34.</span> <span class='ocrx_word' id='word_1_138' title='bbox 1130 2255 1196 2305; x_wconf 91' lang='lat' dir='ltr'>de</span> <span class='ocrx_word' id='word_1_139' title='bbox 1240 2255 1385 2304; x_wconf 81' lang='lat' dir='ltr'>litore</span> <span class='ocrx_word' id='word_1_140' title='bbox 1417 2255 1524 2304; x_wconf 87' lang='lat' dir='ltr'>Eu—</span> 
     </span>
     <span class='ocr_line' id='line_1_26' title="bbox 476 2324 1523 2396; baseline -0.01 -10"><span class='ocrx_word' id='word_1_141' title='bbox 476 2340 625 2386; x_wconf 85' lang='lat' dir='ltr'>rotae</span> <span class='ocrx_word' id='word_1_142' title='bbox 642 2334 906 2396; x_wconf 65' lang='lat' dir='ltr'>loquitur?</span> <span class='ocrx_word' id='word_1_143' title='bbox 928 2330 1094 2394; x_wconf 81' lang='lat' dir='ltr'>Volgo</span> <span class='ocrx_word' id='word_1_144' title='bbox 1118 2343 1217 2394; x_wconf 88' lang='lat' dir='ltr'>per</span> <span class='ocrx_word' id='word_1_145' title='bbox 1239 2324 1523 2395; x_wconf 77' lang='grc' dir='ltr'>σύγχυσιν</span> 
     </span>
     <span class='ocr_line' id='line_1_27' title="bbox 479 2402 1524 2470; baseline -0.008 -10"><span class='ocrx_word' id='word_1_146' title='bbox 479 2409 661 2460; x_wconf 88' lang='lat' dir='ltr'>nescio</span> <span class='ocrx_word' id='word_1_147' title='bbox 710 2419 874 2470; x_wconf 87' lang='lat' dir='ltr'>quam</span> <span class='ocrx_word' id='word_1_148' title='bbox 925 2404 1213 2469; x_wconf 85' lang='lat' dir='ltr'>explicant,</span> <span class='ocrx_word' id='word_1_149' title='bbox 1282 2402 1524 2453; x_wconf 85' lang='lat' dir='ltr'>dicentes</span> 
     </span>
     <span class='ocr_line' id='line_1_28' title="bbox 476 2478 1524 2549; baseline -0.007 -15"><span class='ocrx_word' id='word_1_150' title='bbox 476 2483 689 2549; x_wconf 88' lang='lat' dir='ltr'>proprie</span> <span class='ocrx_word' id='word_1_151' title='bbox 712 2481 1011 2531; x_wconf 76' lang='lat' dir='ltr'>sumnwveri</span> <span class='ocrx_word' id='word_1_152' title='bbox 1030 2493 1202 2540; x_wconf 75' lang='lat' dir='ltr'>mre,</span> <span class='ocrx_word' id='word_1_153' title='bbox 1240 2479 1299 2528; x_wconf 83' lang='lat' dir='ltr'>ut</span> <span class='ocrx_word' id='word_1_154' title='bbox 1319 2478 1524 2528; x_wconf 80' lang='lat' dir='ltr'>Seneca</span> 
     </span>
     <span class='ocr_line' id='line_1_29' title="bbox 477 2557 1526 2610; baseline -0.008 0"><span class='ocrx_word' id='word_1_155' title='bbox 477 2559 727 2610; x_wconf 82' lang='lat' dir='ltr'>controv.</span> <span class='ocrx_word' id='word_1_156' title='bbox 785 2558 853 2606; x_wconf 69' lang='grc' dir='ltr'>δι</span> <span class='ocrx_word' id='word_1_157' title='bbox 928 2557 1102 2605; x_wconf 76' lang='lat' dir='ltr'>maria</span> <span class='ocrx_word' id='word_1_158' title='bbox 1154 2559 1526 2604; x_wconf 71' lang='lat' dir='ltr'>sununoventur</span> 
     </span>
     <span class='ocr_line' id='line_1_30' title="bbox 473 2627 1524 2695; baseline -0.005 -13"><span class='ocrx_word' id='word_1_159' title='bbox 473 2633 708 2695; x_wconf 79' lang='lat' dir='ltr'>proiectis</span> <span class='ocrx_word' id='word_1_160' title='bbox 736 2630 977 2689; x_wconf 69' lang='lat' dir='ltr'>molibus3</span> <span class='ocrx_word' id='word_1_161' title='bbox 1023 2629 1123 2680; x_wconf 91' lang='lat' dir='ltr'>sed</span> <span class='ocrx_word' id='word_1_162' title='bbox 1156 2629 1210 2679; x_wconf 88' lang='lat' dir='ltr'>b.</span> <span class='ocrx_word' id='word_1_163' title='bbox 1247 2627 1283 2678; x_wconf 89' lang='lat' dir='ltr'>l.</span> <span class='ocrx_word' id='word_1_164' title='bbox 1321 2628 1524 2679; x_wconf 85' lang='lat' dir='ltr'>dictum</span> 
     </span>
     <span class='ocr_line' id='line_1_31' title="bbox 477 2703 1526 2770; baseline -0.007 -12"><span class='ocrx_word' id='word_1_165' title='bbox 477 2720 599 2758; x_wconf 86' lang='lat' dir='ltr'>esse</span> <span class='ocrx_word' id='word_1_166' title='bbox 623 2719 720 2770; x_wconf 90' lang='lat' dir='ltr'>pro</span> <span class='ocrx_word' id='word_1_167' title='bbox 735 2717 1031 2768; x_wconf 79' lang='lat' dir='ltr'>promovere</span> <span class='ocrx_word' id='word_1_168' title='bbox 1052 2704 1222 2764; x_wconf 82' lang='lat' dir='ltr'>litora,</span> <span class='ocrx_word' id='word_1_169' title='bbox 1259 2703 1318 2752; x_wconf 88' lang='lat' dir='ltr'>ut</span> <span class='ocrx_word' id='word_1_170' title='bbox 1344 2715 1526 2752; x_wconf 89' lang='lat' dir='ltr'>emen-</span> 
     </span>
     <span class='ocr_line' id='line_1_32' title="bbox 476 2776 1525 2831; baseline -0.005 0"><span class='ocrx_word' id='word_1_171' title='bbox 476 2780 715 2831; x_wconf 83' lang='lat' dir='ltr'>dandum</span> <span class='ocrx_word' id='word_1_172' title='bbox 748 2779 913 2830; x_wconf 81' lang='lat' dir='ltr'>suasit</span> <span class='ocrx_word' id='word_1_173' title='bbox 945 2778 1040 2828; x_wconf 88' lang='lat' dir='ltr'>Ed.</span> <span class='ocrx_word' id='word_1_174' title='bbox 1079 2777 1372 2829; x_wconf 74' lang='lat' dir='ltr'>LeidensiS.</span> <span class='ocrx_word' id='word_1_175' title='bbox 1419 2776 1525 2828; x_wconf 91' lang='lat' dir='ltr'>Sed</span> 
     </span>
     <span class='ocr_line' id='line_1_33' title="bbox 476 2850 1530 2916; baseline -0.004 -11"><span class='ocrx_word' id='word_1_176' title='bbox 476 2854 602 2905; x_wconf 86' lang='lat' dir='ltr'>nihil</span> <span class='ocrx_word' id='word_1_177' title='bbox 619 2853 797 2904; x_wconf 77' lang='lat' dir='ltr'>obstat</span> <span class='ocrx_word' id='word_1_178' title='bbox 816 2854 946 2915; x_wconf 87' lang='lat' dir='ltr'>quin</span> <span class='ocrx_word' id='word_1_179' title='bbox 967 2853 1396 2916; x_wconf 80' lang='lat' dir='ltr'>interpretemur,</span> <span class='ocrx_word' id='word_1_180' title='bbox 1416 2850 1530 2901; x_wconf 91' lang='lat' dir='ltr'>nul-</span> 
     </span>
     <span class='ocr_line' id='line_1_34' title="bbox 477 2925 1525 2988; baseline -0.005 -8"><span class='ocrx_word' id='word_1_181' title='bbox 477 2929 586 2979; x_wconf 88' lang='lat' dir='ltr'>lam</span> <span class='ocrx_word' id='word_1_182' title='bbox 634 2927 868 2980; x_wconf 87' lang='lat' dir='ltr'>sermoni</span> <span class='ocrx_word' id='word_1_183' title='bbox 917 2927 1025 2977; x_wconf 85' lang='lat' dir='ltr'>vim</span> <span class='ocrx_word' id='word_1_184' title='bbox 1081 2925 1369 2977; x_wconf 79' lang='lat' dir='ltr'>inferentes</span> <span class='ocrx_word' id='word_1_185' title='bbox 1386 2963 1399 2988; x_wconf 94' lang='lat'>,</span> <span class='ocrx_word' id='word_1_186' title='bbox 1460 2939 1525 2976; x_wconf 87' lang='lat' dir='ltr'>ex</span> 
     </span>
     <span class='ocr_line' id='line_1_35' title="bbox 476 3000 1522 3068; baseline -0.004 -15"><span class='ocrx_word' id='word_1_187' title='bbox 476 3003 691 3068; x_wconf 85' lang='lat' dir='ltr'>propria</span> <span class='ocrx_word' id='word_1_188' title='bbox 726 3000 1108 3064; x_wconf 79' lang='lat' dir='ltr'>significatione</span> <span class='ocrx_word' id='word_1_189' title='bbox 1143 3001 1300 3051; x_wconf 86' lang='lat' dir='ltr'>huius</span> <span class='ocrx_word' id='word_1_190' title='bbox 1341 3000 1522 3051; x_wconf 82' lang='lat' dir='ltr'>verbi:</span> 
     </span>
     <span class='ocr_line' id='line_1_36' title="bbox 480 3073 1523 3137; baseline 0.003 -14"><span class='ocrx_word' id='word_1_191' title='bbox 480 3089 851 3128; x_wconf 75' lang='lat' dir='ltr'>«summovere</span> <span class='ocrx_word' id='word_1_192' title='bbox 909 3073 1088 3135; x_wconf 86' lang='lat' dir='ltr'>litora,</span> <span class='ocrx_word' id='word_1_193' title='bbox 1161 3087 1300 3137; x_wconf 87' lang='lat' dir='ltr'>quae</span> <span class='ocrx_word' id='word_1_194' title='bbox 1368 3078 1523 3126; x_wconf 86' lang='lat' dir='ltr'>antea</span> 
     </span>
     <span class='ocr_line' id='line_1_37' title="bbox 478 3150 1526 3212; baseline -0.001 -11"><span class='ocrx_word' id='word_1_195' title='bbox 478 3152 647 3211; x_wconf 87' lang='lat' dir='ltr'>erant,</span> <span class='ocrx_word' id='word_1_196' title='bbox 690 3151 746 3200; x_wconf 88' lang='lat' dir='ltr'>et</span> <span class='ocrx_word' id='word_1_197' title='bbox 777 3150 859 3200; x_wconf 85' lang='lat' dir='ltr'>bis</span> <span class='ocrx_word' id='word_1_198' title='bbox 895 3162 1031 3198; x_wconf 84' lang='lat' dir='ltr'>nova</span> <span class='ocrx_word' id='word_1_199' title='bbox 1066 3161 1266 3212; x_wconf 84' lang='lat' dir='ltr'>eaque,</span> <span class='ocrx_word' id='word_1_200' title='bbox 1302 3150 1361 3198; x_wconf 89' lang='lat' dir='ltr'>ut</span> <span class='ocrx_word' id='word_1_201' title='bbox 1394 3162 1526 3200; x_wconf 88' lang='lat' dir='ltr'>con-</span> 
     </span>
     <span class='ocr_line' id='line_1_38' title="bbox 477 3221 1527 3286; baseline -0.002 -10"><span class='ocrx_word' id='word_1_202' title='bbox 477 3226 795 3276; x_wconf 87' lang='lat' dir='ltr'>sentaneum</span> <span class='ocrx_word' id='word_1_203' title='bbox 818 3225 927 3283; x_wconf 84' lang='lat' dir='ltr'>est,</span> <span class='ocrx_word' id='word_1_204' title='bbox 958 3221 1166 3286; x_wconf 78' lang='lat' dir='ltr'>longius</span> <span class='ocrx_word' id='word_1_205' title='bbox 1190 3223 1243 3273; x_wconf 90' lang='lat' dir='ltr'>in</span> <span class='ocrx_word' id='word_1_206' title='bbox 1265 3236 1414 3274; x_wconf 88' lang='lat' dir='ltr'>mare</span> <span class='ocrx_word' id='word_1_207' title='bbox 1438 3237 1527 3274; x_wconf 85' lang='lat' dir='ltr'>ex·-</span> 
     </span>
     <span class='ocr_line' id='line_1_39' title="bbox 477 3296 1524 3349; baseline 0 0"><span class='ocrx_word' id='word_1_208' title='bbox 477 3298 744 3349; x_wconf 85' lang='lat' dir='ltr'>currentia</span> <span class='ocrx_word' id='word_1_209' title='bbox 781 3296 1162 3348; x_wconf 79' lang='lat' dir='ltr'>substituere.»</span> <span class='ocrx_word' id='word_1_210' title='bbox 1214 3298 1420 3349; x_wconf 88' lang='lat' dir='ltr'>Seneca</span> <span class='ocrx_word' id='word_1_211' title='bbox 1455 3297 1524 3349; x_wconf 87' lang='lat' dir='ltr'>de</span> 
     </span>
     <span class='ocr_line' id='line_1_40' title="bbox 478 3371 1526 3435; baseline 0 -12"><span class='ocrx_word' id='word_1_212' title='bbox 478 3373 673 3435; x_wconf 86' lang='lat' dir='ltr'>Tranq.</span> <span class='ocrx_word' id='word_1_213' title='bbox 726 3373 824 3421; x_wconf 81' lang='lat' dir='ltr'>An.</span> <span class='ocrx_word' id='word_1_214' title='bbox 862 3371 928 3420; x_wconf 86' lang='lat'>3:</span> <span class='ocrx_word' id='word_1_215' title='bbox 985 3371 1042 3421; x_wconf 84' lang='lat' dir='ltr'>Si</span> <span class='ocrx_word' id='word_1_216' title='bbox 1088 3372 1260 3434; x_wconf 65' lang='lat' dir='ltr'>amri</span> <span class='ocrx_word' id='word_1_217' title='bbox 1306 3373 1526 3423; x_wconf 75' lang='lat' dir='ltr'>humano</span> 
     </span>
     <span class='ocr_line' id='line_1_41' title="bbox 475 3446 1529 3511; baseline 0.003 -16"><span class='ocrx_word' id='word_1_218' title='bbox 475 3446 846 3508; x_wconf 72' lang='lat' dir='ltr'>renuntiamus,</span> <span class='ocrx_word' id='word_1_219' title='bbox 870 3471 902 3483; x_wconf 90' lang='lat'>-·</span> <span class='ocrx_word' id='word_1_220' title='bbox 923 3472 952 3483; x_wconf 89' lang='lat'>-</span> <span class='ocrx_word' id='word_1_221' title='bbox 973 3446 1266 3509; x_wconf 76' lang='lat' dir='ltr'>incipiemus</span> <span class='ocrx_word' id='word_1_222' title='bbox 1296 3447 1529 3511; x_wconf 73' lang='lat' dir='ltr'>aedificia</span> 
     </span>
     <span class='ocr_line' id='line_1_42' title="bbox 447 3518 1529 3582; baseline 0.002 -12"><span class='ocrx_word' id='word_1_223' title='bbox 447 3523 454 3528; x_wconf 87' lang='grc'><strong>’</strong></span> <span class='ocrx_word' id='word_1_224' title='bbox 476 3520 586 3570; x_wconf 75' lang='lat' dir='ltr'>alia</span> <span class='ocrx_word' id='word_1_225' title='bbox 609 3533 824 3582; x_wconf 79' lang='lat' dir='ltr'>ponere,</span> <span class='ocrx_word' id='word_1_226' title='bbox 860 3520 969 3569; x_wconf 79' lang='lat' dir='ltr'>alia</span> <span class='ocrx_word' id='word_1_227' title='bbox 999 3518 1279 3570; x_wconf 57' lang='lat' dir='ltr'>”obvertere</span> <span class='ocrx_word' id='word_1_228' title='bbox 1308 3526 1356 3570; x_wconf 79' lang='lat' dir='ltr'>et</span> <span class='ocrx_word' id='word_1_229' title='bbox 1383 3534 1529 3572; x_wconf 78' lang='lat' dir='ltr'>mare</span> 
     </span>
     <span class='ocr_line' id='line_1_43' title="bbox 475 3595 1527 3659; baseline 0 -14"><span class='ocrx_word' id='word_1_230' title='bbox 475 3607 782 3645; x_wconf 70' lang='lat' dir='ltr'>mamere</span> <span class='ocrx_word' id='word_1_231' title='bbox 823 3599 871 3644; x_wconf 77' lang='lat' dir='ltr'>ot</span> <span class='ocrx_word' id='word_1_232' title='bbox 902 3605 1067 3655; x_wconf 71' lang='lat' dir='ltr'>aquas</span> <span class='ocrx_word' id='word_1_233' title='bbox 1098 3597 1278 3643; x_wconf 81' lang='lat' dir='ltr'>contra</span> <span class='ocrx_word' id='word_1_234' title='bbox 1309 3595 1527 3659; x_wconf 73' lang='lat' dir='ltr'>difficul—</span> 
     </span>
     <span class='ocr_line' id='line_1_44' title="bbox 475 3669 1527 3721; baseline 0.002 -2"><span class='ocrx_word' id='word_1_235' title='bbox 475 3674 601 3719; x_wconf 74' lang='lat' dir='ltr'>tates</span> <span class='ocrx_word' id='word_1_236' title='bbox 620 3669 844 3719; x_wconf 78' lang='lat' dir='ltr'>locorum</span> <span class='ocrx_word' id='word_1_237' title='bbox 866 3670 1063 3718; x_wconf 75' lang='lat' dir='ltr'>ducere.</span> <span class='ocrx_word' id='word_1_238' title='bbox 1123 3669 1376 3719; x_wconf 86' lang='lat' dir='ltr'>Ceterum</span> <span class='ocrx_word' id='word_1_239' title='bbox 1404 3683 1527 3721; x_wconf 77' lang='lat' dir='ltr'>con-</span> 
     </span>
     <span class='ocr_line' id='line_1_45' title="bbox 475 3742 1526 3805; baseline 0.002 -13"><span class='ocrx_word' id='word_1_240' title='bbox 475 3743 659 3792; x_wconf 77' lang='lat' dir='ltr'>tinente</span> <span class='ocrx_word' id='word_1_241' title='bbox 703 3745 825 3805; x_wconf 81' lang='lat' dir='ltr'>ripa</span> <span class='ocrx_word' id='word_1_242' title='bbox 864 3756 974 3794; x_wconf 89' lang='lat' dir='ltr'>non</span> <span class='ocrx_word' id='word_1_243' title='bbox 1019 3744 1105 3793; x_wconf 88' lang='lat' dir='ltr'>est</span> <span class='ocrx_word' id='word_1_244' title='bbox 1138 3742 1408 3805; x_wconf 76' lang='lat' dir='ltr'>«vicina»,</span> <span class='ocrx_word' id='word_1_245' title='bbox 1467 3746 1526 3794; x_wconf 86' lang='lat' dir='ltr'>ut</span> 
     </span>
     <span class='ocr_line' id='line_1_46' title="bbox 478 3815 1523 3879; baseline 0.002 -14"><span class='ocrx_word' id='word_1_246' title='bbox 478 3815 771 3879; x_wconf 82' lang='lat' dir='ltr'>explicatur</span> <span class='ocrx_word' id='word_1_247' title='bbox 812 3818 864 3866; x_wconf 88' lang='lat' dir='ltr'>in</span> <span class='ocrx_word' id='word_1_248' title='bbox 900 3816 1130 3876; x_wconf 82' lang='lat' dir='ltr'>Lexicis,</span> <span class='ocrx_word' id='word_1_249' title='bbox 1183 3815 1282 3865; x_wconf 90' lang='lat' dir='ltr'>sed</span> <span class='ocrx_word' id='word_1_250' title='bbox 1318 3818 1523 3867; x_wconf 74' lang='lat' dir='ltr'>«terrae</span> 
     </span>
     <span class='ocr_line' id='line_1_47' title="bbox 478 3889 1521 3954; baseline -0.001 -15"><span class='ocrx_word' id='word_1_251' title='bbox 478 3890 794 3942; x_wconf 83' lang='lat' dir='ltr'>continentis</span> <span class='ocrx_word' id='word_1_252' title='bbox 827 3890 1020 3954; x_wconf 79' lang='lat' dir='ltr'>litus»,</span> <span class='ocrx_word' id='word_1_253' title='bbox 1065 3892 1126 3941; x_wconf 89' lang='lat' dir='ltr'>ut</span> <span class='ocrx_word' id='word_1_254' title='bbox 1157 3891 1267 3940; x_wconf 87' lang='lat' dir='ltr'>Liv.</span> <span class='ocrx_word' id='word_1_255' title='bbox 1294 3889 1384 3952; x_wconf 73' lang='lat'>44,</span> <span class='ocrx_word' id='word_1_256' title='bbox 1421 3891 1521 3942; x_wconf 81' lang='lat'>28:</span> 
     </span>
     <span class='ocr_line' id='line_1_48' title="bbox 476 3964 936 4016; baseline 0.004 -2"><span class='ocrx_word' id='word_1_257' title='bbox 476 3964 745 4015; x_wconf 76' lang='lat' dir='ltr'>continenti</span> <span class='ocrx_word' id='word_1_258' title='bbox 776 3966 936 4016; x_wconf 77' lang='lat' dir='ltr'>litore.</span> 
     </span>
    </p>

    <p class='ocr_par' dir='ltr' id='par_1_16' title="bbox 476 4037 1525 4255">
     <span class='ocr_line' id='line_1_49' title="bbox 542 4037 1522 4103; baseline 0.002 -16"><span class='ocrx_word' id='word_1_259' title='bbox 542 4037 628 4089; x_wconf 75' lang='lat'>23.</span> <span class='ocrx_word' id='word_1_260' title='bbox 664 4038 747 4090; x_wconf 73' lang='lat'>24.</span> <span class='ocrx_word' id='word_1_261' title='bbox 786 4041 941 4103; x_wconf 80' lang='lat' dir='ltr'>Quid,</span> <span class='ocrx_word' id='word_1_262' title='bbox 968 4039 1115 4103; x_wconf 76' lang='lat' dir='ltr'>quod]</span> <span class='ocrx_word' id='word_1_263' title='bbox 1154 4040 1370 4103; x_wconf 72' lang='lat' dir='ltr'>«Neque</span> <span class='ocrx_word' id='word_1_264' title='bbox 1396 4052 1522 4089; x_wconf 84' lang='lat' dir='ltr'>vero</span> 
     </span>
     <span class='ocr_line' id='line_1_50' title="bbox 476 4112 1522 4178; baseline 0.001 -15"><span class='ocrx_word' id='word_1_265' title='bbox 476 4114 581 4164; x_wconf 87' lang='lat' dir='ltr'>boo</span> <span class='ocrx_word' id='word_1_266' title='bbox 611 4112 706 4165; x_wconf 78' lang='lat' dir='ltr'>tibi</span> <span class='ocrx_word' id='word_1_267' title='bbox 737 4115 961 4176; x_wconf 86' lang='lat' dir='ltr'>sufficit,</span> <span class='ocrx_word' id='word_1_268' title='bbox 998 4114 1097 4167; x_wconf 89' lang='lat' dir='ltr'>sed</span> <span class='ocrx_word' id='word_1_269' title='bbox 1132 4127 1351 4178; x_wconf 87' lang='lat' dir='ltr'>semper</span> <span class='ocrx_word' id='word_1_270' title='bbox 1384 4116 1522 4164; x_wconf 77' lang='lat' dir='ltr'>cet.»</span> 
     </span>
     <span class='ocr_line' id='line_1_51' title="bbox 480 4187 1525 4255; baseline 0.001 -15"><span class='ocrx_word' id='word_1_271' title='bbox 480 4213 534 4223; x_wconf 92' lang='lat'>-·</span> <span class='ocrx_word' id='word_1_272' title='bbox 564 4190 848 4255; x_wconf 69' lang='lat' dir='ltr'>prooetmos]</span> <span class='ocrx_word' id='word_1_273' title='bbox 883 4190 1016 4242; x_wconf 86' lang='lat' dir='ltr'>Hinc</span> <span class='ocrx_word' id='word_1_274' title='bbox 1048 4189 1270 4241; x_wconf 86' lang='lat' dir='ltr'>ductum</span> <span class='ocrx_word' id='word_1_275' title='bbox 1293 4192 1377 4242; x_wconf 88' lang='lat' dir='ltr'>est</span> <span class='ocrx_word' id='word_1_276' title='bbox 1397 4187 1525 4241; x_wconf 86' lang='lat' dir='ltr'>illud</span> 
     </span>
    </p>
   </div>
   <div class='ocr_carea' id='block_1_16' title="bbox 1596 2182 2647 4254">
    <p class='ocr_par' dir='ltr' id='par_1_17' title="bbox 1596 2182 2644 2530">
     <span class='ocr_line' id='line_1_52' title="bbox 1596 2182 2640 2243; baseline 0.008 -14"><span class='ocrx_word' id='word_1_277' title='bbox 1596 2186 1815 2242; x_wconf 73' lang='lat' dir='ltr'>arasset,</span> <span class='ocrx_word' id='word_1_278' title='bbox 1852 2186 1898 2231; x_wconf 80' lang='lat' dir='ltr'>et</span> <span class='ocrx_word' id='word_1_279' title='bbox 1923 2182 2087 2243; x_wconf 74' lang='lat' dir='ltr'>ipsum</span> <span class='ocrx_word' id='word_1_280' title='bbox 2103 2187 2149 2232; x_wconf 78' lang='grc' dir='ltr'>οι</span> <span class='ocrx_word' id='word_1_281' title='bbox 2169 2182 2313 2232; x_wconf 76' lang='lat' dir='ltr'>boves</span> <span class='ocrx_word' id='word_1_282' title='bbox 2331 2197 2505 2235; x_wconf 74' lang='lat' dir='ltr'>sacros</span> <span class='ocrx_word' id='word_1_283' title='bbox 2524 2200 2640 2237; x_wconf 75' lang='lat' dir='ltr'>osse.</span> 
     </span>
     <span class='ocr_line' id='line_1_53' title="bbox 1598 2253 2644 2322; baseline 0.007 -18"><span class='ocrx_word' id='word_1_284' title='bbox 1598 2255 1663 2304; x_wconf 82' lang='lat' dir='ltr'>Et</span> <span class='ocrx_word' id='word_1_285' title='bbox 1707 2253 1954 2305; x_wconf 88' lang='lat' dir='ltr'>terribilis</span> <span class='ocrx_word' id='word_1_286' title='bbox 2004 2256 2314 2319; x_wconf 84' lang='lat' dir='ltr'>imprecatio</span> <span class='ocrx_word' id='word_1_287' title='bbox 2357 2257 2549 2322; x_wconf 79' lang='lat' dir='ltr'>legitur</span> <span class='ocrx_word' id='word_1_288' title='bbox 2589 2262 2644 2311; x_wconf 92' lang='lat' dir='ltr'>in</span> 
     </span>
     <span class='ocr_line' id='line_1_54' title="bbox 1597 2327 2640 2397; baseline 0.006 -20"><span class='ocrx_word' id='word_1_289' title='bbox 1597 2330 1755 2393; x_wconf 89' lang='lat' dir='ltr'>cippo</span> <span class='ocrx_word' id='word_1_290' title='bbox 1797 2327 1939 2392; x_wconf 90' lang='lat' dir='ltr'>apud</span> <span class='ocrx_word' id='word_1_291' title='bbox 1981 2331 2239 2394; x_wconf 81' lang='lat' dir='ltr'>sponium</span> <span class='ocrx_word' id='word_1_292' title='bbox 2271 2333 2421 2382; x_wconf 80' lang='lat' dir='ltr'>Misc.</span> <span class='ocrx_word' id='word_1_293' title='bbox 2457 2346 2512 2397; x_wconf 91' lang='lat' dir='ltr'>p.</span> <span class='ocrx_word' id='word_1_294' title='bbox 2552 2335 2640 2385; x_wconf 74' lang='lat' dir='ltr'>u.</span> 
     </span>
     <span class='ocr_line' id='line_1_55' title="bbox 1599 2405 2641 2471; baseline 0.009 -20"><span class='ocrx_word' id='word_1_295' title='bbox 1599 2405 1833 2466; x_wconf 76' lang='lat' dir='ltr'>Quisquis</span> <span class='ocrx_word' id='word_1_296' title='bbox 1872 2405 1963 2454; x_wconf 76' lang='lat' dir='ltr'>hoc</span> <span class='ocrx_word' id='word_1_297' title='bbox 2007 2405 2261 2455; x_wconf 73' lang='lat' dir='ltr'>sustulerit</span> <span class='ocrx_word' id='word_1_298' title='bbox 2300 2412 2391 2457; x_wconf 80' lang='lat' dir='ltr'>aut</span> <span class='ocrx_word' id='word_1_299' title='bbox 2426 2409 2641 2471; x_wconf 74' lang='lat' dir='ltr'>iusserit,</span> 
     </span>
     <span class='ocr_line' id='line_1_56' title="bbox 1596 2479 2360 2530; baseline 0.003 -2"><span class='ocrx_word' id='word_1_300' title='bbox 1596 2479 1804 2528; x_wconf 75' lang='lat' dir='ltr'>ultimus</span> <span class='ocrx_word' id='word_1_301' title='bbox 1834 2493 2043 2530; x_wconf 67' lang='lat' dir='ltr'>suom</span> <span class='ocrx_word' id='word_1_302' title='bbox 2072 2479 2360 2530; x_wconf 79' lang='lat' dir='ltr'>moriatur!</span> 
     </span>
    </p>

    <p class='ocr_par' dir='ltr' id='par_1_18' title="bbox 1596 2554 2647 4254">
     <span class='ocr_line' id='line_1_57' title="bbox 1664 2554 2640 2618; baseline 0.006 -16"><span class='ocrx_word' id='word_1_303' title='bbox 1664 2555 1745 2603; x_wconf 78' lang='lat'>25.</span> <span class='ocrx_word' id='word_1_304' title='bbox 1782 2554 1865 2603; x_wconf 80' lang='lat'>26.</span> <span class='ocrx_word' id='word_1_305' title='bbox 1899 2554 2174 2618; x_wconf 69' lang='lat' dir='ltr'>climicium]</span> <span class='ocrx_word' id='word_1_306' title='bbox 2213 2556 2319 2606; x_wconf 84' lang='lat' dir='ltr'>Lex</span> <span class='ocrx_word' id='word_1_307' title='bbox 2340 2557 2447 2607; x_wconf 82' lang='lat' dir='ltr'>XII.</span> <span class='ocrx_word' id='word_1_308' title='bbox 2474 2557 2640 2608; x_wconf 90' lang='lat' dir='ltr'>Tabb.</span> 
     </span>
     <span class='ocr_line' id='line_1_58' title="bbox 1601 2627 2645 2690; baseline 0.004 -13"><span class='ocrx_word' id='word_1_309' title='bbox 1601 2627 1648 2690; x_wconf 92' lang='lat'>(8</span> <span class='ocrx_word' id='word_1_310' title='bbox 1662 2665 1675 2687; x_wconf 93' lang='lat'>,</span> <span class='ocrx_word' id='word_1_311' title='bbox 1712 2628 1767 2677; x_wconf 75' lang='lat'>2⁴</span> <span class='ocrx_word' id='word_1_312' title='bbox 1783 2628 1834 2690; x_wconf 90' lang='lat'>.):</span> <span class='ocrx_word' id='word_1_313' title='bbox 1886 2629 2142 2679; x_wconf 65' lang='lat' dir='ltr'>Parnonvs</span> <span class='ocrx_word' id='word_1_314' title='bbox 2174 2640 2226 2679; x_wconf 75' lang='lat' dir='ltr'>st</span> <span class='ocrx_word' id='word_1_315' title='bbox 2258 2642 2460 2680; x_wconf 72' lang='lat' dir='ltr'>cumr</span> <span class='ocrx_word' id='word_1_316' title='bbox 2487 2643 2645 2682; x_wconf 68' lang='lat' dir='ltr'>raau-</span> 
     </span>
     <span class='ocr_line' id='line_1_59' title="bbox 1596 2705 2642 2769; baseline 0.005 -19"><span class='ocrx_word' id='word_1_317' title='bbox 1596 2714 1707 2751; x_wconf 74' lang='grc' dir='ltr'>οει</span> <span class='ocrx_word' id='word_1_318' title='bbox 1736 2714 1982 2763; x_wconf 73' lang='lat' dir='ltr'>rscsmr,</span> <span class='ocrx_word' id='word_1_319' title='bbox 2016 2713 2172 2753; x_wconf 63' lang='lat' dir='ltr'>sacsa</span> <span class='ocrx_word' id='word_1_320' title='bbox 2203 2714 2346 2754; x_wconf 60' lang='grc' dir='ltr'><strong>πετο.</strong></span> <span class='ocrx_word' id='word_1_321' title='bbox 2390 2731 2444 2739; x_wconf 92' lang='grc'>-</span> <span class='ocrx_word' id='word_1_322' title='bbox 2481 2705 2642 2769; x_wconf 75' lang='lat' dir='ltr'>Salis]</span> 
     </span>
     <span class='ocr_line' id='line_1_60' title="bbox 1597 2775 2646 2841; baseline 0.003 -15"><span class='ocrx_word' id='word_1_323' title='bbox 1597 2777 1744 2826; x_wconf 78' lang='lat' dir='ltr'>Inest</span> <span class='ocrx_word' id='word_1_324' title='bbox 1782 2776 1833 2825; x_wconf 92' lang='lat' dir='ltr'>in</span> <span class='ocrx_word' id='word_1_325' title='bbox 1869 2776 1972 2826; x_wconf 86' lang='lat' dir='ltr'>hoc</span> <span class='ocrx_word' id='word_1_326' title='bbox 2006 2790 2056 2825; x_wconf 88' lang='lat' dir='ltr'>v.</span> <span class='ocrx_word' id='word_1_327' title='bbox 2093 2775 2346 2827; x_wconf 86' lang='lat' dir='ltr'>audaciae</span> <span class='ocrx_word' id='word_1_328' title='bbox 2382 2778 2646 2841; x_wconf 79' lang='lat' dir='ltr'>significa-</span> 
     </span>
     <span class='ocr_line' id='line_1_61' title="bbox 1598 2848 2642 2914; baseline 0.004 -14"><span class='ocrx_word' id='word_1_329' title='bbox 1598 2851 1688 2900; x_wconf 83' lang='lat' dir='ltr'>tio.</span> <span class='ocrx_word' id='word_1_330' title='bbox 1760 2848 1965 2901; x_wconf 91' lang='lat' dir='ltr'>Solonis</span> <span class='ocrx_word' id='word_1_331' title='bbox 1997 2849 2083 2900; x_wconf 81' lang='lat' dir='ltr'>lex</span> <span class='ocrx_word' id='word_1_332' title='bbox 2115 2850 2258 2914; x_wconf 89' lang='lat' dir='ltr'>apud</span> <span class='ocrx_word' id='word_1_333' title='bbox 2290 2852 2513 2903; x_wconf 87' lang='lat' dir='ltr'>Dirksen</span> <span class='ocrx_word' id='word_1_334' title='bbox 2534 2854 2642 2904; x_wconf 82' lang='lat' dir='ltr'>XII.</span> 
     </span>
     <span class='ocr_line' id='line_1_62' title="bbox 1599 2920 2646 2991; baseline 0.005 -15"><span class='ocrx_word' id='word_1_335' title='bbox 1599 2923 1767 2976; x_wconf 85' lang='lat' dir='ltr'>Tabb.</span> <span class='ocrx_word' id='word_1_336' title='bbox 1807 2939 1857 2989; x_wconf 91' lang='lat' dir='ltr'>p.</span> <span class='ocrx_word' id='word_1_337' title='bbox 1907 2925 2037 2976; x_wconf 73' lang='grc'><strong>734.</strong></span> <span class='ocrx_word' id='word_1_338' title='bbox 2087 2920 2223 2975; x_wconf 79' lang='grc' dir='ltr'>Ἐάν</span> <span class='ocrx_word' id='word_1_339' title='bbox 2266 2941 2352 2989; x_wconf 81' lang='grc' dir='ltr'>τις</span> <span class='ocrx_word' id='word_1_340' title='bbox 2396 2923 2646 2991; x_wconf 79' lang='grc' dir='ltr'><strong><em>αἱμασιὰ</em></strong></span> 
     </span>
     <span class='ocr_line' id='line_1_63' title="bbox 1600 2992 2646 3088; baseline 0.003 -39"><span class='ocrx_word' id='word_1_341' title='bbox 1600 2998 1729 3087; x_wconf 75' lang='grc' dir='ltr'>παρ’</span> <span class='ocrx_word' id='word_1_342' title='bbox 1761 2992 2041 3088; x_wconf 75' lang='grc' dir='ltr'><strong><em>ἀλλοτρίῳ</em></strong></span> <span class='ocrx_word' id='word_1_343' title='bbox 2075 3001 2267 3070; x_wconf 74' lang='grc' dir='ltr'><em>χωρίῳ</em></span> <span class='ocrx_word' id='word_1_344' title='bbox 2301 2993 2502 3072; x_wconf 75' lang='grc' dir='ltr'><strong><em>ὀρυγῇ,</em></strong></span> <span class='ocrx_word' id='word_1_345' title='bbox 2543 2998 2646 3052; x_wconf 77' lang='grc' dir='ltr'>τὸν</span> 
     </span>
     <span class='ocr_line' id='line_1_64' title="bbox 1599 3066 2642 3146; baseline 0.004 -22"><span class='ocrx_word' id='word_1_346' title='bbox 1599 3066 1744 3145; x_wconf 77' lang='grc' dir='ltr'><strong><em>ὅρον</em></strong></span> <span class='ocrx_word' id='word_1_347' title='bbox 1774 3069 1859 3140; x_wconf 80' lang='grc' dir='ltr'>μὴ</span> <span class='ocrx_word' id='word_1_348' title='bbox 1894 3073 2287 3146; x_wconf 75' lang='grc' dir='ltr'>παραβαίνειν.</span> <span class='ocrx_word' id='word_1_349' title='bbox 2317 3103 2373 3113; x_wconf 88' lang='grc'><strong>-</strong></span> <span class='ocrx_word' id='word_1_350' title='bbox 2410 3078 2642 3144; x_wconf 75' lang='lat' dir='ltr'>Pellitur]</span> 
     </span>
     <span class='ocr_line' id='line_1_65' title="bbox 1599 3148 2645 3216; baseline 0.002 -15"><span class='ocrx_word' id='word_1_351' title='bbox 1599 3149 1753 3201; x_wconf 86' lang='lat' dir='ltr'>Haud</span> <span class='ocrx_word' id='word_1_352' title='bbox 1787 3148 2095 3213; x_wconf 78' lang='lat' dir='ltr'>infrequens</span> <span class='ocrx_word' id='word_1_353' title='bbox 2128 3148 2214 3199; x_wconf 91' lang='lat' dir='ltr'>illo</span> <span class='ocrx_word' id='word_1_354' title='bbox 2247 3152 2490 3216; x_wconf 86' lang='lat' dir='ltr'>tempore</span> <span class='ocrx_word' id='word_1_355' title='bbox 2515 3151 2645 3203; x_wconf 80' lang='lat' dir='ltr'>faci-</span> 
     </span>
     <span class='ocr_line' id='line_1_66' title="bbox 1599 3224 2645 3291; baseline 0.002 -16"><span class='ocrx_word' id='word_1_356' title='bbox 1599 3238 1728 3286; x_wconf 90' lang='lat' dir='ltr'>nus,</span> <span class='ocrx_word' id='word_1_357' title='bbox 1789 3224 1912 3286; x_wconf 91' lang='lat' dir='ltr'>quia</span> <span class='ocrx_word' id='word_1_358' title='bbox 1957 3225 2144 3290; x_wconf 79' lang='lat' dir='ltr'>inopes</span> <span class='ocrx_word' id='word_1_359' title='bbox 2193 3224 2414 3277; x_wconf 86' lang='lat' dir='ltr'>clientes</span> <span class='ocrx_word' id='word_1_360' title='bbox 2462 3228 2645 3291; x_wconf 86' lang='lat' dir='ltr'>patro-</span> 
     </span>
     <span class='ocr_line' id='line_1_67' title="bbox 1599 3298 2646 3364; baseline 0.001 -15"><span class='ocrx_word' id='word_1_361' title='bbox 1599 3312 1732 3349; x_wconf 91' lang='lat' dir='ltr'>num</span> <span class='ocrx_word' id='word_1_362' title='bbox 1780 3298 2064 3360; x_wconf 86' lang='lat' dir='ltr'>iniustum,</span> <span class='ocrx_word' id='word_1_363' title='bbox 2135 3300 2235 3350; x_wconf 89' lang='lat' dir='ltr'>sed</span> <span class='ocrx_word' id='word_1_364' title='bbox 2299 3301 2526 3364; x_wconf 85' lang='lat' dir='ltr'>pecunia</span> <span class='ocrx_word' id='word_1_365' title='bbox 2580 3313 2646 3350; x_wconf 90' lang='lat' dir='ltr'>ac</span> 
     </span>
     <span class='ocr_line' id='line_1_68' title="bbox 1597 3372 2644 3437; baseline 0.002 -14"><span class='ocrx_word' id='word_1_366' title='bbox 1597 3373 1834 3437; x_wconf 88' lang='lat' dir='ltr'>potentia</span> <span class='ocrx_word' id='word_1_367' title='bbox 1857 3372 2138 3434; x_wconf 83' lang='lat' dir='ltr'>vallatum,</span> <span class='ocrx_word' id='word_1_368' title='bbox 2176 3374 2230 3424; x_wconf 90' lang='lat' dir='ltr'>in</span> <span class='ocrx_word' id='word_1_369' title='bbox 2263 3373 2345 3424; x_wconf 90' lang='lat' dir='ltr'>ius</span> <span class='ocrx_word' id='word_1_370' title='bbox 2367 3387 2644 3425; x_wconf 86' lang='lat' dir='ltr'>arcessere</span> 
     </span>
     <span class='ocr_line' id='line_1_69' title="bbox 1600 3445 2646 3509; baseline -0.001 -11"><span class='ocrx_word' id='word_1_371' title='bbox 1600 3460 1709 3498; x_wconf 91' lang='lat' dir='ltr'>non</span> <span class='ocrx_word' id='word_1_372' title='bbox 1752 3446 2041 3498; x_wconf 86' lang='lat' dir='ltr'>audebant.</span> <span class='ocrx_word' id='word_1_373' title='bbox 2109 3445 2213 3496; x_wconf 87' lang='lat' dir='ltr'>Sal.</span> <span class='ocrx_word' id='word_1_374' title='bbox 2250 3447 2361 3509; x_wconf 81' lang='lat' dir='ltr'>lug.</span> <span class='ocrx_word' id='word_1_375' title='bbox 2407 3446 2504 3498; x_wconf 75' lang='lat'>4⁴:</span> <span class='ocrx_word' id='word_1_376' title='bbox 2558 3449 2646 3497; x_wconf 73' lang='lat' dir='ltr'>In-</span> 
     </span>
     <span class='ocr_line' id='line_1_70' title="bbox 1599 3520 2647 3583; baseline 0 -12"><span class='ocrx_word' id='word_1_377' title='bbox 1599 3526 1740 3571; x_wconf 76' lang='lat' dir='ltr'>terea</span> <span class='ocrx_word' id='word_1_378' title='bbox 1762 3526 2001 3583; x_wconf 72' lang='lat' dir='ltr'>parentes</span> <span class='ocrx_word' id='word_1_379' title='bbox 2032 3524 2124 3570; x_wconf 79' lang='lat' dir='ltr'>aut</span> <span class='ocrx_word' id='word_1_380' title='bbox 2148 3521 2305 3581; x_wconf 77' lang='lat' dir='ltr'>parvi</span> <span class='ocrx_word' id='word_1_381' title='bbox 2336 3520 2479 3569; x_wconf 76' lang='lat' dir='ltr'>liberi</span> <span class='ocrx_word' id='word_1_382' title='bbox 2508 3522 2647 3571; x_wconf 81' lang='lat' dir='ltr'>mili-</span> 
     </span>
     <span class='ocr_line' id='line_1_71' title="bbox 1598 3595 2647 3659; baseline 0.001 -14"><span class='ocrx_word' id='word_1_383' title='bbox 1598 3600 1706 3645; x_wconf 82' lang='lat' dir='ltr'>tum</span> <span class='ocrx_word' id='word_1_384' title='bbox 1720 3633 1740 3657; x_wconf 88' lang='lat'>,</span> <span class='ocrx_word' id='word_1_385' title='bbox 1789 3600 1849 3645; x_wconf 82' lang='lat' dir='ltr'>ut</span> <span class='ocrx_word' id='word_1_386' title='bbox 1895 3595 2103 3657; x_wconf 77' lang='lat' dir='ltr'>quisque</span> <span class='ocrx_word' id='word_1_387' title='bbox 2139 3595 2408 3656; x_wconf 75' lang='lat' dir='ltr'>potentiori</span> <span class='ocrx_word' id='word_1_388' title='bbox 2438 3597 2647 3659; x_wconf 63' lang='lat' dir='ltr'>confinis</span> 
     </span>
     <span class='ocr_line' id='line_1_72' title="bbox 1598 3668 2645 3733; baseline 0 -13"><span class='ocrx_word' id='word_1_389' title='bbox 1598 3675 1737 3731; x_wconf 78' lang='lat' dir='ltr'>erat,</span> <span class='ocrx_word' id='word_1_390' title='bbox 1772 3669 1965 3720; x_wconf 73' lang='lat' dir='ltr'>sedibus</span> <span class='ocrx_word' id='word_1_391' title='bbox 1988 3668 2317 3732; x_wconf 75' lang='lat' dir='ltr'>pellebantur.</span> <span class='ocrx_word' id='word_1_392' title='bbox 2401 3668 2510 3718; x_wconf 91' lang='lat' dir='ltr'>Cic.</span> <span class='ocrx_word' id='word_1_393' title='bbox 2547 3682 2645 3733; x_wconf 87' lang='lat' dir='ltr'>pro</span> 
     </span>
     <span class='ocr_line' id='line_1_73' title="bbox 1600 3741 2646 3806; baseline 0.001 -11"><span class='ocrx_word' id='word_1_394' title='bbox 1600 3743 1854 3795; x_wconf 56' lang='lat' dir='ltr'>Sullam:</span> <span class='ocrx_word' id='word_1_395' title='bbox 1892 3746 1949 3794; x_wconf 89' lang='lat' dir='ltr'>P.</span> <span class='ocrx_word' id='word_1_396' title='bbox 1975 3742 2261 3794; x_wconf 78' lang='lat' dir='ltr'>Autronius</span> <span class='ocrx_word' id='word_1_397' title='bbox 2297 3741 2646 3806; x_wconf 82' lang='lat' dir='ltr'>(catilinarius</span> 
     </span>
     <span class='ocr_line' id='line_1_74' title="bbox 1599 3817 2645 3881; baseline 0.002 -13"><span class='ocrx_word' id='word_1_398' title='bbox 1599 3817 1702 3881; x_wconf 88' lang='lat' dir='ltr'>ille)</span> <span class='ocrx_word' id='word_1_399' title='bbox 1753 3818 2027 3870; x_wconf 71' lang='lat' dir='ltr'>anturbaro</span> <span class='ocrx_word' id='word_1_400' title='bbox 2074 3817 2293 3867; x_wconf 73' lang='lat' dir='ltr'>homines</span> <span class='ocrx_word' id='word_1_401' title='bbox 2323 3829 2351 3867; x_wconf 81' lang='grc' dir='ltr'><strong><em>ο</em></strong></span> <span class='ocrx_word' id='word_1_402' title='bbox 2376 3819 2645 3880; x_wconf 72' lang='lat' dir='ltr'>possessio-</span> 
     </span>
     <span class='ocr_line' id='line_1_75' title="bbox 1596 3890 2647 3954; baseline 0.003 -13"><span class='ocrx_word' id='word_1_403' title='bbox 1596 3892 1774 3954; x_wconf 76' lang='lat' dir='ltr'>nibus,</span> <span class='ocrx_word' id='word_1_404' title='bbox 1823 3893 2027 3942; x_wconf 76' lang='lat' dir='ltr'>caedem</span> <span class='ocrx_word' id='word_1_405' title='bbox 2053 3890 2222 3954; x_wconf 75' lang='lat' dir='ltr'>facere</span> <span class='ocrx_word' id='word_1_406' title='bbox 2249 3891 2529 3943; x_wconf 67' lang='lat' dir='ltr'>vicium-mn</span> <span class='ocrx_word' id='word_1_407' title='bbox 2560 3906 2647 3943; x_wconf 88' lang='lat' dir='ltr'>so-</span> 
     </span>
     <span class='ocr_line' id='line_1_76' title="bbox 1597 3963 2645 4029; baseline 0.002 -14"><span class='ocrx_word' id='word_1_408' title='bbox 1597 3965 1761 4016; x_wconf 85' lang='lat' dir='ltr'>lebat.</span> <span class='ocrx_word' id='word_1_409' title='bbox 1844 3964 2065 4029; x_wconf 87' lang='lat' dir='ltr'>Philipp.</span> <span class='ocrx_word' id='word_1_410' title='bbox 2120 3963 2212 4026; x_wconf 76' lang='lat'>⁴4,</span> <span class='ocrx_word' id='word_1_411' title='bbox 2267 3964 2330 4016; x_wconf 81' lang='lat'>3:</span> <span class='ocrx_word' id='word_1_412' title='bbox 2369 3967 2645 4021; x_wconf 77' lang='lat' dir='ltr'>Antoniani</span> 
     </span>
     <span class='ocr_line' id='line_1_77' title="bbox 1597 4037 2640 4092; baseline 0.003 -3"><span class='ocrx_word' id='word_1_413' title='bbox 1597 4041 1737 4089; x_wconf 87' lang='lat' dir='ltr'>inter</span> <span class='ocrx_word' id='word_1_414' title='bbox 1785 4038 1884 4089; x_wconf 89' lang='lat' dir='ltr'>alia</span> <span class='ocrx_word' id='word_1_415' title='bbox 1934 4037 2137 4090; x_wconf 89' lang='lat' dir='ltr'>scelera</span> <span class='ocrx_word' id='word_1_416' title='bbox 2187 4041 2389 4092; x_wconf 71' lang='lat' dir='ltr'>eiicimit</span> <span class='ocrx_word' id='word_1_417' title='bbox 2434 4042 2640 4092; x_wconf 75' lang='lat' dir='ltr'>viciuos.</span> 
     </span>
     <span class='ocr_line' id='line_1_78' title="bbox 1598 4112 2645 4177; baseline 0.001 -13"><span class='ocrx_word' id='word_1_418' title='bbox 1598 4112 1729 4164; x_wconf 88' lang='lat' dir='ltr'>Plin.</span> <span class='ocrx_word' id='word_1_419' title='bbox 1768 4118 1829 4167; x_wconf 84' lang='lat' dir='ltr'>H.</span> <span class='ocrx_word' id='word_1_420' title='bbox 1867 4115 1927 4164; x_wconf 88' lang='lat' dir='ltr'>N.</span> <span class='ocrx_word' id='word_1_421' title='bbox 1965 4115 2024 4175; x_wconf 75' lang='lat'>2,</span> <span class='ocrx_word' id='word_1_422' title='bbox 2068 4114 2157 4166; x_wconf 84' lang='lat'>68:</span> <span class='ocrx_word' id='word_1_423' title='bbox 2209 4114 2333 4166; x_wconf 72' lang='lat' dir='ltr'>haec</span> <span class='ocrx_word' id='word_1_424' title='bbox 2374 4119 2541 4177; x_wconf 84' lang='lat' dir='ltr'>terra,</span> <span class='ocrx_word' id='word_1_425' title='bbox 2590 4117 2645 4165; x_wconf 70' lang='lat' dir='ltr'>iu</span> 
     </span>
     <span class='ocr_line' id='line_1_79' title="bbox 1598 4190 2645 4254; baseline 0.004 -15"><span class='ocrx_word' id='word_1_426' title='bbox 1598 4202 1703 4251; x_wconf 72' lang='lat' dir='ltr'>qua</span> <span class='ocrx_word' id='word_1_427' title='bbox 1749 4190 2079 4241; x_wconf 61' lang='lat' dir='ltr'>conteramus</span> <span class='ocrx_word' id='word_1_428' title='bbox 2127 4190 2361 4254; x_wconf 66' lang='lat' dir='ltr'>poam</span> <span class='ocrx_word' id='word_1_429' title='bbox 2412 4191 2645 4252; x_wconf 54' lang='lat' dir='ltr'>[satoque</span> 
     </span>
    </p>
   </div>
  </div>
 </body>
</html>
