3234 4975
1238 442 1353 491 LlB.
1397 442 1431 490 l.

1506 443 1562 490 c.
1604 442 1640 489 1.
2495 435 2535 498 3

762 599 1099 663 Terrarum
1143 595 1439 664 dominos
1483 595 1696 662 evehit
1740 595 1819 661 ad
1866 596 2058 672 deos;

766 722 982 794 Hunc,
1029 718 1083 784 si
1129 717 1459 785 mobilium
1504 716 1690 783 turba
1735 717 2075 796 Quiritium

515 929 564 976 6.
602 927 801 976 weltere
832 926 999 976 Bentl.
1037 927 1172 975 coni.

1203 953 1257 960 —
1285 926 1353 974 ad
1385 926 1513 974 deos.
1541 925 1684 975 Hune
1717 925 1874 974 LCtF.
1907 951 1959 958 —-
1987 925 2035 973 7.
2072 924 2309 974 nobilium
2343 924 2472 976 de.

450 1003 507 1050 In
543 1003 598 1051 B.
638 1000 875 1050 nobilium
908 1013 1171 1063 supet-scr.
1209 1013 1277 1048 m.
1317 999 1541 1060 (Habent
1574 999 1828 1048 mobilium
1848 997 1941 1064 βγ,
1978 1015 2013 1046 κ
2043 1011 2150 1047 sec.
2190 1012 2284 1058 m.,
2322 1003 2478 1061 quat-

450 1080 572 1126 tuor
605 1074 789 1126 Bland.
813 1114 825 1135 ,
863 1080 973 1125 tres
1009 1075 1274 1136 Pottierii.)

386 1246 747 1308 respueretur.
839 1242 917 1292 Ad
970 1255 1126 1292 usum
1182 1241 1431 1305 loquendi
1505 1240 1783 1291 suetudine
1817 1241 2015 1302 Latina,
2052 1242 2333 1292 adeaelum
2352 1244 2550 1293 evehere

386 1319 480 1368 cfr.
530 1320 635 1366 Sat.
686 1317 733 1372 4,
780 1316 830 1377 4,
874 1317 964 1366 30:
1010 1318 1178 1378 pulvis
1209 1318 1435 1365 collectus

298 1427 307 1438 .
382 1393 606 1452 turbine,
645 1404 774 1455 «per
804 1396 987 1441 aerem
1021 1403 1237 1454 sparsus
1273 1393 1431 1453 atque

384 1466 862 1530 conglomeratus»
917 1466 1211 1516 Simonides
1235 1467 1288 1515 in
1312 1466 1434 1528 Epi-

383 1544 525 1593 nicio
560 1541 702 1604 apud
739 1540 1064 1590 Schneidew.
1102 1540 1215 1590 Del.
1238 1554 1290 1604 p.
1318 1540 1431 1590 384.

382 1615 776 1668 1³17:wa
809 1610 871 1663 δὲ
906 1610 1060 1684 παρὰ
1086 1610 1300 1683 τροχὸν
1331 1628 1436 1677 με-

382 1705 679 1755 ταμωνιος
710 1683 914 1759 ἀέρθη.
955 1716 1010 1725 -
1058 1690 1301 1752 metaque]
1339 1701 1436 1752 pro

384 1767 498 1815 his:
540 1771 627 1814 «et
661 1779 782 1826 quos
814 1770 948 1813 meta
982 1767 1116 1814 cet»

386 1841 508 1889 Sec.
546 1840 627 1888 26.
654 1866 710 1874 —-
744 1838 965 1901 fervidis]
1004 1838 1288 1900 «vertigine
1324 1839 1437 1901 ipsa

389 1913 740 1964 calentibus.»
779 1915 961 1962 Senot..
998 1913 1137 1976 Virg.
1177 1915 1362 1975 Georg.
1385 1913 1435 1972 3,

392 1990 514 2038 ⁴67:
549 1989 686 2037 volat
716 1989 766 2036 vi
785 1989 1007 2051 fervidus
1028 1989 1159 2036 mis.
1196 1991 1324 2037 Aen.
1354 1988 1437 2048 44,

395 2063 515 2111 ⁴95:
552 2063 817 2123 Frenaque
846 2063 1173 2126 temeratisque
1204 2067 1360 2110 rotae.

457 2138 505 2186 5.
544 2137 763 2200 Evilata]
809 2137 868 2185 ln
912 2149 977 2185 eo
1019 2136 1304 2200 praecipue
1340 2149 1438 2184 au-

390 2211 627 2273 rigarum
669 2225 758 2260 ars
791 2210 1137 2270 cernebatur,
1183 2212 1242 2259 ut
1276 2223 1439 2272 quam

391 2287 632 2349 proxime
651 2286 852 2335 circum
878 2288 1075 2335 metam
1096 2297 1313 2334 cursum
1338 2285 1440 2333 sse-

394 2363 601 2410 cterent
635 2373 737 2410 nec
778 2364 959 2410 tamen
1001 2361 1053 2409 in
1089 2373 1211 2409 eam
1248 2360 1440 2423 impin-

393 2437 596 2498 gerent.
656 2436 828 2484 Metae
851 2435 1020 2499 perite
1045 2435 1269 2483 evitatae
1304 2434 1440 2482 ima-

394 2511 573 2572 ginem
606 2508 774 2559 habes
809 2509 949 2573 apud
982 2509 1244 2571 Millingen
1274 2506 1440 2558 Cobill

394 2584 450 2633 Τ.
497 2583 546 2632 9.
597 2610 652 2619 -
694 2583 884 2647 palma]
933 2584 1218 2633 Pausanias
1260 2584 1310 2643 8,
1348 2581 1436 2632 48:

394 2651 457 2707 ἐν
498 2652 608 2721 μὲν
650 2651 927 2724 Ὀλυμπίᾳ
958 2659 1191 2707 κοτίνου
1242 2653 1320 2722 τῷ
1356 2672 1442 2706 νι-

392 2730 568 2783 κῶντι
622 2732 840 2785 δίδοται
896 2735 1186 2797 στέφανος
1234 2735 1333 2784 καὶ
1381 2733 1442 2783 ἐν

393 2806 643 2871 Δελφοῖς
693 2805 950 2874 δάφνης,
1008 2808 1070 2860 ἐν
1114 2803 1324 2875 Ἰσθμῷ
1380 2806 1442 2858 δὲ

394 2884 561 2944 πίτυς
611 2883 710 2932 καὶ
758 2882 821 2933 ἐν
868 2883 1066 2950 Νεμέᾳ
1116 2883 1329 2934 celcra·
1385 2884 1448 2933 οἱ

392 2955 456 3006 δὲ
506 2949 722 3021 ἀγῶνες
772 2957 1038 3020 φοίνικος
1090 2952 1328 3018 ἔχουσιν
1385 2958 1446 3007 οἱ

392 3029 600 3080 πολλοὶ
641 3032 949 3091 στέφανον·
994 3030 1053 3095 ἐς
1096 3031 1158 3084 δὲ
1202 3028 1307 3097 τὴν
1346 3030 1443 3082 δε-

392 3102 529 3170 ξιάν
570 3104 693 3155 ἐστι
734 3106 833 3155 καὶ
876 3099 1175 3162 πανταχοῦ
1227 3101 1306 3171 τῷ
1358 3121 1442 3156 νι-

393 3177 569 3230 κῶντι
586 3180 955 3245 ἐπιθέμενος
977 3175 1191 3242 φοῖνιξ.
1229 3181 1437 3230 Pindar.

395 3254 603 3317 Dithyr.
640 3256 721 3304 Fr.
758 3255 806 3305 3.
844 3254 1073 3304 Boeckh.
1109 3254 1203 3305 Ed.
1232 3256 1359 3304 min.
1385 3269 1437 3318 p.

394 3323 654 3380 2092'811
681 3323 895 3399 Ἀργείᾳ
914 3330 1109 3417 Νεμέᾳ
1141 3316 1361 3393 μάντιν
1371 3324 1441 3379 οὐ

394 3400 672 3453 λανθάνει
694 3398 1013 3466 Φοίνικος”
983 3420 1166 3475 ερνος.
1226 3408 1444 3455 Praeter

396 3492 651 3527 coronam
686 3478 958 3542 Olympiae
1001 3493 1066 3528 ex
1109 3478 1321 3529 oleastri
1355 3492 1443 3528 ra-

395 3551 653 3602 musculis
697 3566 888 3602 nexam
910 3590 922 3612 ,
970 3567 1073 3616 qua
1109 3556 1269 3617 caput
1300 3554 1444 3603 redi-

396 3625 599 3675 miebat
634 3628 823 3686 victor,
860 3626 1093 3690 palmam
1130 3628 1313 3677 dextra
1349 3642 1443 3690 ge-

393 3700 577 3751 stabat
640 3700 723 3749 vel
781 3702 902 3763 equi
967 3700 1125 3751 iubae
1192 3701 1437 3765 illigabat.

397 3774 593 3835 (Palma
618 3778 800 3825 autem
821 3789 853 3825 a
876 3776 1080 3826 Theseo
1109 3778 1337 3839 primum
1362 3778 1445 3825 vi-

398 3854 575 3899 ctores
635 3852 849 3900 ornatos
907 3863 1027 3901 esse
1096 3852 1252 3901 tradit
1308 3851 1439 3902 Plut.

394 3924 552 3973 Thes.
590 3925 671 3973 24.
710 3925 787 3973 De
822 3925 1068 3975 Romanis
1103 3926 1195 3974 cfr.
1223 3927 1331 3976 Liv.
1361 3926 1440 3984 40,

394 3996 484 4047 47:
524 3998 588 4061 (a.
618 4012 669 4047 u.
709 4012 755 4048 c.
796 3998 929 4061 464.)
960 4002 1165 4068 palme
1195 4006 1303 4050 tum
1327 4000 1444 4062 pri—

390 4085 549 4131 mum,
586 4074 833 4123 ιναπειαιο
864 4087 891 4122 e
925 4075 1142 4124 Graecia
1171 4089 1328 4135 more,
1360 4074 1443 4124 vi-

390 4145 611 4196 ctoribus
642 4147 835 4210 dacae.)

456 4222 503 4270 6.
542 4222 718 4285 evehit]
756 4224 869 4271 Non
906 4225 987 4272 est
1009 4223 1153 4272 idem
1183 4237 1245 4272 ac
1280 4237 1327 4272 v.
1355 4222 1435 4271 30.

390 4310 466 4345 me
498 4298 593 4347 Dis
622 4297 832 4345 miscent
850 4299 1061 4358 superis,
1096 4297 1193 4346 sed
1223 4311 1289 4346 ex
1311 4311 1440 4345 con-

1103 1783 1139 1824 ›,
1176 1767 1233 1813 ut
1257 1765 1433 1814 Carm.
1450 1767 1453 1770 ’

1509 1318 1703 1376 (Iuven.
1745 1317 1790 1374 4,
1817 1315 1937 1376 38.),
1976 1316 2134 1365 etiam
2170 1318 2220 1366 in
2242 1331 2400 1380 prosa
2424 1331 2546 1367 ora-

1508 1390 1649 1438 tione
1673 1390 1841 1438 tollere
1857 1391 1925 1438 ad
1940 1394 2100 1450 astra,
2121 1392 2189 1439 ad
2204 1391 2396 1440 eaelum
2419 1392 2545 1455 (Cic,

1509 1464 1576 1513 de
1611 1465 1697 1513 Or.
1725 1464 1772 1523 3,
1810 1464 1892 1524 26,
1930 1463 2042 1515 404.
2071 1464 2138 1514 ad
2161 1466 2264 1515 Att.
2293 1467 2343 1525 2,
2369 1467 2451 1525 25,
2480 1467 2546 1529 4.)

1512 1538 1792 1598 «efficere,
1830 1540 1911 1597 ut,
1951 1552 2074 1588 cum
2108 1541 2345 1590 omnium
2379 1539 2550 1590 laudi-

1509 1612 1610 1662 bus
1647 1611 1957 1663 extollantur
1991 1617 2150 1677 atque
2180 1612 2358 1663 felices
2392 1628 2552 1678 prae-

1510 1687 1776 1746 dicentur,
1814 1688 1911 1750 ipsi
1945 1701 2158 1751 quoque
2189 1689 2419 1739 maiores
2442 1691 2554 1753 spi-

1509 1762 1640 1811 ritus
1663 1764 1927 1812 sumant.»
1982 1763 2084 1812 Cir.
2111 1765 2322 1813 Lucian.
2349 1766 2547 1814 Anach.

1512 1837 1599 1885 4οε
1632 1830 1806 1905 Ὁρᾷς
1837 1835 1939 1886 τὸν
1972 1833 2288 1903 νικήσαντα
2326 1841 2392 1902 (in
2417 1838 2554 1890 ludis

1508 1910 1750 1974 publicis)
1838 1909 2074 1963 ἰσόθεον
2157 1911 2551 1980 νομιζόμενον.

1512 1986 1659 2035 Ovid.
1699 2001 1764 2035 ex
1798 1989 1962 2037 Ponto
1987 1989 2034 2048 4,
2072 1989 2120 2048 9,
2158 1990 2247 2039 36;
2289 1991 2559 2040 rervm-um

1513 2061 1736 2110 dominos
1769 2076 1922 2123 quam
1953 2063 2072 2112 eolis
2091 2064 2194 2124 ipse
2215 2067 2343 2114 deoc.
2381 2065 2475 2115 Od.
2502 2064 2553 2125 4,

1514 2137 1562 2196 2,
1591 2136 1679 2184 47:
1719 2150 1841 2196 quos
1861 2137 1986 2185 Elea
2007 2139 2208 2187 domwn
2227 2140 2420 2188 reducit
2434 2140 2555 2201 pal-

1511 2223 1598 2258 ma
1620 2210 1863 2259 caelestes.
1903 2210 2048 2261 Falsa
2074 2213 2156 2262 est
2179 2213 2555 2277 interpretatio:

1515 2284 1808 2341 «victores,
1852 2285 2095 2335 homines
2129 2285 2444 2350 plerumque
2479 2287 2559 2337 lo-

1515 2356 1779 2421 cupletes,
1818 2362 1999 2423 utpote
2036 2358 2556 2431 ἱπποτροφοῦντας,

1515 2432 1780 2482 interdum
1808 2446 1990 2496 regeS‚
2028 2435 2271 2499 adeoque
2297 2438 2560 2488 terrarum

1516 2507 1675 2557 veluti
1711 2508 1980 2567 dominOS,
2026 2510 2223 2561 extollit
2266 2513 2333 2561 ad
2373 2513 2558 2563 deos.»

1516 2582 1621 2631 Sed
1673 2583 1806 2632 haec
1856 2577 2147 2646 ἀντίθεσις
2203 2588 2559 2636 recentiorum

1515 2656 1813 2718 linguarum
1847 2659 2260 2709 Romanensium
2293 2662 2443 2724 poesi
2478 2661 2562 2710 di-

1490 2726 1665 2794 'gnior
1682 2744 1845 2795 quam
1869 2733 2101 2796 antiqua,
2124 2735 2221 2783 etsi
2246 2734 2387 2784 haud
2412 2736 2562 2797 igno-

1516 2821 1594 2866 ro,
1642 2819 1673 2854 a
1707 2807 1920 2855 Lucano
1954 2807 2002 2865 8,
2041 2808 2154 2857 208.
2200 2822 2341 2871 reyes
2378 2809 2561 2871 utique

1515 2880 1695 2929 vocari
1740 2885 1995 2930 terrarum
2035 2882 2273 2932 dominos.
2316 2909 2371 2918 —
2418 2883 2562 2934 Haec

1517 2956 1674 3017 igitur
1714 2954 1781 3003 de
1827 2956 2066 3017 GraeciS,
2114 2956 2307 3020 quibus
2345 2958 2560 3007 victoria

1517 3028 1788 3093 Olympica
1813 3044 1916 3079 non
1943 3031 2114 3081 minus
2139 3035 2252 3082 erat
2274 3033 2561 3083 honorifica

1517 3117 1678 3165 quam
1704 3105 2001 3167 triumphus
2025 3107 2289 3156 Romanis.
2318 3108 2443 3170 (Cic.
2465 3121 2564 3171 pro

1516 3177 1701 3227 Flacco
1723 3178 1808 3227 43;
1838 3180 2204 3240 olympionicen
2221 3195 2320 3230 esse
2340 3186 2410 3230 est
2429 3183 2566 3243 apud

1517 3253 1735 3302 Graecos
1771 3266 1931 3313 prope
1973 3254 2140 3303 maius
2187 3260 2233 3303 et
2279 3256 2561 3318 plor-insius,

1517 3341 1671 3387 quam
1712 3329 1896 3376 Romae
1937 3328 2279 3389 trimnphasse.
2351 3329 2558 3380 Tuscul.

1517 3402 1566 3461 2,
1606 3402 1695 3451 ⁴6:
1734 3403 1941 3451 Graecis
1977 3403 2319 3464 Olympici-mn
2349 3404 2564 3454 victoria

1515 3478 1799 3526 consulatus
1821 3477 1901 3525 ille
1922 3478 2158 3538 antiquus
2175 3478 2416 3542 videtur.)
2451 3481 2562 3528 Iam

1515 3552 1704 3601 transit
1736 3551 1804 3599 ad
1837 3549 2121 3615 populares
2156 3565 2297 3601 suos,

1583 3627 1632 3675 7.
1684 3625 1841 3689 Hmw]
1889 3626 2160 3676 hominem
2195 3625 2556 3688 ambitiosum,

1514 3702 1680 3761 illum,
1719 3702 1808 3763 qui
1843 3700 2031 3751 divitiis
2072 3700 2408 3763 acquirendis
2442 3714 2561 3751 ma-

1516 3776 1593 3837 gis
1617 3775 1794 3833 inhiat,
1822 3777 1880 3824 ut
1902 3774 2143 3824 solebant
2161 3775 2423 3836 equestris
2444 3774 2562 3839 ple-

1514 3863 1742 3911 rumque
1761 3848 1958 3898 ordinis
1982 3849 2350 3910 negotiatores.
2375 3877 2429 3885 —
2449 3864 2561 3899 mo-

1514 3925 1702 3987 bilium]
1742 3922 1941 3972 «modo
1975 3922 2124 3982 huic,
2165 3923 2323 3972 modo
2357 3922 2427 3973 illi
2459 3923 2560 3973 ho-

1514 4012 1673 4048 nores
1715 3995 2072 4060 largientium,
2119 3997 2312 4047 multos
2347 3997 2557 4062 repulsa

1515 4072 1868 4122 notantium.»
1915 4071 2044 4134 Epp.
2093 4073 2141 4131 4,
2180 4072 2261 4131 49,
2298 4070 2387 4121 34:
2435 4085 2558 4121 ven-

1512 4153 1648 4197 cosae
1654 4146 1813 4208 plebis
1830 4147 2094 4209 wffraqia.
2122 4147 2198 4196 De
2224 4146 2557 4196 comitiorum

1512 4221 1682 4271 turbis
1717 4219 2009 4270 luculentos
2044 4218 2211 4270 habes
2245 4219 2390 4269 locos
2413 4219 2554 4282 apud

1513 4298 1824 4347 Ciceronem
1889 4309 1986 4359 pro
2043 4297 2256 4345 Murena
2323 4295 2401 4353 47,
2462 4293 2549 4342 35:
