3234 4975
1144 419 1263 469 Lm.
1299 420 1343 510 Ι..
1419 419 1476 468 C.
1515 418 1689 468 xvni.

405 576 608 643 Siccis
651 574 865 642 omnia
891 540 1052 641 ‘nam
1090 573 1255 641 dura
1297 572 1463 641 deus
1505 572 1871 662 proposuit,
1924 592 2137 659 neque

405 696 741 765 Mordaces
785 695 968 764 aliter
1009 694 1345 784 diffugiunt
1389 694 1869 762 sollicitudines,

406 857 566 935 Quis
608 865 755 943 post
781 855 927 922 vina
954 874 1216 942 gravem
1243 851 1529 920 militiam
1559 863 1670 920 aut
1696 852 2076 941 pauperiem
2104 853 2372 941 crepat?
2517 856 2556 918 5

407 977 567 1057 Quis
595 997 725 1043 nou
749 986 813 1043 te
845 975 1075 1064 potiuS,
1105 974 1356 1044 Bacche
1383 985 1582 1062 pater,
1614 984 1830 1063 teque,
1863 972 2105 1041 decens
2136 976 2348 1041 Venus
2365 975 2398 1038 Ῥ

408 1100 510 1174 At,
557 1119 640 1165 ne
682 1098 829 1185 quis
872 1097 1108 1165 modici
1149 1096 1460 1165 transiliat
1500 1116 1772 1163 munera
1810 1096 2056 1171 Liberi,

538 1289 587 1337 δ.
624 1288 850 1350 increpat
881 1285 949 1336 cd
989 1289 1044 1336 et
1073 1299 1155 1350 pr.
1192 1285 1249 1349 b,
1285 1288 1414 1337 item
1446 1283 1514 1353 γδ
1546 1288 1685 1336 teste
1722 1286 1930 1336 Kirchn.
1969 1287 2029 1337 N.
2068 1287 2128 1346 Q.
2169 1286 2228 1336 H.
2266 1300 2318 1350 p.
2355 1286 2419 1336 36
2441 1290 2498 1336 et

473 1362 553 1411 56.
608 1361 844 1424 (increpet
889 1359 1089 1423 Aldus.)
1139 1388 1193 1396 -
1247 1363 1293 1410 7.
1344 1362 1414 1411 Ac
1460 1356 1816 1425 Βὴὸᾱβγμξ,
1871 1359 2037 1411 Bentl.
2092 1363 2147 1410 et
2194 1362 2249 1419 J;
2301 1362 2398 1411 Aut
2438 1361 2493 1410 Τ.

475 1434 557 1499 (Ae
589 1438 720 1487 Pott.
752 1435 802 1495 4,
829 1437 908 1495 ⁴2,
944 1437 1047 1498 22.)

414 1594 557 1658 quod
604 1593 860 1660 oppidum
909 1593 1124 1646 Catillus
1163 1594 1447 1645 condidit.»

414 1669 519 1720 Cfr.
586 1670 774 1733 Heynii
835 1670 1124 1721 Excursum
1178 1670 1306 1720 VIII.
1361 1670 1446 1720 ad.

415 1747 541 1794 Aen.
579 1744 686 1794 vll.
719 1772 774 1781 —-
808 1743 903 1794 Alii
937 1745 1258 1807 distinguere
1291 1743 1455 1794 male-

417 1818 567 1881 bant,
604 1821 690 1879 ut,
728 1832 852 1870 cum
883 1820 1096 1869 Servius
1128 1819 1199 1869 ad
1230 1822 1361 1870 Aen.
1399 1819 1448 1868 7.

414 1893 526 1943 672.
574 1899 789 1944 montem
842 1894 1008 1944 Catulo·
1062 1891 1237 1959 [itata
1283 1890 1453 1959 Tibur]

416 1971 712 2029 memoret,
753 1970 798 2020 is
826 1969 913 2018 bic
942 1982 1157 2032 quoque
1191 1968 1454 2032 significa-

415 2045 591 2104 retur,
637 2043 737 2093 scd
785 2043 889 2094 hoc
937 2046 1082 2094 vetat
1129 2057 1180 2092 v.
1232 2044 1447 2094 moenia.

415 2119 474 2168 ln
506 2117 712 2169 Tiburis
745 2119 901 2182 igitur
931 2117 1044 2170 solo
1068 2116 1219 2169 fertili
1244 2120 1299 2168 et
1317 2118 1456 2168 aeris

417 2194 675 2256 temperie
742 2196 890 2256 grato
945 2193 1166 2245 fundum
1225 2192 1458 2243 habebat

415 2268 602 2318 Varus.
673 2269 797 2318 Eius
825 2266 977 2318 villae
1009 2268 1293 2332 parietinas
1331 2281 1458 2332 rep-

419 2346 623 2406 perisse
652 2341 752 2393 sibi
787 2342 934 2392 visus
966 2346 1050 2393 est
1070 2343 1171 2392 Fea
1193 2355 1360 2407 prope
1378 2343 1461 2392 Ti-

417 2416 521 2466 bur
565 2418 619 2467 in
657 2419 874 2481 regione
913 2431 942 2467 a
978 2417 1241 2480 Quinctilio
1271 2418 1459 2468 etiam-

421 2506 560 2544 nunc
609 2507 804 2544 nomeu
855 2494 1173 2558 Quintiyliolo
1220 2497 1455 2556 gerente.

483 2604 532 2656 3.
584 2605 755 2669 Siccis]
780 2606 989 2666 sobriis,
1023 2605 1314 2656 abstemiis,
1351 2605 1462 2655 Eti-

419 2692 507 2730 am
547 2681 688 2744 apud
733 2681 840 2732 Cic.
888 2680 1048 2731 Acad.
1085 2682 1147 2742 2,
1193 2681 1274 2732 27.
1323 2681 1466 2729 vino-

421 2755 562 2805 lentis
599 2756 860 2818 (madidis,
898 2755 1143 2816 humidis)
1191 2767 1466 2819 opponun-

421 2831 507 2879 tur
536 2832 669 2880 sicci.
701 2859 755 2867 —
781 2831 929 2895 dura]
965 2828 1352 2881 Mitscherlichii
1376 2843 1467 2879 ex-

423 2904 759 2970 plicationem
822 2925 847 2950 α
863 2907 1172 2970 gravissima
1217 2918 1463 2969 quaeque

423 2980 683 3031 humanae
707 2982 844 3030 vitae
869 2977 1036 3031 mala»
1061 2979 1254 3044 probat
1275 2979 1468 3030 Dillen-

427 3054 625 3118 burget
664 3056 717 3105 in
737 3055 946 3118 Ztschrft
977 3056 1066 3118 fiir
1084 3054 1288 3104 Alter-th.
1317 3054 1460 3105 4838.

424 3142 479 3194 p.
523 3128 667 3180 4840.
738 3129 998 3193 Equidem
1037 3128 1246 3180 malim:
1296 3129 1466 3179 «deus

425 3206 626 3266 omnia,
673 3219 811 3268 quae
844 3206 970 3255 sicci
1001 3204 1285 3267 incipiunt,
1334 3216 1468 3266 ope-

427 3293 566 3340 rosa,
586 3281 804 3343 ingrata,
825 3280 980 3330 nimis
997 3277 1224 3328 difficilia
1237 3279 1466 3329 reddere

426 3353 589 3416 solet,
628 3355 788 3405 etiam
819 3367 900 3416 ea,
952 3367 1089 3417 quae
1118 3367 1217 3417 per
1247 3367 1306 3403 se
1348 3352 1466 3404 talia

428 3442 532 3479 non
562 3430 739 3480 sunt.»
806 3429 918 3492 (Od.
951 3428 999 3487 3,
1035 3428 1118 3488 2⁴,
1154 3428 1238 3477 13:
1279 3428 1348 3477 Tu
1371 3429 1467 3491 (vi-

427 3505 568 3563 num)
604 3505 711 3555 lenc
742 3509 1041 3554 tormentum
1067 3504 1265 3567 ingenio
1297 3505 1470 3554 adano-

423 3592 505 3628 ves
518 3579 811 3641 plenariaque
841 3577 1010 3642 dure.)

490 3689 538 3741 4.
590 3690 866 3754 Mordaces]
902 3687 1241 3755 δακέθυμοι,
1277 3689 1466 3756 θυμο-

426 3762 596 3834 βόροι
624 3762 955 3831 μελεδῶνες,
992 3779 1130 3829 quae
1154 3769 1209 3816 et
1230 3767 1465 3817 animum

425 3839 619 3889 rodunt
649 3844 705 3891 et
731 3853 925 3906 corpus
961 3842 1211 3902 enecant,
1248 3842 1308 3890 ut
1335 3844 1467 3892 Pau-

426 3912 507 3965 lus
553 3914 639 3964 Sil.
677 3916 832 3965 Anth.
887 3915 991 3967 Pal.
1041 3918 1079 3966 Ι.
1130 3915 1251 3966 ⁴65:
1303 3915 1464 3981 ἐμεῖο

425 3980 590 4052 ἅψεα
652 3986 930 4061 γηράσκει
989 3988 1250 4062 φροντίδι
1303 4006 1465 4057 γυιο-

424 4059 598 4135 βόρῳ.
647 4065 742 4115 Od.
775 4066 824 4128 2,
863 4067 943 4126 44,
977 4066 1064 4117 48;
1102 4066 1273 4117 edaces
1292 4081 1461 4117 curae.

425 4140 562 4203 Virg.
594 4141 726 4191 Aen.
765 4143 812 4202 4,
842 4141 966 4191 26⁴:
1014 4142 1214 4203 quando
1255 4141 1376 4191 haec
1419 4147 1465 4192 te

424 4226 551 4264 cura
577 4216 842 4266 rmordet.
874 4243 927 4251 —
964 4215 1128 4279 ditor]
1164 4216 1292 4266 «nisi
1319 4215 1462 4281 large

427 4287 614 4342 hausto
646 4290 841 4351 vino,»
872 4293 933 4340 ut
962 4293 1097 4341 ratio
1125 4291 1238 4354 ipsa
1270 4304 1464 4354 quem-

1522 1595 1603 1645 vis
1649 1607 1756 1644 non
1798 1606 2017 1658 prorsus
2065 1594 2317 1645 hebetem
2357 1596 2565 1659 ingenio

1524 1667 1661 1718 illico
1710 1668 1934 1731 edocet,
1987 1670 2087 1720 etsi
2135 1670 2188 1720 in
2226 1669 2308 1721 bis
2350 1683 2567 1735 quoque

1526 1742 1760 1794 nonnulli
1803 1745 1936 1794 mire
1985 1745 2153 1795 tricati
2191 1748 2344 1806 sunt,
2396 1746 2467 1796 ita
2513 1748 2572 1796 ut

1527 1817 1889 1882 suppleverint
1926 1820 2111 1870 etiam:
2163 1820 2391 1884 «quodsi
2434 1822 2571 1872 vites

1527 1906 1634 1943 non
1666 1893 1887 1957 plantas,
1922 1894 2064 1944 haud
2087 1893 2364 1959 diffugiunt
2385 1894 2575 1946 sollici-

1529 1967 1798 2018 tudines.»

1594 2081 1643 2130 5.
1683 2081 1730 2130 6.
1765 2080 1953 2145 crepat]
1979 2087 2245 2148 παταγεῖ,
2282 2084 2342 2132 ut
2364 2083 2416 2132 in
2446 2095 2575 2146 pro-

1529 2154 1717 2204 verbio
1758 2156 1899 2219 apud
1934 2155 2059 2206 Plat.
2097 2156 2326 2220 Euthyd.
2363 2171 2417 2220 p.
2455 2156 2569 2207 293.

1529 2230 1592 2279 D.
1630 2224 1781 2279 καλὰ
1811 2226 1882 2294 δὴ
1920 2236 2209 2298 παταγεῖς.
2264 2232 2394 2295 Epp.
2437 2233 2485 2293 4,
2523 2231 2574 2293 7,

1530 2302 1622 2354 84:
1655 2304 1825 2354 vineta
1856 2311 2031 2368 crepat
2050 2319 2209 2355 mora.
2250 2306 2408 2366 «Quis
2435 2306 2577 2356 bene

1531 2381 1691 2443 potus
1738 2378 1950 2430 militiae
1991 2384 2080 2430 aut
2123 2382 2447 2445 paupertatis
2494 2382 2579 2431 in-

1534 2454 1817 2505 commoda
1851 2455 1902 2505 in
1940 2468 2032 2505 ore
2063 2454 2227 2506 habet
2246 2468 2310 2506 ac
2331 2458 2580 2520 propter-

1535 2541 1598 2578 ea
1646 2529 1948 2590 queritur-‘ra
1998 2531 2070 2580 Ex
2102 2544 2154 2579 v.
2191 2533 2369 2581 autem
2409 2535 2581 2592 crepat

1533 2603 1603 2653 ad
1665 2617 1779 2667 seq.
1836 2617 1977 2655 vers.
2037 2606 2210 2667 quivis
2264 2606 2578 2667 cogitatione

1536 2677 1830 2741 supplebit:
1880 2679 2185 2730 “Bacchum
2230 2683 2283 2729 et
2336 2681 2582 2729 &centem

1537 2753 1899 2824 (χαρίεσσαν,
1958 2753 2256 2816 amabilem)
2316 2755 2581 2806 Venerem

1536 2829 1590 2879 in
1625 2842 1718 2878 ore
1750 2827 1915 2878 habet
1959 2833 2119 2892 atque
2151 2827 2378 2880 assiduis
2410 2827 2581 2878 laudi-

1537 2904 1642 2955 bus
1670 2904 1991 2968 praedicat.»

1602 3016 1653 3064 7.
1690 3015 1754 3065 At
1782 3015 1860 3079 ne]
1897 3016 2338 3066 Commemoratis
2361 3017 2583 3080 potatio-

1539 3091 1620 3141 nis
1669 3090 1965 3141 commodis
1998 3092 2279 3142 transituro
2317 3092 2385 3141 ad
2419 3105 2586 3156 oppo-

1540 3163 1716 3214 nenda
1761 3165 1843 3214 his
1892 3164 2054 3224 mala,
2100 3179 2237 3229 quae
2277 3180 2342 3216 ex
2381 3180 2444 3216 ea
2466 3205 2479 3227 ,
2537 3168 2581 3218 si

1540 3252 1712 3302 usque
1764 3239 1834 3290 ad
1888 3239 2250 3291 temulentiam
2305 3241 2583 3305 progredi—

1540 3326 1687 3374 mur,
1730 3315 1854 3364 oriri
1888 3313 2083 3376 solent,
2128 3316 2429 3365 necessaria
2469 3317 2583 3365 erat

1538 3388 1793 3452 particula
1848 3389 2196 3439 adversativa.
2279 3390 2474 3440 Contra
2530 3391 2580 3440 iu

1539 3465 1797 3529 exemplis
1829 3478 1860 3514 a
1887 3464 2123 3516 Bentleio
2156 3463 2319 3515 allatis
2352 3465 2496 3528 (Epp.
2533 3465 2580 3525 4,

1542 3540 1589 3600 4,
1629 3540 1707 3589 43.
1780 3541 1828 3601 4,
1868 3539 1948 3600 49,
1986 3540 2067 3590 26.
2127 3539 2257 3603 Epp.
2295 3540 2346 3600 2,
2380 3540 2426 3599 4,
2464 3539 2581 3591 208.

1540 3614 1689 3664 Ovid.
1727 3616 1874 3665 Rem.
1917 3617 2034 3665 Am.
2074 3612 2196 3664 465:
2243 3614 2312 3662 Ac
2350 3626 2413 3662 ne
2455 3614 2585 3676 sorte

1531 3696 1678 3752 putes
1724 3704 1858 3739 nova
1903 3702 1981 3739 me
2028 3689 2116 3738 tibi
2158 3689 2367 3737 condere
2419 3687 2579 3753 iura.)

1538 3766 1694 3831 partt.
1749 3779 1811 3814 ac
1858 3778 1921 3814 πο
1974 3776 2140 3814 novas
2191 3764 2581 3827 propositiones

1540 3839 1787 3905 copulant
1833 3853 1957 3889 cum
1994 3837 2279 3902 praecedd.
2318 3838 2432 3890 sine
2477 3837 2580 3889 ulla

1538 3916 1887 3980 oppositione.
1938 3940 1994 3950 -
2056 3914 2254 3978 modici]
2309 3933 2333 3960 α
2354 3913 2576 3965 modum

1537 3990 1788 4051 amantis,
1841 3988 2194 4050 verecundi»,
2247 3991 2308 4039 ut
2355 3992 2579 4040 vocatur

1536 4064 1634 4115 Od.
1674 4065 1721 4125 4,
1755 4064 1837 4124 27,
1875 4062 1923 4112 3.
1994 4061 2099 4113 Cfr.
2154 4064 2305 4115 Hand
2343 4065 2491 4115 Turs.
2532 4065 2572 4112 1.

1536 4150 1589 4201 p.
1628 4137 1741 4189 486.
1783 4165 1838 4173 -—-
1870 4138 2138 4206 transiliat]
2184 4139 2451 4190 «aviditati
2490 4151 2578 4188 ce-

1536 4213 1670 4264 dens
1720 4227 1934 4266 omnem
1983 4216 2035 4266 in
2075 4214 2310 4265 bibendo
2354 4211 2576 4263 excedat
2644 4231 2649 4236 ·

1535 4289 1808 4341 modum.»
