3234 4975
1232 387 1350 437 Lm.
1389 387 1425 436 1.
1498 386 1557 435 C.
1597 385 1701 437 XX.

2449 379 2571 447 ⁴23

840 541 1178 610 Conditum
1216 540 1341 609 levi
1359 594 1374 619 ‚
1421 541 1610 609 datus
1655 542 1718 606 in
1762 540 2010 609 theatro

1089 664 1249 732 Cum
1291 662 1406 731 tibi
1447 663 1716 751 plausus
1734 714 1749 741 ,

839 822 1001 890 Care
1043 823 1380 890 Maecenas
1423 842 1630 911 eques
1650 874 1664 900 ,
1711 831 1783 887 ut
1822 821 2072 909 paterni
2529 821 2568 882 5

835 943 1141 1011 Fluminis
1185 944 1366 1033 ripae
1409 942 1599 1010 simul
1643 952 1708 1011 et
1749 943 1969 1010 iocosa

834 1065 1158 1135 Redderet
1197 1064 1425 1133 laudes
1468 1063 1582 1132 tibi
1627 1065 1910 1134 Vaticani

1086 1187 1316 1254 Montis
1361 1186 1591 1276 imago.

547 1393 596 1444 3.
633 1392 756 1445 clevi
788 1397 919 1447 Pott.
957 1396 1183 1460 septem.
1224 1421 1281 1432 -
1319 1396 1367 1446 δ.
1407 1394 1536 1446 Caro
1567 1392 1980 1457 BbSTcd,LCtF:
2027 1394 2174 1446 aare
2213 1407 2280 1445 ex
2324 1407 2430 1444 uno
2473 1392 2504 1443 λ

481 1466 648 1522 Bentl.
686 1473 742 1521 et
772 1471 839 1522 M.
900 1470 979 1534 (Ut
1011 1482 1127 1531 nos,
1162 1469 1228 1534 J.)

416 1649 712 1712 Aru-pharao.
784 1648 932 1699 «Loci
962 1648 1120 1712 igitur
1152 1660 1270 1711 ego,
1306 1660 1459 1698 sum-
1530 1648 1774 1711 sanquine
1804 1660 1999 1711 roffam,
2032 1647 2176 1697 Intra
2204 1647 2464 1711 for-tamam
2483 1649 2571 1711 qm·

417 1736 506 1774 ma
537 1722 733 1774 laetitia
768 1722 956 1784 elatus,
994 1735 1117 1773 cum
1138 1721 1330 1787 plausu
1364 1735 1459 1771 ex-

418 1801 608 1863 ceptus
642 1810 794 1849 esses
827 1800 881 1850 in
924 1798 1200 1856 theatrum
1248 1798 1329 1860 (ut
1358 1796 1454 1846 Od.

417 1873 468 1935 2,
507 1873 589 1933 47,
625 1874 737 1935 25.,
778 1875 868 1936 qui
900 1871 1121 1938 plausus
1153 1872 1300 1922 idem
1332 1883 1457 1922 esse

415 1947 628 1998 videtur
661 1961 786 1999 cum
818 1961 902 2009 eo,
939 1959 1102 2011 quem
1135 1947 1222 1998 hie
1254 1958 1459 1996 memo-

415 2023 526 2081 rat;
574 2035 700 2073 nam
747 2036 847 2087 per
886 2024 1164 2085 utriusque
1206 2020 1456 2072 carminis

415 2099 631 2161 tempus
679 2098 863 2161 utique
913 2097 1018 2148 hoc
1073 2098 1232 2146 statui
1284 2094 1453 2157 licetz)

417 2172 563 2221 «iam
613 2173 740 2222 tunc
790 2171 893 2222 hoc
933 2172 1116 2222 vinum
1157 2169 1250 2221 tibi
1297 2171 1455 2222 tacite

415 2244 698 2310 pollicitus,
723 2245 817 2296 ubi
839 2244 1123 2309 aliquando
1145 2257 1301 2296 meus
1323 2258 1456 2296 con-

414 2320 540 2371 viva
574 2332 696 2370 esse
729 2318 946 2370 velles.»

478 2397 527 2445 5.
577 2394 720 2459 Οανο]
753 2396 814 2444 In
847 2393 935 2445 tali
969 2394 1153 2445 odario
1185 2393 1455 2446 familiaris

412 2483 479 2522 ac
511 2468 705 2521 blanda
739 2468 986 2522 allocutio
1020 2470 1175 2520 unice
1210 2471 1359 2535 apta,
1396 2472 1458 2521 ut

413 2544 509 2595 Od.
568 2545 618 2606 2,
675 2546 758 2606 20,
817 2546 872 2595 7:
930 2545 1120 2595 Dilecto
1170 2546 1453 2608 Maecenas,

411 2618 580 2683 Epod.
620 2619 667 2680 ⁴,
703 2620 759 2669 2:
812 2618 981 2669 Amice
1014 2617 1457 2680 Maecena-esum

412 2694 570 2755 claro,
605 2695 666 2744 ut
697 2693 926 2744 coniecit
957 2693 1141 2744 Lamb.
1178 2694 1248 2744 ad
1281 2694 1376 2745 Od.
1403 2697 1454 2758 2,

411 2769 496 2828 20,
521 2768 570 2818 7.
595 2769 908 2832 recepitque
932 2781 997 2817 ex
1019 2781 1126 2818 uno
1144 2767 1273 2819 Cod.
1294 2771 1458 2820 Bent—

415 2842 569 2894 leius.
619 2843 730 2893 Hoc
764 2843 909 2893 enim
942 2843 1059 2906 ipso
1092 2843 1318 2894 molesto
1348 2845 1460 2909 epi-

417 2918 566 2970 theto
587 2918 910 2969 Maecenatis
931 2917 1254 2982 prudentem
1274 2917 1460 2970 laesis-

412 2994 498 3042 set
546 2991 882 3043 modestiam.
965 2993 1151 3055 Neque
1202 2992 1457 3058 appellari

414 3065 650 3117 debebat
681 3079 781 3131 pro
812 3065 936 3117 lect.
972 3066 1110 3117 clare
1149 3067 1243 3117 Od.
1285 3068 1333 3130 3,
1372 3069 1453 3128 46,

411 3142 504 3191 20:
547 3142 835 3202 Maecenas,
871 3141 1092 3203 equitnm»
1123 3142 1296 3203 decu&
1327 3156 1458 3208 par-

415 3216 532 3274 tim,
568 3216 691 3277 quia
712 3216 882 3266 totum
903 3213 1030 3265 illud
1054 3228 1271 3267 carmen
1296 3216 1460 3268 subli-

418 3289 600 3340 mioris
634 3291 718 3339 est
750 3288 957 3352 indolis,
992 3292 1187 3355 partim
1221 3293 1346 3355 quia
1378 3294 1457 3344 sic

411 3365 592 3414 vocari
640 3366 855 3428 poterat
897 3365 1070 3428 quivis
1123 3364 1234 3418 fere
1286 3380 1456 3430 eques

412 3440 682 3491 Romanus
721 3438 955 3491 illustris.
1005 3469 1061 3477 —
1114 3441 1276 3506 equos]
1328 3460 1353 3488 α
1366 3442 1456 3506 qui

415 3515 656 3576 equestri
710 3514 897 3565 ordine
953 3518 1260 3578 contentus,
1319 3529 1458 3567 nun-

415 3600 579 3650 quam
627 3589 838 3639 inhiasti
887 3589 1208 3652 honoribus,
1259 3589 1456 3654 quibus

417 3664 621 3724 tamen,
657 3664 702 3713 si
738 3677 996 3728 cuperes,
1034 3667 1085 3714 te
1119 3663 1345 3716 libenter
1367 3679 1460 3717 ex·-

416 3735 622 3787 tolleret
656 3737 907 3788 Caesar.»
945 3739 1055 3789 Hac
1090 3739 1234 3790 enim
1264 3738 1457 3790 mode-

415 3812 516 3862 stia
549 3824 680 3884 usus
715 3814 771 3862 et
802 3811 1024 3863 liberius
1058 3813 1274 3864 vivebat
1292 3815 1456 3865 homo

413 3885 648 3937 mollitiei
682 3886 906 3938 studens
940 3890 1101 3951 atque
1136 3889 1349 3940 inanem
1383 3890 1459 3939 fa·

414 3965 583 4022 stum,
620 3974 785 4025 quem
818 3963 1049 4014 honores
1084 3964 1134 4014 ei
1167 3965 1457 4029 imposuis—

414 4039 552 4098 sent,
578 4036 835 4099 devitans,
874 4040 928 4088 et
949 4040 1119 4102 magis
1139 4038 1454 4103 popularem

414 4123 473 4162 se
495 4111 795 4176 praebebat
814 4111 1145 4176 aliorumque
1167 4126 1455 4178 procerum

411 4185 664 4238 invidiam
686 4188 861 4238 minus
884 4187 1164 4239 excitabat.
1212 4190 1450 4252 Propert.

412 4262 461 4323 3,
500 4261 549 4323 9,
589 4263 644 4311 4;
682 4263 946 4314 Maecena-5
978 4275 1123 4326 equos
1154 4264 1365 4313 Ειπιεοο
1398 4264 1458 4314 do

1531 1722 1672 1784 cupis
1703 1734 1802 1771 esse
1834 1726 1989 1770 tuam.
2059 1719 2240 1771 Vellei.
2277 1722 2327 1783 2,
2364 1721 2453 1772 88:
2497 1724 2572 1773 vi-

1528 1797 1610 1846 xit
1648 1796 1847 1860 anau-sti
1886 1795 2018 1845 clavi
2056 1796 2156 1859 fluo
2193 1801 2462 1846 contentus.
2513 1824 2566 1833 -

1522 1870 1745 1935 patemo]
1787 1868 1992 1921 Tiberis
2033 1868 2102 1919 ab
2136 1870 2345 1921 Etruria
2377 1869 2570 1922 urbem

1529 1945 1716 1995 influit.
1790 1945 1996 1995 Tuscum
2036 1945 2234 1995 alconem
2270 1947 2428 1996 vocat
2472 1946 2566 1996 Od.

1530 2019 1579 2081 3,
1617 2020 1667 2081 7,
1703 2019 1785 2070 28.
1837 2021 2023 2081 Lydius
2056 2019 2213 2070 fibris
2243 2022 2328 2070 est
2358 2019 2570 2084 Virgilio

1529 2094 1660 2143 Aen.
1696 2094 1746 2153 2,
1783 2093 1897 2143 784.
1950 2092 2115 2144 Cilnia
2137 2096 2318 2145 autem
2351 2107 2484 2157 gens
2505 2107 2571 2145 ex

1529 2168 1754 2228 Arreti0,
1774 2168 2014 2218 Etruriae
2032 2168 2246 2232 oppido.
2273 2168 2566 2230 0d.4,4,⁴.

1595 2242 1643 2291 7.
1707 2242 1951 2307 Vaticani]
1984 2243 2128 2293 Echo
2157 2243 2227 2294 ad
2257 2241 2568 2303 Ianiculum,

1530 2315 1680 2367 collis
1712 2317 1950 2367 Vaticani
1981 2320 2210 2382 partem,
2247 2331 2386 2381 quae
2421 2332 2451 2368 e
2479 2331 2571 2367 re-

1528 2392 1683 2455 gione
1726 2394 1844 2442 erat
1877 2393 2071 2443 theatri
2106 2394 2342 2456 Pompeii
2376 2391 2568 2456 lapidei

1528 2469 1582 2519 in
1637 2467 1840 2531 Campo
1904 2465 2087 2520 Florae
2108 2506 2120 2530 ,
2190 2467 2368 2520 medio
2433 2469 2572 2519 inter

1528 2545 1817 2605 utrumque
1852 2542 2045 2594 Tiberi.

1594 2617 1643 2667 8.
1701 2617 1887 2681 mae]
1938 2621 1999 2669 ut
2031 2619 2126 2670 Od.
2175 2621 2223 2679 4,
2270 2620 2350 2680 42,
2395 2619 2451 2668 3:
2499 2621 2573 2670 io-

1528 2704 1648 2741 cosa
1678 2692 1866 2755 ionaqo,
1903 2694 2095 2743 neutro
2127 2691 2246 2743 loco
2280 2693 2459 2744 addito
2478 2708 2572 2744 vo-

1528 2766 1627 2827 da,
1680 2768 1740 2816 ut
1787 2767 1928 2829 Virg.
1974 2769 2065 2817 Ge.
2111 2765 2162 2827 4,
2208 2768 2297 2817 ὅθι
2342 2769 2574 2831 vocisque

1529 2842 1719 2904 offeram
1748 2841 1957 2892 resultat
1985 2842 2171 2905 imago.
2227 2843 2412 2893 Montis
2445 2843 2574 2893 irua-

1528 2928 1593 2979 ρο
1628 2917 1727 2977 est,
1765 2928 1903 2978 quae
1936 2914 2158 2967 velutin
2178 2919 2360 2967 monte
2383 2917 2573 2969 sedem

1530 2988 1731 3041 habeat
1763 2992 1817 3040 et
1848 2990 1973 3041 inde
2005 3004 2195 3042 vocem
2228 2992 2435 3043 reddat.
2474 2994 2572 3043 Se—

1530 3077 1667 3115 neca
1700 3065 1888 3115 Troad.
1927 3066 2046 3116 ⁴09:
2081 3065 2405 3129 habitamque
2435 3067 2573 3116 cavis

1528 3139 1775 3190 montibus
1842 3141 1993 3190 Εοὴο.
2062 3142 2306 3192 Bossciu.
2397 3143 2570 3205 Atque

1530 3214 1775 3276 omnino,
1821 3216 2082 3280 quidquid
2119 3219 2304 3267 contra
2337 3217 2573 3281 disputat

1531 3290 1593 3340 H.
1633 3289 1962 3353 Peerlkamp,
1998 3292 2297 3342 rectissime
2331 3293 2410 3342 sic
2443 3291 2573 3341 dici-

1529 3366 1620 3413 tur
1651 3376 1815 3415 sonus
1848 3376 2202 3427 repercussus
2224 3379 2255 3416 a
2276 3368 2476 3424 monte,
2510 3365 2573 3414 ut

1530 3439 1795 3488 Ausonius
1828 3439 1993 3503 Epist.
2040 3441 2124 3499 25,
2160 3440 2216 3490 9:
2268 3441 2573 3502 Respondent

1530 3517 1577 3562 et
1606 3526 1743 3563 sama
1773 3514 1991 3573 nontin&
2015 3527 2280 3576 percussu-s
2312 3513 2376 3563 ab
2409 3514 2571 3563 anu-is

1528 3587 1704 3639 Sermo
1744 3589 1902 3651 rodit,
1944 3589 2074 3638 rodit
2114 3593 2162 3638 et
2189 3600 2450 3637 uentorum
2478 3601 2571 3637 vo-

1528 3663 1654 3712 calis
1684 3663 1869 3727 mac.
1948 3663 2175 3713 Vaticano·
2215 3660 2571 3726 antepenulti-

1528 3752 1619 3788 ma
1651 3737 1822 3801 brevi,
1859 3752 1986 3790 cum
2020 3737 2162 3802 apud
2194 3735 2486 3789 Martialem
2516 3740 2572 3788 et

1527 3811 1834 3863 Iuvenalem
1852 3813 1920 3863 sit
1933 3811 2105 3875 longa,
2129 3810 2252 3861 ideo
2274 3824 2568 3876 usurpasse

1527 3887 1757 3948 videtur,
1783 3889 1905 3950 quia
1923 3885 2156 3937 nonnulli
2172 3887 2326 3937 Festo
2348 3889 2568 3939 auctore

1529 3964 1584 4011 et
1617 3961 1779 4012 Gellio
1803 3962 1883 4021 46,
1910 3962 1989 4011 47.
2027 3962 2185 4012 huius
2218 3962 2445 4012 nominis
2467 3962 2571 4013 ori-

1528 4038 1708 4099 ginem
1741 4049 1773 4086 a
1804 4036 2054 4087 vatidniis
2093 4036 2438 4101 repetebant,
2482 4036 2567 4086 vel
2602 4068 2607 4072 ·

1528 4110 1819 4177 simplicius
1869 4112 2028 4163 etiam
2078 4112 2344 4172 dicamuS,
2397 4124 2459 4161 ea
2505 4110 2569 4160 li-

1529 4187 1702 4236 centia
1737 4185 1789 4235 h.
1815 4184 1847 4235 Ι.
1885 4198 2044 4237 usum
2066 4200 2204 4248 esse,
2241 4198 2401 4249 quam
2424 4183 2569 4234 haud

1529 4273 1654 4312 raro
1708 4262 1761 4312 in
1820 4261 2126 4313 nominibus
2184 4260 2412 4325 propriis
2467 4260 2568 4309 sibi
