3234 4975
646 352 769 419 408

1412 361 1668 412 nomi-11
1703 362 2038 434 emmanu

984 516 1121 580 Non
1166 525 1229 581 te
1272 514 1640 603 Penelopen
1686 516 2007 585 difficilem
2049 520 2264 607 procis

1156 636 1524 724 Tyrrhenus
1569 640 1790 725 genuit
1830 661 2083 728 parens.

982 795 1039 861 Ο
1085 794 1378 882 quamvis
1421 817 1635 884 neque
1679 807 1741 863 te
1784 820 2052 866 munera
2095 820 2216 867 nec
2269 821 2499 888 preces

979 917 1112 982 Nec
1154 915 1388 982 tinctus
1429 917 1599 984 viola
1642 918 1847 1006 pallor
1882 921 2231 987 amantium

982 1038 1114 1102 Nec
1157 1038 1255 1101 vir
1295 1038 1506 1104 Pieria
1548 1038 1779 1125 pellice
1825 1042 2086 1108 saucius

2726 1043 2805 1108 ⁴5

1152 1159 1389 1225 Curvat
1402 1211 1417 1237 ,
1464 1159 1865 1248 supplicibus
1910 1162 2036 1228 tuis

978 1319 1246 1397 ParcaS,
1295 1339 1418 1386 nec
1461 1319 1670 1407 rigida
1710 1320 1963 1387 mollior
2005 1322 2266 1390 aesculo

975 1442 1109 1507 Nec
1150 1440 1387 1506 Mauris
1432 1440 1714 1508 animum

1756 1442 1971 1509 mitior
2013 1444 2349 1531 anguibus,

977 1563 1114 1628 Non
1158 1561 1283 1628 hoc
1327 1583 1587 1650 semper
1631 1562 1753 1629 erit
1793 1562 2027 1631 liminis
2072 1576 2182 1631 aut
2223 1587 2434 1654 aquae

1149 1682 1458 1750 Caelestis
1501 1684 1754 1772 patiens
1795 1684 1979 1752 latus.

2719 1691 2804 1757 20

771 1846 851 1896 45.
887 1844 1076 1908 paelice
1116 1845 1184 1906 B,
1230 1844 1389 1907 pelice
1424 1843 1626 1895 bSTcd.
1677 1871 1730 1881 —
1771 1846 1852 1897 48.
1889 1848 2059 1897 andum
2091 1846 2217 1897 h'l’c.
2256 1848 2379 1911 (non
2412 1847 2564 1911 BSd.)
2633 1851 2739 1901 «Ex

707 1919 955 1971 omnibus
988 1922 1184 1971 nostris
1222 1920 1412 1971 unicus
1446 1922 1768 1971 Graevianus
1802 1919 1883 1985 (β)
1916 1923 2155 1985 agnoscit
2194 1923 2436 1973 namn.
2456 1941 2482 1967 n
2548 1925 2734 1975 Bam.

711 2022 766 2032 —
806 1995 886 2045 49.
922 1995 1053 2059 Non]
1087 1995 1190 2044 Nec
1222 1996 1261 2044 T
1294 1993 1438 2046 solua
1471 1995 1609 2045 inter
1641 2007 1811 2045 meos.

709 2134 788 2185 44.
812 2136 891 2185 ⁴2.
920 2135 1189 2198 Penelopen
1221 2135 1346 2199 cet.]
1378 2147 1546 2199 «quae
1570 2135 1686 2184 iure
1761 2136 2026 2186 maiolus.
2052 2135 2302 2200 Calpurn.
2322 2136 2430 2188 Ecl.
2453 2138 2512 2199 9,
2538 2138 2631 2189 40:
2666 2138 2807 2188 Eheu

646 2222 745 2260 suo
761 2209 1002 2273 difficilis,
1026 2222 1215 2274 aspera
1239 2211 1353 2260 erat
1372 2210 1549 2274 procis
1570 2222 1692 2260 eoa-

644 2297 748 2348 que
774 2297 877 2334 non
904 2286 1019 2335 sine
1043 2286 1351 2348 contemptu
1376 2297 1406 2333 a
1423 2298 1483 2334 se
1506 2296 1689 2333 remo-

643 2357 823 2409 vebat.
865 2359 940 2407 Tu
972 2372 1101 2409 vero
1137 2359 1283 2409 tenui
1319 2370 1379 2408 es
1402 2359 1516 2407 orta
1539 2355 1683 2419 loco,

640 2432 746 2483 fllia
806 2434 1008 2484 Euusci
1075 2433 1294 2484 alicuius
1361 2432 1599 2483 advenae
1623 2446 1635 2493 3
1659 2450 1684 2476 n

642 2509 938 2560 cuiusmodi
970 2510 1214 2560 homines
1244 2509 1384 2560 inter
1403 2506 1502 2558 alia
1526 2521 1689 2571 quae-

640 2581 811 2634 sticuli
844 2596 1041 2646 genera
1083 2582 1409 2635 exercebant
1441 2582 1688 2646 haruspi-

639 2658 815 2709 cinam
849 2657 1229 2710 clandestinam
1245 2697 1257 2720 ‚
1294 2656 1526 2708 hariolos
1555 2670 1687 2720 age-

639 2731 770 2783 bant
811 2735 915 2783 cet.
984 2736 1269 2784 Praeterea
1311 2732 1521 2783 Etrusci
1557 2744 1687 2795 pro-

637 2810 759 2871 pter
805 2808 944 2858 vitae
995 2807 1271 2859 mollitiem
1316 2821 1381 2858 ac
1424 2805 1686 2857 luxuriam

640 2880 827 2933 famosi
861 2885 1027 2932 erant.
1087 2883 1194 2932 Cir.
1231 2883 1421 2933 Athen.
1462 2881 1551 2942 42,
1599 2880 1681 2932 44.

641 2956 905 3018 Originem
929 2955 1204 3007 dumtaxat
1220 2958 1389 3019 Lyces
1412 2956 1683 3016 extenuat,

641 3042 818 3091 neque
852 3028 995 3079 aliud
1029 3031 1168 3080 inest
1186 3029 1463 3094 probrum.
1525 3031 1687 3081 Cete-

638 3116 760 3153 rum
794 3104 866 3153 ita
899 3103 968 3152 de
1003 3116 1068 3154 ea
1101 3102 1356 3168 loquitur,
1406 3108 1686 3168 tamquam

638 3178 683 3228 si
718 3177 863 3227 diviti
896 3176 1138 3229 libertino
1173 3183 1334 3242 nupta
1358 3182 1526 3243 esset,
1563 3192 1687 3230 ma-

639 3253 783 3304 xime
803 3255 1023 3318 propter
1044 3268 1216 3304 nemu-3
1236 3254 1363 3305 illud
1384 3268 1435 3305 v.
1464 3256 1512 3304 6.
1555 3256 1686 3318 (Sin-

638 3326 833 3391 gularis
872 3326 1167 3393 Penelopae
1197 3342 1417 3380 anseres
1452 3342 1686 3394 pascen-

638 3403 706 3454 tis
749 3403 924 3466 imago
971 3405 1052 3453 est
1101 3405 1155 3454 in
1194 3403 1435 3454 Gerhard
1478 3404 1585 3467 Ges.
1627 3418 1680 3453 u.

640 3477 887 3527 maresch.
923 3479 982 3527 T.
1019 3478 1169 3542 XIII.)

705 3550 785 3603 ⁴4.
823 3553 1004 3603 tinctus
1032 3553 1190 3617 viola]
1238 3552 1455 3604 «colore
1488 3551 1678 3614 violae,

636 3623 905 3678 λευκοΐου
939 3626 1067 3678 lutei
1099 3626 1182 3677 vel
1219 3627 1386 3678 albi.»
1454 3626 1681 3678 Achilles

637 3702 748 3752 Tat.
786 3701 835 3752 3.
868 3715 922 3766 p.
947 3702 1027 3753 64.
1054 3701 1273 3753 Iacche:
1311 3695 1445 3753 οὔτε
1476 3698 1545 3751 τὸ
1566 3696 1681 3751 τῶν

641 3770 966 3841 ὀφθαλμῶν
1023 3770 1207 3839 ἄνθος
1266 3776 1422 3828 ἐστὶν
1476 3770 1681 3848 ἀμέρι-

635 3865 784 3914 μνον
801 3888 813 3912 ,
866 3845 987 3901 ἀλλ’
1021 3845 1177 3902 ἔοικε
1226 3857 1349 3914 τοῖς
1390 3845 1521 3922 ἄρτι
1563 3867 1681 3917 μα-

634 3925 998 3994 ραινομένοις
1040 3922 1170 3990 ἴοις.
1240 3927 1460 3990 Egregie
1505 3927 1681 3976 imita-

634 4001 721 4050 tus
765 4001 848 4051 eat
890 4002 1137 4051 Petrarca
1181 4001 1299 4051 Son.
1345 4001 1384 4050 1.
1424 4000 1546 4050 487:
1606 4002 1682 4050 Ua

629 4074 799 4137 pallor
829 4075 882 4124 αι’
911 4076 1048 4126 viola
1079 4089 1106 4124 e
1138 4076 1337 4126 d’amor
1368 4076 1506 4126 tinto.
1568 4077 1675 4127 Ctr.

1761 2210 2807 2275 nuuamaotomqitwasalutiuffll-

1761 2284 1910 2333 lidtor
1938 2284 2072 2335 buoeo
2090 2286 2350 2346 violaeque
2369 2286 2648 2336 simulemus
2667 2301 2801 2337 erro.

1761 2356 1946 2409 Tibull.
1975 2360 2022 2420 4,
2049 2360 2100 2421 8,
2125 2361 2214 2410 52:
2252 2361 2350 2410 Sed
2367 2362 2551 2410 niman
2571 2361 2675 2412 luto
2696 2376 2808 2412 cor·-

1753 2446 1890 2494 pora
1920 2433 2069 2497 tinyt‘t
2095 2447 2257 2484 amor.
2313 2434 2599 2499 Cynthium
2626 2436 2808 2487 multos

1752 2508 1946 2570 pauore
1978 2508 2166 2558 colores
2188 2509 2317 2559 dixit
2339 2512 2492 2573 Prop.
2521 2511 2569 2571 4,
2596 2511 2683 2572 45,
2718 2510 2802 2560 39.

1827 2582 1907 2632 45.
1947 2583 2028 2633 46.
2066 2583 2281 2647 Priona]
2316 2582 2674 2635 Macedonica.
2709 2585 2806 2635 Di-

1761 2659 1907 2707 ctum
1941 2659 2026 2708 est
2056 2660 2117 2708 ut
2149 2660 2379 2721 Thressa,
2425 2659 2600 2709 Cressa
2631 2673 2697 2710 ac
2730 2661 2806 2711 si-

1759 2731 1902 2783 milia
1953 2733 2021 2784 de
2073 2732 2256 2784 talium
2299 2732 2665 2784 libertinarum
2701 2746 2805 2798 pa-

1760 2808 1885 2869 tria,
1923 2819 2098 2872 neque
2133 2808 2281 2870 ideo,
2331 2807 2475 2871 quod
2510 2808 2680 2858 Pieria
2712 2820 2804 2858 se-

1761 2882 1858 2932 des
1892 2884 1975 2932 est
2004 2882 2302 2943 Musarum,
2340 2894 2466 2932 cum
2498 2880 2612 2933 aliis
2635 2883 2805 2932 inter-

1759 2955 2079 3020 pretandum
2130 2960 2214 3008 est
2261 2956 2329 3006 de
2386 2957 2591 3007 musica
2646 2953 2803 3007 huius

1759 3030 1989 3100 ἑταίρας
2038 3033 2169 3081 arte.
2221 3057 2277 3068 —-
2320 3030 2536 3095 motus]
2590 3043 2800 3092 amore,

1759 3108 1818 3156 ut
1838 3105 1978 3168 Virg.
2003 3106 2136 3155 Aen.
2162 3105 2219 3167 4,
2246 3105 2294 3155 4.
2319 3132 2374 3141 -
2397 3105 2602 3170 θωναι]
2626 3106 2796 3156 Sensu

1759 3181 1983 3244 figurato
2003 3180 2059 3230 h.
2081 3178 2114 3230 l.
2135 3180 2360 3231 fortasse
2378 3181 2559 3231 unico:
2587 3180 2685 3229 «ad
2707 3180 2807 3230 mi-

1759 3253 2104 3306 sericordiam
2126 3255 2293 3305 flectit
2307 3292 2320 3315 ‚
2355 3256 2587 3305 movet.=·
2626 3255 2804 3305 Nexua

1760 3331 1941 3380 autem
1958 3331 2343 3381 sententiarum
2354 3330 2443 3379 hic
2458 3330 2562 3379 est:
2579 3331 2805 3390 «Quam-

1759 3417 1920 3468 quam
1945 3404 2152 3454 huntam
2183 3402 2311 3455 nihil
2351 3407 2404 3454 te
2451 3403 2520 3453 ad
2563 3415 2804 3454 amorem

1758 3480 1951 3541 flectit,
1987 3482 2167 3530 tamen
2187 3478 2351 3530 veluti
2379 3481 2476 3530 dea
2511 3479 2797 3540 miserere,

1756 3567 1965 3619 precor,
2002 3555 2254 3605 amatoris
2288 3556 2362 3605 tui
2395 3553 2700 3620 supplicis.»

1825 3629 2001 3680 ⁴8-20.
2036 3631 2236 3681 Mauris
2252 3656 2315 3667 --
2335 3629 2600 3694 omuibus]
2620 3633 2683 3679 ut
2702 3628 2797 3680 Od.

1759 3704 1818 3767 4,
1853 3704 1943 3764 22,
1980 3705 2041 3754 2:
2089 3705 2287 3755 Maur-is
2317 3705 2511 3755 iaculis.
2552 3732 2607 3741 —
2638 3705 2804 3754 Non-

1755 3778 1964 3843 aompor]
2000 3779 2214 3842 «Itaque
2255 3778 2373 3840 flet,
2419 3781 2481 3828 ut
2522 3791 2653 3843 prae
2686 3779 2803 3827 tae-

1757 3851 1845 3902 dio
1868 3850 2152 3916 aliquando
2185 3854 2238 3903 te
2274 3853 2575 3904 deseram.»
2614 3880 2667 3889 —
2692 3851 2799 3914 hoc]

1758 3938 2024 3977 «meum».
2060 3926 2180 3976 Vid.
2206 3926 2278 3976 ad
2308 3928 2414 3977 Sat.
2445 3928 2501 3988 4,
2539 3927 2595 3987 9,
2632 3925 2712 3976 47.
2739 3949 2795 3961 «-

1754 3999 2116 4066 lim-'otianimis
2162 4000 2297 4050 duri.
2339 4027 2395 4037 -
2431 4013 2599 4062 aquae
2631 3999 2804 4051 Caelo-

1752 4075 1855 4141 stc's]
1891 4076 2024 4139 Epp.
2058 4076 2116 4135 2,
2155 4076 2211 4136 4,
2250 4074 2373 4125 ⁴35:
2429 4075 2667 4131 Caelum
2695 4074 2798 4124 im-

634 4149 787 4201 Voss.
826 4149 895 4200 ad
928 4150 1068 4213 Virg.
1106 4147 1214 4201 Ecl.
1242 4151 1300 4212 2,
1338 4150 1430 4203 47:
1478 4151 1680 4202 Pallen-
1744 4151 1920 4213 plorat
1953 4163 2131 4212 aquas.

1492 4281 1703 4293 -———
