<?xml version="1.0" encoding="UTF-8"?>
<!DOCTYPE html PUBLIC "-//W3C//DTD XHTML 1.0 Transitional//EN"
    "http://www.w3.org/TR/xhtml1/DTD/xhtml1-transitional.dtd">
<html xmlns="http://www.w3.org/1999/xhtml" xml:lang="en" lang="en">
 <head>
  <title>
</title>
<meta http-equiv="Content-Type" content="text/html;charset=utf-8" />
  <meta name='ocr-system' content='tesseract 3.04.00' />
  <meta name='ocr-capabilities' content='ocr_page ocr_carea ocr_par ocr_line ocrx_word'/>
</head>
<body>
  <div class='ocr_page' id='page_1' title='image "./qhoratiusflaccu05baitgoog_0247.png"; bbox 0 0 3234 4975; ppageno 0'>
   <div class='ocr_carea' id='block_1_1' title="bbox 1224 371 1650 423">
    <p class='ocr_par' dir='ltr' id='par_1_1' title="bbox 1224 371 1650 423">
     <span class='ocr_line' id='line_1_1' title="bbox 1224 371 1650 423; baseline 0 -4"><span class='ocrx_word' id='word_1_1' title='bbox 1224 371 1341 420; x_wconf 74' lang='grc' dir='ltr'>ΗΒ.</span> <span class='ocrx_word' id='word_1_2' title='bbox 1381 372 1441 423; x_wconf 83' lang='lat' dir='ltr'>u.</span> <span class='ocrx_word' id='word_1_3' title='bbox 1516 376 1572 418; x_wconf 76' lang='grc' dir='ltr'>(Ι.</span> <span class='ocrx_word' id='word_1_4' title='bbox 1619 373 1650 419; x_wconf 92' lang='lat' dir='ltr'>l.</span> 
     </span>
    </p>
   </div>
   <div class='ocr_carea' id='block_1_2' title="bbox 782 525 2022 612">
    <p class='ocr_par' dir='ltr' id='par_1_2' title="bbox 782 525 2022 612">
     <span class='ocr_line' id='line_1_2' title="bbox 782 525 2022 612; baseline 0.002 -24"><span class='ocrx_word' id='word_1_5' title='bbox 782 527 1004 612; x_wconf 82' lang='lat' dir='ltr'>Ignara</span> <span class='ocrx_word' id='word_1_6' title='bbox 1050 525 1245 591; x_wconf 79' lang='lat' dir='ltr'>belli?</span> <span class='ocrx_word' id='word_1_7' title='bbox 1289 527 1465 612; x_wconf 85' lang='lat' dir='ltr'>quod</span> <span class='ocrx_word' id='word_1_8' title='bbox 1514 548 1688 591; x_wconf 90' lang='lat' dir='ltr'>mare</span> <span class='ocrx_word' id='word_1_9' title='bbox 1735 528 2022 591; x_wconf 83' lang='lat' dir='ltr'>Dauniae</span> 
     </span>
    </p>
   </div>
   <div class='ocr_carea' id='block_1_3' title="bbox 858 647 1826 725">
    <p class='ocr_par' dir='ltr' id='par_1_3' title="bbox 858 647 1826 725">
     <span class='ocr_line' id='line_1_3' title="bbox 858 647 1826 725; baseline 0 -14"><span class='ocrx_word' id='word_1_10' title='bbox 858 650 990 711; x_wconf 76' lang='lat' dir='ltr'>Non</span> <span class='ocrx_word' id='word_1_11' title='bbox 1039 647 1495 725; x_wconf 75' lang='lat' dir='ltr'>decoloravere</span> <span class='ocrx_word' id='word_1_12' title='bbox 1542 648 1826 713; x_wconf 79' lang='lat' dir='ltr'>caedes?</span> 
     </span>
    </p>
   </div>
   <div class='ocr_carea' id='block_1_4' title="bbox 947 771 2096 848">
    <p class='ocr_par' dir='ltr' id='par_1_4' title="bbox 947 771 2096 848">
     <span class='ocr_line' id='line_1_4' title="bbox 947 771 2096 848; baseline -0.003 -13"><span class='ocrx_word' id='word_1_13' title='bbox 947 771 1129 848; x_wconf 82' lang='lat' dir='ltr'>Quae</span> <span class='ocrx_word' id='word_1_14' title='bbox 1174 780 1352 835; x_wconf 87' lang='lat' dir='ltr'>caret</span> <span class='ocrx_word' id='word_1_15' title='bbox 1394 790 1507 834; x_wconf 89' lang='lat' dir='ltr'>ora</span> <span class='ocrx_word' id='word_1_16' title='bbox 1554 790 1788 841; x_wconf 78' lang='lat' dir='ltr'>eruore</span> <span class='ocrx_word' id='word_1_17' title='bbox 1835 771 2096 835; x_wconf 79' lang='lat' dir='ltr'>nostro?</span> 
     </span>
    </p>
   </div>
   <div class='ocr_carea' id='block_1_5' title="bbox 775 927 2086 1014">
    <p class='ocr_par' dir='ltr' id='par_1_5' title="bbox 775 927 2086 1014">
     <span class='ocr_line' id='line_1_5' title="bbox 775 927 2086 1014; baseline 0 -21"><span class='ocrx_word' id='word_1_18' title='bbox 775 927 903 993; x_wconf 81' lang='lat' dir='ltr'>Sed</span> <span class='ocrx_word' id='word_1_19' title='bbox 950 949 1029 993; x_wconf 88' lang='lat' dir='ltr'>ne</span> <span class='ocrx_word' id='word_1_20' title='bbox 1074 927 1340 997; x_wconf 86' lang='lat' dir='ltr'>relictis,</span> <span class='ocrx_word' id='word_1_21' title='bbox 1390 930 1569 993; x_wconf 79' lang='lat' dir='ltr'>Musa</span> <span class='ocrx_word' id='word_1_22' title='bbox 1614 950 1879 1014; x_wconf 84' lang='lat' dir='ltr'>procax,</span> <span class='ocrx_word' id='word_1_23' title='bbox 1931 930 2086 994; x_wconf 87' lang='lat' dir='ltr'>iocis</span> 
     </span>
    </p>
   </div>
   <div class='ocr_carea' id='block_1_6' title="bbox 775 1050 1914 1115">
    <p class='ocr_par' dir='ltr' id='par_1_6' title="bbox 775 1050 1914 1115">
     <span class='ocr_line' id='line_1_6' title="bbox 775 1050 1914 1115; baseline 0 -2"><span class='ocrx_word' id='word_1_24' title='bbox 775 1051 943 1114; x_wconf 88' lang='lat' dir='ltr'>Ceae</span> <span class='ocrx_word' id='word_1_25' title='bbox 990 1060 1295 1115; x_wconf 81' lang='lat' dir='ltr'>retractes</span> <span class='ocrx_word' id='word_1_26' title='bbox 1340 1071 1605 1114; x_wconf 89' lang='lat' dir='ltr'>munera</span> <span class='ocrx_word' id='word_1_27' title='bbox 1655 1050 1914 1115; x_wconf 87' lang='lat' dir='ltr'>neniae:</span> 
     </span>
    </p>
   </div>
   <div class='ocr_carea' id='block_1_7' title="bbox 859 1169 1831 1237">
    <p class='ocr_par' dir='ltr' id='par_1_7' title="bbox 859 1169 1831 1237">
     <span class='ocr_line' id='line_1_7' title="bbox 859 1169 1831 1237; baseline 0.001 -3"><span class='ocrx_word' id='word_1_28' title='bbox 859 1171 1106 1237; x_wconf 82' lang='lat' dir='ltr'>Mecum</span> <span class='ocrx_word' id='word_1_29' title='bbox 1151 1171 1437 1236; x_wconf 88' lang='lat' dir='ltr'>Dionaeo</span> <span class='ocrx_word' id='word_1_30' title='bbox 1483 1169 1604 1236; x_wconf 88' lang='lat' dir='ltr'>sub</span> <span class='ocrx_word' id='word_1_31' title='bbox 1651 1182 1831 1235; x_wconf 87' lang='lat' dir='ltr'>antro</span> 
     </span>
    </p>
   </div>
   <div class='ocr_carea' id='block_1_8' title="bbox 566 1404 896 1455">
    <p class='ocr_par' dir='ltr' id='par_1_8' title="bbox 566 1404 896 1455">
     <span class='ocr_line' id='line_1_8' title="bbox 566 1404 896 1455; baseline 0 -3"><span class='ocrx_word' id='word_1_32' title='bbox 566 1404 646 1453; x_wconf 82' lang='lat'>36.</span> <span class='ocrx_word' id='word_1_33' title='bbox 685 1405 812 1452; x_wconf 82' lang='lat' dir='ltr'>hora</span> <span class='ocrx_word' id='word_1_34' title='bbox 845 1404 896 1455; x_wconf 85' lang='lat' dir='ltr'>d.</span> 
     </span>
    </p>
   </div>
   <div class='ocr_carea' id='block_1_9' title="bbox 434 1614 2590 1693">
    <p class='ocr_par' dir='ltr' id='par_1_9' title="bbox 434 1614 2590 1693">
     <span class='ocr_line' id='line_1_9' title="bbox 434 1614 2590 1693; baseline 0.002 -25"><span class='ocrx_word' id='word_1_35' title='bbox 434 1620 517 1669; x_wconf 77' lang='lat' dir='ltr'>ubi</span> <span class='ocrx_word' id='word_1_36' title='bbox 565 1621 877 1670; x_wconf 75' lang='lat' dir='ltr'>comissum</span> <span class='ocrx_word' id='word_1_37' title='bbox 924 1627 993 1671; x_wconf 80' lang='lat' dir='ltr'>est</span> <span class='ocrx_word' id='word_1_38' title='bbox 1042 1620 1240 1671; x_wconf 84' lang='lat' dir='ltr'>bellum</span> <span class='ocrx_word' id='word_1_39' title='bbox 1293 1620 1473 1683; x_wconf 85' lang='lat' dir='ltr'>civile,</span> <span class='ocrx_word' id='word_1_40' title='bbox 1549 1623 1760 1684; x_wconf 81' lang='lat' dir='ltr'>generis</span> <span class='ocrx_word' id='word_1_41' title='bbox 1787 1614 2085 1687; x_wconf 79' lang='grc' dir='ltr'><em>Ἔγκωμίῳ</em></span> <span class='ocrx_word' id='word_1_42' title='bbox 2108 1622 2188 1682; x_wconf 78' lang='grc' dir='ltr'>εἰς</span> <span class='ocrx_word' id='word_1_43' title='bbox 2217 1618 2352 1684; x_wconf 74' lang='grc' dir='ltr'><strong><em>τοὺς</em></strong></span> <span class='ocrx_word' id='word_1_44' title='bbox 2373 1622 2434 1673; x_wconf 75' lang='grc' dir='ltr'>ἐν</span> <span class='ocrx_word' id='word_1_45' title='bbox 2456 1624 2590 1693; x_wconf 77' lang='grc' dir='ltr'><strong><em>Θερ-</em></strong></span> 
     </span>
    </p>
   </div>
   <div class='ocr_carea' id='block_1_10' title="bbox 430 1695 1484 4289">
    <p class='ocr_par' dir='ltr' id='par_1_10' title="bbox 434 1695 1477 2206">
     <span class='ocr_line' id='line_1_10' title="bbox 438 1695 1477 1754; baseline 0.004 -12"><span class='ocrx_word' id='word_1_46' title='bbox 438 1695 574 1744; x_wconf 82' lang='lat' dir='ltr'>intra</span> <span class='ocrx_word' id='word_1_47' title='bbox 621 1695 849 1754; x_wconf 65' lang='lat' dir='ltr'>Italicum</span> <span class='ocrx_word' id='word_1_48' title='bbox 904 1697 1016 1745; x_wconf 77' lang='lat' dir='ltr'>inde</span> <span class='ocrx_word' id='word_1_49' title='bbox 1062 1710 1113 1745; x_wconf 83' lang='lat' dir='ltr'>se</span> <span class='ocrx_word' id='word_1_50' title='bbox 1160 1697 1211 1744; x_wconf 82' lang='lat' dir='ltr'>in</span> <span class='ocrx_word' id='word_1_51' title='bbox 1257 1697 1477 1747; x_wconf 78' lang='lat' dir='ltr'>Galliam</span> 
     </span>
     <span class='ocr_line' id='line_1_11' title="bbox 437 1770 1477 1834; baseline 0.003 -17"><span class='ocrx_word' id='word_1_52' title='bbox 437 1770 826 1832; x_wconf 71' lang='lat' dir='ltr'>Hispaniamque</span> <span class='ocrx_word' id='word_1_53' title='bbox 858 1771 1083 1834; x_wconf 62' lang='lat' dir='ltr'>deflexit,</span> <span class='ocrx_word' id='word_1_54' title='bbox 1130 1785 1477 1833; x_wconf 72' lang='lat' dir='ltr'>reversumque</span> 
     </span>
     <span class='ocr_line' id='line_1_12' title="bbox 437 1845 1475 1907; baseline 0.003 -14"><span class='ocrx_word' id='word_1_55' title='bbox 437 1845 501 1893; x_wconf 86' lang='lat' dir='ltr'>ab</span> <span class='ocrx_word' id='word_1_56' title='bbox 535 1858 714 1893; x_wconf 75' lang='lat' dir='ltr'>occasu</span> <span class='ocrx_word' id='word_1_57' title='bbox 736 1845 847 1893; x_wconf 81' lang='lat' dir='ltr'>totis</span> <span class='ocrx_word' id='word_1_58' title='bbox 865 1845 1054 1894; x_wconf 80' lang='lat' dir='ltr'>viribus</span> <span class='ocrx_word' id='word_1_59' title='bbox 1075 1846 1127 1895; x_wconf 81' lang='lat' dir='ltr'>in</span> <span class='ocrx_word' id='word_1_60' title='bbox 1150 1846 1306 1907; x_wconf 80' lang='lat' dir='ltr'>Epiro</span> <span class='ocrx_word' id='word_1_61' title='bbox 1333 1847 1475 1896; x_wconf 79' lang='lat' dir='ltr'>Thes-</span> 
     </span>
     <span class='ocr_line' id='line_1_13' title="bbox 436 1919 1476 1984; baseline 0.002 -16"><span class='ocrx_word' id='word_1_62' title='bbox 436 1919 663 1980; x_wconf 80' lang='lat' dir='ltr'>saliaque</span> <span class='ocrx_word' id='word_1_63' title='bbox 694 1920 906 1968; x_wconf 74' lang='lat' dir='ltr'>consedit</span> <span class='ocrx_word' id='word_1_64' title='bbox 921 1933 938 1977; x_wconf 92' lang='lat'>‚·</span> <span class='ocrx_word' id='word_1_65' title='bbox 973 1919 1084 1968; x_wconf 78' lang='lat' dir='ltr'>hinc</span> <span class='ocrx_word' id='word_1_66' title='bbox 1118 1920 1169 1967; x_wconf 81' lang='lat' dir='ltr'>in</span> <span class='ocrx_word' id='word_1_67' title='bbox 1202 1920 1476 1984; x_wconf 58' lang='lat' dir='ltr'>Aegy-ypram</span> 
     </span>
     <span class='ocr_line' id='line_1_14' title="bbox 434 1994 1475 2055; baseline 0.001 -12"><span class='ocrx_word' id='word_1_68' title='bbox 434 1994 592 2043; x_wconf 72' lang='lat' dir='ltr'>subito</span> <span class='ocrx_word' id='word_1_69' title='bbox 613 1994 865 2043; x_wconf 72' lang='lat' dir='ltr'>transiluit</span> <span class='ocrx_word' id='word_1_70' title='bbox 878 2007 895 2052; x_wconf 89' lang='lat'>,·</span> <span class='ocrx_word' id='word_1_71' title='bbox 918 1995 1031 2043; x_wconf 78' lang='lat' dir='ltr'>inde</span> <span class='ocrx_word' id='word_1_72' title='bbox 1052 1995 1267 2055; x_wconf 72' lang='lat' dir='ltr'>respexit</span> <span class='ocrx_word' id='word_1_73' title='bbox 1286 1996 1475 2055; x_wconf 80' lang='lat' dir='ltr'>Asiam,·</span> 
     </span>
     <span class='ocr_line' id='line_1_15' title="bbox 436 2067 1476 2130; baseline 0.002 -13"><span class='ocrx_word' id='word_1_74' title='bbox 436 2069 548 2117; x_wconf 79' lang='lat' dir='ltr'>inde</span> <span class='ocrx_word' id='word_1_75' title='bbox 593 2067 792 2129; x_wconf 71' lang='lat' dir='ltr'>Africae</span> <span class='ocrx_word' id='word_1_76' title='bbox 837 2068 1057 2117; x_wconf 76' lang='lat' dir='ltr'>incubuit</span> <span class='ocrx_word' id='word_1_77' title='bbox 1066 2081 1084 2125; x_wconf 91' lang='lat'>,·</span> <span class='ocrx_word' id='word_1_78' title='bbox 1128 2074 1378 2130; x_wconf 75' lang='lat' dir='ltr'>postremo</span> <span class='ocrx_word' id='word_1_79' title='bbox 1422 2072 1476 2119; x_wconf 75' lang='lat' dir='ltr'>in</span> 
     </span>
     <span class='ocr_line' id='line_1_16' title="bbox 436 2143 1476 2206; baseline 0.006 -17"><span class='ocrx_word' id='word_1_80' title='bbox 436 2143 729 2204; x_wconf 66' lang='lat' dir='ltr'>Hispaniam</span> <span class='ocrx_word' id='word_1_81' title='bbox 759 2144 1017 2205; x_wconf 57' lang='lat' dir='ltr'>regyravit</span> <span class='ocrx_word' id='word_1_82' title='bbox 1049 2148 1094 2192; x_wconf 80' lang='lat' dir='ltr'>et</span> <span class='ocrx_word' id='word_1_83' title='bbox 1115 2144 1182 2192; x_wconf 87' lang='lat' dir='ltr'>ibi</span> <span class='ocrx_word' id='word_1_84' title='bbox 1203 2145 1476 2206; x_wconf 72' lang='lat' dir='ltr'>aliqnando</span> 
     </span>
    </p>

    <p class='ocr_par' dir='ltr' id='par_1_11' title="bbox 436 2289 1480 2802">
     <span class='ocr_line' id='line_1_17' title="bbox 502 2289 1473 2358; baseline 0.004 -19"><span class='ocrx_word' id='word_1_85' title='bbox 502 2289 582 2340; x_wconf 72' lang='lat'>34.</span> <span class='ocrx_word' id='word_1_86' title='bbox 626 2290 885 2353; x_wconf 75' lang='lat' dir='ltr'>Dauniae]</span> <span class='ocrx_word' id='word_1_87' title='bbox 932 2290 1211 2352; x_wconf 86' lang='lat' dir='ltr'>adiectiv.,</span> <span class='ocrx_word' id='word_1_88' title='bbox 1249 2292 1473 2358; x_wconf 81' lang='lat' dir='ltr'>Apulae,</span> 
     </span>
     <span class='ocr_line' id='line_1_18' title="bbox 438 2365 1473 2428; baseline 0.007 -16"><span class='ocrx_word' id='word_1_89' title='bbox 438 2377 533 2428; x_wconf 88' lang='lat' dir='ltr'>pro</span> <span class='ocrx_word' id='word_1_90' title='bbox 575 2365 821 2415; x_wconf 81' lang='lat' dir='ltr'>Romanis</span> <span class='ocrx_word' id='word_1_91' title='bbox 868 2366 1161 2428; x_wconf 80' lang='lat' dir='ltr'>(caedibus)</span> <span class='ocrx_word' id='word_1_92' title='bbox 1210 2370 1473 2419; x_wconf 74' lang='lat' dir='ltr'>universe.</span> 
     </span>
     <span class='ocr_line' id='line_1_19' title="bbox 438 2438 1476 2506; baseline 0.005 -17"><span class='ocrx_word' id='word_1_93' title='bbox 438 2440 542 2489; x_wconf 77' lang='lat' dir='ltr'>Cir.</span> <span class='ocrx_word' id='word_1_94' title='bbox 564 2438 657 2489; x_wconf 86' lang='lat' dir='ltr'>Od.</span> <span class='ocrx_word' id='word_1_95' title='bbox 682 2440 728 2498; x_wconf 80' lang='lat' dir='ltr'>l,</span> <span class='ocrx_word' id='word_1_96' title='bbox 749 2439 830 2500; x_wconf 69' lang='lat'>22,</span> <span class='ocrx_word' id='word_1_97' title='bbox 855 2438 932 2491; x_wconf 71' lang='lat'>⁴4.</span> <span class='ocrx_word' id='word_1_98' title='bbox 963 2441 1193 2492; x_wconf 85' lang='lat' dir='ltr'>Horrore</span> <span class='ocrx_word' id='word_1_99' title='bbox 1209 2445 1476 2506; x_wconf 84' lang='lat' dir='ltr'>sanguinis</span> 
     </span>
     <span class='ocr_line' id='line_1_20' title="bbox 437 2512 1480 2581; baseline 0.006 -17"><span class='ocrx_word' id='word_1_100' title='bbox 437 2512 601 2564; x_wconf 66' lang='lat' dir='ltr'>civilis</span> <span class='ocrx_word' id='word_1_101' title='bbox 626 2517 730 2563; x_wconf 85' lang='lat' dir='ltr'>tam</span> <span class='ocrx_word' id='word_1_102' title='bbox 751 2513 902 2576; x_wconf 78' lang='lat' dir='ltr'>longe</span> <span class='ocrx_word' id='word_1_103' title='bbox 921 2513 1132 2580; x_wconf 88' lang='lat' dir='ltr'>lateque</span> <span class='ocrx_word' id='word_1_104' title='bbox 1151 2519 1318 2581; x_wconf 86' lang='lat' dir='ltr'>sparsi</span> <span class='ocrx_word' id='word_1_105' title='bbox 1336 2519 1480 2570; x_wconf 84' lang='lat' dir='ltr'>velut</span> 
     </span>
     <span class='ocr_line' id='line_1_21' title="bbox 438 2587 1478 2656; baseline 0.007 -19"><span class='ocrx_word' id='word_1_106' title='bbox 438 2590 637 2651; x_wconf 85' lang='lat' dir='ltr'>impetu</span> <span class='ocrx_word' id='word_1_107' title='bbox 671 2587 926 2652; x_wconf 83' lang='lat' dir='ltr'>abreptus</span> <span class='ocrx_word' id='word_1_108' title='bbox 961 2591 1247 2642; x_wconf 79' lang='lat' dir='ltr'>cumulavit</span> <span class='ocrx_word' id='word_1_109' title='bbox 1292 2595 1478 2656; x_wconf 82' lang='lat' dir='ltr'>imagi-</span> 
     </span>
     <span class='ocr_line' id='line_1_22' title="bbox 436 2664 1474 2729; baseline 0.007 -17"><span class='ocrx_word' id='word_1_110' title='bbox 436 2664 585 2726; x_wconf 82' lang='lat' dir='ltr'>gines</span> <span class='ocrx_word' id='word_1_111' title='bbox 639 2664 884 2727; x_wconf 65' lang='lat' dir='ltr'>yur-pitis,</span> <span class='ocrx_word' id='word_1_112' title='bbox 939 2667 1231 2728; x_wconf 77' lang='lat' dir='ltr'>fluminum,</span> <span class='ocrx_word' id='word_1_113' title='bbox 1287 2669 1474 2729; x_wconf 77' lang='lat' dir='ltr'>maris,</span> 
     </span>
     <span class='ocr_line' id='line_1_23' title="bbox 438 2735 1186 2802; baseline 0.003 -16"><span class='ocrx_word' id='word_1_114' title='bbox 438 2751 561 2786; x_wconf 86' lang='lat' dir='ltr'>orae</span> <span class='ocrx_word' id='word_1_115' title='bbox 592 2735 678 2787; x_wconf 91' lang='lat' dir='ltr'>illo</span> <span class='ocrx_word' id='word_1_116' title='bbox 714 2751 905 2788; x_wconf 86' lang='lat' dir='ltr'>cruore</span> <span class='ocrx_word' id='word_1_117' title='bbox 940 2737 1186 2802; x_wconf 86' lang='lat' dir='ltr'>pollutae.</span> 
     </span>
    </p>

    <p class='ocr_par' dir='ltr' id='par_1_12' title="bbox 430 2811 1483 3392">
     <span class='ocr_line' id='line_1_24' title="bbox 503 2811 1476 2870; baseline 0.007 -10"><span class='ocrx_word' id='word_1_118' title='bbox 503 2811 582 2860; x_wconf 88' lang='lat'>37.</span> <span class='ocrx_word' id='word_1_119' title='bbox 636 2813 793 2870; x_wconf 82' lang='lat' dir='ltr'>Quasi</span> <span class='ocrx_word' id='word_1_120' title='bbox 846 2814 1002 2862; x_wconf 89' lang='lat' dir='ltr'>nimis</span> <span class='ocrx_word' id='word_1_121' title='bbox 1053 2813 1306 2865; x_wconf 84' lang='lat' dir='ltr'>audacter</span> <span class='ocrx_word' id='word_1_122' title='bbox 1355 2830 1476 2867; x_wconf 88' lang='lat' dir='ltr'>sese</span> 
     </span>
     <span class='ocr_line' id='line_1_25' title="bbox 438 2884 1483 2950; baseline 0.007 -16"><span class='ocrx_word' id='word_1_123' title='bbox 438 2884 736 2945; x_wconf 76' lang='lat' dir='ltr'>extulisset,</span> <span class='ocrx_word' id='word_1_124' title='bbox 779 2885 849 2935; x_wconf 88' lang='lat' dir='ltr'>ab</span> <span class='ocrx_word' id='word_1_125' title='bbox 886 2888 1087 2950; x_wconf 86' lang='lat' dir='ltr'>impetu</span> <span class='ocrx_word' id='word_1_126' title='bbox 1122 2889 1483 2941; x_wconf 82' lang='lat' dir='ltr'>vehementis-</span> 
     </span>
     <span class='ocr_line' id='line_1_26' title="bbox 437 2960 1473 3024; baseline 0.006 -15"><span class='ocrx_word' id='word_1_127' title='bbox 437 2960 571 3010; x_wconf 86' lang='lat' dir='ltr'>simo</span> <span class='ocrx_word' id='word_1_128' title='bbox 617 2963 835 3024; x_wconf 78' lang='lat' dir='ltr'>repente</span> <span class='ocrx_word' id='word_1_129' title='bbox 882 2975 942 3011; x_wconf 90' lang='lat' dir='ltr'>se</span> <span class='ocrx_word' id='word_1_130' title='bbox 983 2966 1223 3024; x_wconf 86' lang='lat' dir='ltr'>revocat,</span> <span class='ocrx_word' id='word_1_131' title='bbox 1277 2967 1334 3014; x_wconf 83' lang='lat' dir='ltr'>nt</span> <span class='ocrx_word' id='word_1_132' title='bbox 1380 2965 1473 3015; x_wconf 85' lang='lat' dir='ltr'>od.</span> 
     </span>
     <span class='ocr_line' id='line_1_27' title="bbox 437 3033 1476 3100; baseline 0.007 -18"><span class='ocrx_word' id='word_1_133' title='bbox 437 3033 495 3092; x_wconf 90' lang='grc'>3,</span> <span class='ocrx_word' id='word_1_134' title='bbox 542 3034 602 3094; x_wconf 89' lang='grc'>3,</span> <span class='ocrx_word' id='word_1_135' title='bbox 648 3035 727 3084; x_wconf 87' lang='grc'>70.</span> <span class='ocrx_word' id='word_1_136' title='bbox 779 3040 831 3084; x_wconf 91' lang='lat' dir='ltr'>et</span> <span class='ocrx_word' id='word_1_137' title='bbox 866 3037 969 3086; x_wconf 89' lang='lat' dir='ltr'>iam</span> <span class='ocrx_word' id='word_1_138' title='bbox 1018 3037 1275 3088; x_wconf 82' lang='lat' dir='ltr'>Pindarus</span> <span class='ocrx_word' id='word_1_139' title='bbox 1312 3037 1387 3089; x_wconf 88' lang='lat' dir='ltr'>Ol.</span> <span class='ocrx_word' id='word_1_140' title='bbox 1428 3040 1476 3100; x_wconf 88' lang='grc'>9,</span> 
     </span>
     <span class='ocr_line' id='line_1_28' title="bbox 436 3104 1479 3176; baseline 0.006 -20"><span class='ocrx_word' id='word_1_141' title='bbox 436 3107 527 3157; x_wconf 84' lang='lat'>35:</span> <span class='ocrx_word' id='word_1_142' title='bbox 575 3104 693 3159; x_wconf 79' lang='grc' dir='ltr'>ἀπό</span> <span class='ocrx_word' id='word_1_143' title='bbox 732 3124 837 3174; x_wconf 82' lang='grc' dir='ltr'>μοι</span> <span class='ocrx_word' id='word_1_144' title='bbox 872 3106 1046 3176; x_wconf 81' lang='grc' dir='ltr'><em>λόγον</em></span> <span class='ocrx_word' id='word_1_145' title='bbox 1078 3107 1303 3172; x_wconf 80' lang='grc' dir='ltr'><em>τοῦτον,</em></span> <span class='ocrx_word' id='word_1_146' title='bbox 1340 3109 1479 3162; x_wconf 83' lang='grc' dir='ltr'><strong>στό-</strong></span> 
     </span>
     <span class='ocr_line' id='line_1_29' title="bbox 435 3177 1476 3252; baseline 0.004 -20"><span class='ocrx_word' id='word_1_147' title='bbox 435 3197 548 3245; x_wconf 79' lang='grc' dir='ltr'>μα,</span> <span class='ocrx_word' id='word_1_148' title='bbox 594 3177 795 3252; x_wconf 77' lang='grc' dir='ltr'><strong><em>ῥῖψον.</em></strong></span> <span class='ocrx_word' id='word_1_149' title='bbox 838 3212 891 3220; x_wconf 91' lang='lat'>--</span> <span class='ocrx_word' id='word_1_150' title='bbox 922 3186 1140 3249; x_wconf 72' lang='lat' dir='ltr'>proca-15]</span> <span class='ocrx_word' id='word_1_151' title='bbox 1179 3185 1476 3250; x_wconf 73' lang='lat' dir='ltr'>«petulans,</span> 
     </span>
     <span class='ocr_line' id='line_1_30' title="bbox 438 3258 1475 3324; baseline 0.006 -19"><span class='ocrx_word' id='word_1_152' title='bbox 438 3260 739 3320; x_wconf 74' lang='lat' dir='ltr'>proterva»;</span> <span class='ocrx_word' id='word_1_153' title='bbox 777 3258 872 3309; x_wconf 88' lang='lat' dir='ltr'>sed</span> <span class='ocrx_word' id='word_1_154' title='bbox 907 3261 1103 3310; x_wconf 84' lang='lat' dir='ltr'>retinet</span> <span class='ocrx_word' id='word_1_155' title='bbox 1135 3261 1348 3324; x_wconf 83' lang='lat' dir='ltr'>originis</span> <span class='ocrx_word' id='word_1_156' title='bbox 1371 3275 1400 3311; x_wconf 89' lang='lat' dir='ltr'>a</span> <span class='ocrx_word' id='word_1_157' title='bbox 1424 3276 1475 3310; x_wconf 89' lang='lat' dir='ltr'>v.</span> 
     </span>
     <span class='ocr_line' id='line_1_31' title="bbox 430 3334 1000 3392; baseline 0.007 -12"><span class='ocrx_word' id='word_1_158' title='bbox 430 3334 679 3392; x_wconf 71' lang='lat' dir='ltr'>proc-andi</span> <span class='ocrx_word' id='word_1_159' title='bbox 713 3335 1000 3384; x_wconf 87' lang='lat' dir='ltr'>notionem.</span> 
     </span>
    </p>

    <p class='ocr_par' dir='ltr' id='par_1_13' title="bbox 436 3407 1484 4289">
     <span class='ocr_line' id='line_1_32' title="bbox 502 3407 1478 3474; baseline 0.004 -18"><span class='ocrx_word' id='word_1_160' title='bbox 502 3407 583 3456; x_wconf 87' lang='grc'>38.</span> <span class='ocrx_word' id='word_1_161' title='bbox 610 3408 1013 3473; x_wconf 80' lang='lat' dir='ltr'>Ceae--neniaeJ</span> <span class='ocrx_word' id='word_1_162' title='bbox 1047 3412 1152 3460; x_wconf 73' lang='lat' dir='ltr'>«Ne</span> <span class='ocrx_word' id='word_1_163' title='bbox 1188 3413 1238 3459; x_wconf 86' lang='lat' dir='ltr'>tu</span> <span class='ocrx_word' id='word_1_164' title='bbox 1265 3423 1478 3474; x_wconf 87' lang='lat' dir='ltr'>quoque</span> 
     </span>
     <span class='ocr_line' id='line_1_33' title="bbox 439 3483 1481 3547; baseline 0.006 -18"><span class='ocrx_word' id='word_1_165' title='bbox 439 3494 582 3531; x_wconf 88' lang='lat' dir='ltr'>nunc</span> <span class='ocrx_word' id='word_1_166' title='bbox 615 3484 811 3532; x_wconf 84' lang='lat' dir='ltr'>tractes</span> <span class='ocrx_word' id='word_1_167' title='bbox 845 3483 1081 3546; x_wconf 86' lang='lat' dir='ltr'>mihique</span> <span class='ocrx_word' id='word_1_168' title='bbox 1122 3485 1347 3547; x_wconf 81' lang='lat' dir='ltr'>inspires</span> <span class='ocrx_word' id='word_1_169' title='bbox 1383 3499 1481 3535; x_wconf 80' lang='lat' dir='ltr'>ne·-</span> 
     </span>
     <span class='ocr_line' id='line_1_34' title="bbox 441 3553 1479 3627; baseline 0.006 -23"><span class='ocrx_word' id='word_1_170' title='bbox 441 3557 584 3614; x_wconf 76' lang='lat' dir='ltr'>niaS,</span> <span class='ocrx_word' id='word_1_171' title='bbox 642 3553 925 3627; x_wconf 75' lang='grc' dir='ltr'>θρήνους,</span> <span class='ocrx_word' id='word_1_172' title='bbox 982 3561 1172 3608; x_wconf 87' lang='lat' dir='ltr'>cantus</span> <span class='ocrx_word' id='word_1_173' title='bbox 1227 3557 1479 3621; x_wconf 83' lang='lat' dir='ltr'>lugubres</span> 
     </span>
     <span class='ocr_line' id='line_1_35' title="bbox 442 3630 1478 3696; baseline 0.006 -18"><span class='ocrx_word' id='word_1_174' title='bbox 442 3630 566 3690; x_wconf 81' lang='lat' dir='ltr'>(Cic.</span> <span class='ocrx_word' id='word_1_175' title='bbox 605 3630 673 3680; x_wconf 89' lang='lat' dir='ltr'>de</span> <span class='ocrx_word' id='word_1_176' title='bbox 710 3633 864 3695; x_wconf 78' lang='lat' dir='ltr'>Legg.</span> <span class='ocrx_word' id='word_1_177' title='bbox 893 3634 949 3691; x_wconf 80' lang='lat'>2,</span> <span class='ocrx_word' id='word_1_178' title='bbox 988 3632 1110 3694; x_wconf 46' lang='lat' dir='ltr'>sk),</span> <span class='ocrx_word' id='word_1_179' title='bbox 1148 3632 1332 3696; x_wconf 87' lang='lat' dir='ltr'>quales</span> <span class='ocrx_word' id='word_1_180' title='bbox 1355 3633 1478 3684; x_wconf 90' lang='lat' dir='ltr'>olim</span> 
     </span>
     <span class='ocr_line' id='line_1_36' title="bbox 442 3706 1477 3768; baseline 0.005 -15"><span class='ocrx_word' id='word_1_181' title='bbox 442 3706 738 3767; x_wconf 85' lang='lat' dir='ltr'>composuit</span> <span class='ocrx_word' id='word_1_182' title='bbox 789 3707 1087 3757; x_wconf 88' lang='lat' dir='ltr'>Simonides</span> <span class='ocrx_word' id='word_1_183' title='bbox 1141 3709 1352 3768; x_wconf 72' lang='lat' dir='ltr'>Ceus,n</span> <span class='ocrx_word' id='word_1_184' title='bbox 1411 3708 1477 3758; x_wconf 87' lang='lat' dir='ltr'>de</span> 
     </span>
     <span class='ocr_line' id='line_1_37' title="bbox 443 3779 1477 3842; baseline 0.007 -17"><span class='ocrx_word' id='word_1_185' title='bbox 443 3791 549 3840; x_wconf 87' lang='lat' dir='ltr'>quo</span> <span class='ocrx_word' id='word_1_186' title='bbox 583 3779 789 3838; x_wconf 84' lang='lat' dir='ltr'>Quintil.</span> <span class='ocrx_word' id='word_1_187' title='bbox 832 3782 923 3842; x_wconf 72' lang='lat'>⁴0,</span> <span class='ocrx_word' id='word_1_188' title='bbox 962 3782 1018 3842; x_wconf 76' lang='lat'>4,</span> <span class='ocrx_word' id='word_1_189' title='bbox 1056 3780 1144 3831; x_wconf 69' lang='lat'>64:</span> <span class='ocrx_word' id='word_1_190' title='bbox 1195 3782 1477 3842; x_wconf 69' lang='lat' dir='ltr'>Simonidi-3,</span> 
     </span>
     <span class='ocr_line' id='line_1_38' title="bbox 436 3855 1480 3918; baseline 0.006 -19"><span class='ocrx_word' id='word_1_191' title='bbox 436 3855 614 3914; x_wconf 73' lang='lat' dir='ltr'>poetae</span> <span class='ocrx_word' id='word_1_192' title='bbox 644 3856 923 3914; x_wconf 79' lang='lat' dir='ltr'>tenerrimi,</span> <span class='ocrx_word' id='word_1_193' title='bbox 954 3857 1235 3918; x_wconf 78' lang='lat' dir='ltr'>praecipua</span> <span class='ocrx_word' id='word_1_194' title='bbox 1267 3857 1321 3905; x_wconf 79' lang='lat' dir='ltr'>in</span> <span class='ocrx_word' id='word_1_195' title='bbox 1342 3871 1480 3905; x_wconf 85' lang='lat' dir='ltr'>com-</span> 
     </span>
     <span class='ocr_line' id='line_1_39' title="bbox 437 3930 1480 3992; baseline 0.005 -18"><span class='ocrx_word' id='word_1_196' title='bbox 437 3930 681 3977; x_wconf 82' lang='lat' dir='ltr'>movenda</span> <span class='ocrx_word' id='word_1_197' title='bbox 711 3930 1028 3980; x_wconf 80' lang='lat' dir='ltr'>miseratione</span> <span class='ocrx_word' id='word_1_198' title='bbox 1057 3931 1242 3990; x_wconf 81' lang='lat' dir='ltr'>virtus,</span> <span class='ocrx_word' id='word_1_199' title='bbox 1277 3936 1333 3979; x_wconf 75' lang='lat' dir='ltr'>ut</span> <span class='ocrx_word' id='word_1_200' title='bbox 1367 3932 1480 3992; x_wconf 82' lang='lat' dir='ltr'>qui-—</span> 
     </span>
     <span class='ocr_line' id='line_1_40' title="bbox 440 4002 1484 4067; baseline 0.005 -17"><span class='ocrx_word' id='word_1_201' title='bbox 440 4003 559 4051; x_wconf 84' lang='lat' dir='ltr'>dam</span> <span class='ocrx_word' id='word_1_202' title='bbox 592 4002 643 4051; x_wconf 80' lang='lat' dir='ltr'>in</span> <span class='ocrx_word' id='word_1_203' title='bbox 677 4003 771 4052; x_wconf 76' lang='lat' dir='ltr'>hac</span> <span class='ocrx_word' id='word_1_204' title='bbox 803 4017 917 4054; x_wconf 79' lang='lat' dir='ltr'>eum</span> <span class='ocrx_word' id='word_1_205' title='bbox 942 4011 1093 4067; x_wconf 80' lang='lat' dir='ltr'>parte</span> <span class='ocrx_word' id='word_1_206' title='bbox 1126 4006 1350 4055; x_wconf 76' lang='lat' dir='ltr'>omnibus</span> <span class='ocrx_word' id='word_1_207' title='bbox 1379 4006 1484 4054; x_wconf 68' lang='lat' dir='ltr'>eim</span> 
     </span>
     <span class='ocr_line' id='line_1_41' title="bbox 439 4077 1481 4144; baseline 0.005 -19"><span class='ocrx_word' id='word_1_208' title='bbox 439 4077 602 4138; x_wconf 79' lang='lat' dir='ltr'>operis</span> <span class='ocrx_word' id='word_1_209' title='bbox 633 4079 920 4129; x_wconf 69' lang='lat' dir='ltr'>auctoribus</span> <span class='ocrx_word' id='word_1_210' title='bbox 934 4082 1243 4144; x_wconf 75' lang='lat' dir='ltr'>praeferant.</span> <span class='ocrx_word' id='word_1_211' title='bbox 1284 4082 1345 4130; x_wconf 76' lang='lat' dir='ltr'>Et</span> <span class='ocrx_word' id='word_1_212' title='bbox 1370 4081 1481 4131; x_wconf 87' lang='lat' dir='ltr'>iure</span> 
     </span>
     <span class='ocr_line' id='line_1_42' title="bbox 441 4152 1482 4226; baseline 0.005 -25"><span class='ocrx_word' id='word_1_213' title='bbox 441 4152 685 4213; x_wconf 88' lang='lat' dir='ltr'>quidem:</span> <span class='ocrx_word' id='word_1_214' title='bbox 742 4152 885 4204; x_wconf 57' lang='lat' dir='ltr'>velut</span> <span class='ocrx_word' id='word_1_215' title='bbox 926 4170 991 4205; x_wconf 83' lang='lat' dir='ltr'>ex</span> <span class='ocrx_word' id='word_1_216' title='bbox 1034 4152 1232 4226; x_wconf 72' lang='grc' dir='ltr'><em>θρήνῳ</em></span> <span class='ocrx_word' id='word_1_217' title='bbox 1275 4158 1482 4206; x_wconf 75' lang='lat' dir='ltr'>Danaes</span> 
     </span>
     <span class='ocr_line' id='line_1_43' title="bbox 438 4228 1483 4289; baseline 0.006 -15"><span class='ocrx_word' id='word_1_218' title='bbox 438 4240 490 4289; x_wconf 90' lang='lat' dir='ltr'>p.</span> <span class='ocrx_word' id='word_1_219' title='bbox 530 4228 608 4277; x_wconf 83' lang='lat'>67.</span> <span class='ocrx_word' id='word_1_220' title='bbox 655 4228 1011 4289; x_wconf 57' lang='lat' dir='ltr'>Schneidewin,</span> <span class='ocrx_word' id='word_1_221' title='bbox 1066 4231 1191 4280; x_wconf 83' lang='lat' dir='ltr'>item</span> <span class='ocrx_word' id='word_1_222' title='bbox 1241 4244 1301 4280; x_wconf 83' lang='lat' dir='ltr'>ex</span> <span class='ocrx_word' id='word_1_223' title='bbox 1351 4229 1483 4280; x_wconf 88' lang='lat' dir='ltr'>alius</span> 
     </span>
    </p>
   </div>
   <div class='ocr_carea' id='block_1_11' title="bbox 1545 1690 2646 4294">
    <p class='ocr_par' dir='ltr' id='par_1_14' title="bbox 1545 1690 2646 3920">
     <span class='ocr_line' id='line_1_44' title="bbox 1546 1690 2586 1761; baseline 0.004 -18"><span class='ocrx_word' id='word_1_224' title='bbox 1546 1692 1836 1760; x_wconf 74' lang='grc' dir='ltr'><strong><em>μοπύλαις</em></strong></span> <span class='ocrx_word' id='word_1_225' title='bbox 1859 1690 2146 1758; x_wconf 75' lang='grc' dir='ltr'>θανόντας</span> <span class='ocrx_word' id='word_1_226' title='bbox 2167 1710 2220 1760; x_wconf 88' lang='lat' dir='ltr'>p.</span> <span class='ocrx_word' id='word_1_227' title='bbox 2245 1697 2323 1746; x_wconf 75' lang='lat'>⁴0.</span> <span class='ocrx_word' id='word_1_228' title='bbox 2348 1702 2586 1761; x_wconf 84' lang='lat' dir='ltr'>apparet.</span> 
     </span>
     <span class='ocr_line' id='line_1_45' title="bbox 1551 1768 2590 1833; baseline 0.001 -13"><span class='ocrx_word' id='word_1_229' title='bbox 1551 1771 1682 1820; x_wconf 76' lang='lat' dir='ltr'>ilinc</span> <span class='ocrx_word' id='word_1_230' title='bbox 1710 1773 1980 1832; x_wconf 87' lang='lat' dir='ltr'>tamquam</span> <span class='ocrx_word' id='word_1_231' title='bbox 2003 1769 2271 1833; x_wconf 67' lang='lat' dir='ltr'>proverbii</span> <span class='ocrx_word' id='word_1_232' title='bbox 2294 1768 2413 1821; x_wconf 86' lang='lat' dir='ltr'>loco</span> <span class='ocrx_word' id='word_1_233' title='bbox 2433 1785 2590 1822; x_wconf 90' lang='lat' dir='ltr'>usur-</span> 
     </span>
     <span class='ocr_line' id='line_1_46' title="bbox 1548 1844 2584 1909; baseline -0.001 -15"><span class='ocrx_word' id='word_1_234' title='bbox 1548 1846 1661 1908; x_wconf 89' lang='lat' dir='ltr'>pari</span> <span class='ocrx_word' id='word_1_235' title='bbox 1696 1847 1884 1909; x_wconf 78' lang='lat' dir='ltr'>coepta</span> <span class='ocrx_word' id='word_1_236' title='bbox 1922 1848 2002 1893; x_wconf 89' lang='lat' dir='ltr'>est</span> <span class='ocrx_word' id='word_1_237' title='bbox 2040 1846 2136 1894; x_wconf 84' lang='lat' dir='ltr'>Cea</span> <span class='ocrx_word' id='word_1_238' title='bbox 2179 1846 2342 1894; x_wconf 80' lang='lat' dir='ltr'>nenia.</span> <span class='ocrx_word' id='word_1_239' title='bbox 2384 1844 2584 1909; x_wconf 79' lang='lat' dir='ltr'>(catull.</span> 
     </span>
     <span class='ocr_line' id='line_1_47' title="bbox 1548 1918 2589 1979; baseline -0.001 -11"><span class='ocrx_word' id='word_1_240' title='bbox 1548 1918 1610 1968; x_wconf 82' lang='lat'>36</span> <span class='ocrx_word' id='word_1_241' title='bbox 1630 1958 1641 1979; x_wconf 93' lang='lat'>,</span> <span class='ocrx_word' id='word_1_242' title='bbox 1692 1919 1751 1968; x_wconf 91' lang='lat'>8:</span> <span class='ocrx_word' id='word_1_243' title='bbox 1810 1920 2045 1968; x_wconf 76' lang='lat' dir='ltr'>maestius</span> <span class='ocrx_word' id='word_1_244' title='bbox 2097 1920 2318 1968; x_wconf 76' lang='lat' dir='ltr'>lacrimis</span> <span class='ocrx_word' id='word_1_245' title='bbox 2371 1921 2589 1969; x_wconf 78' lang='lat' dir='ltr'>Simoni-</span> 
     </span>
     <span class='ocr_line' id='line_1_48' title="bbox 1547 1993 2590 2057; baseline 0 -14"><span class='ocrx_word' id='word_1_246' title='bbox 1547 1993 1689 2056; x_wconf 80' lang='lat' dir='ltr'>deis.)</span> <span class='ocrx_word' id='word_1_247' title='bbox 1729 2021 1781 2029; x_wconf 91' lang='lat'>—-</span> <span class='ocrx_word' id='word_1_248' title='bbox 1817 1993 2045 2056; x_wconf 77' lang='lat' dir='ltr'>munera]</span> <span class='ocrx_word' id='word_1_249' title='bbox 2081 1995 2302 2053; x_wconf 88' lang='lat' dir='ltr'>Neniae,</span> <span class='ocrx_word' id='word_1_250' title='bbox 2341 1996 2399 2043; x_wconf 91' lang='lat' dir='ltr'>ut</span> <span class='ocrx_word' id='word_1_251' title='bbox 2430 2007 2590 2057; x_wconf 87' lang='lat' dir='ltr'>supra</span> 
     </span>
     <span class='ocr_line' id='line_1_49' title="bbox 1547 2068 2590 2130; baseline 0.003 -16"><span class='ocrx_word' id='word_1_252' title='bbox 1547 2080 1597 2115; x_wconf 86' lang='lat' dir='ltr'>v.</span> <span class='ocrx_word' id='word_1_253' title='bbox 1624 2069 1677 2116; x_wconf 85' lang='grc' dir='ltr'>Η</span> <span class='ocrx_word' id='word_1_254' title='bbox 1694 2081 1957 2126; x_wconf 76' lang='lat' dir='ltr'>.,munera</span> <span class='ocrx_word' id='word_1_255' title='bbox 1983 2071 2107 2117; x_wconf 86' lang='lat' dir='ltr'>sunt</span> <span class='ocrx_word' id='word_1_256' title='bbox 2130 2068 2306 2118; x_wconf 90' lang='lat' dir='ltr'>omnia</span> <span class='ocrx_word' id='word_1_257' title='bbox 2335 2080 2424 2127; x_wconf 86' lang='lat' dir='ltr'>ea,</span> <span class='ocrx_word' id='word_1_258' title='bbox 2452 2081 2590 2130; x_wconf 82' lang='lat' dir='ltr'>quae</span> 
     </span>
     <span class='ocr_line' id='line_1_50' title="bbox 1545 2140 2592 2211; baseline 0.002 -22"><span class='ocrx_word' id='word_1_259' title='bbox 1545 2145 1819 2205; x_wconf 85' lang='lat' dir='ltr'>praestare</span> <span class='ocrx_word' id='word_1_260' title='bbox 1844 2142 2008 2192; x_wconf 82' lang='lat' dir='ltr'>debet</span> <span class='ocrx_word' id='word_1_261' title='bbox 2027 2140 2262 2211; x_wconf 75' lang='grc' dir='ltr'><em>θρῆνος,</em></span> <span class='ocrx_word' id='word_1_262' title='bbox 2298 2146 2359 2192; x_wconf 84' lang='lat' dir='ltr'>ut</span> <span class='ocrx_word' id='word_1_263' title='bbox 2378 2141 2592 2192; x_wconf 87' lang='lat' dir='ltr'>laudem</span> 
     </span>
     <span class='ocr_line' id='line_1_51' title="bbox 1548 2213 2588 2287; baseline -0.001 -21"><span class='ocrx_word' id='word_1_264' title='bbox 1548 2219 1848 2276; x_wconf 87' lang='lat' dir='ltr'>mereatur,</span> <span class='ocrx_word' id='word_1_265' title='bbox 1901 2231 2006 2266; x_wconf 90' lang='lat' dir='ltr'>non</span> <span class='ocrx_word' id='word_1_266' title='bbox 2062 2213 2355 2266; x_wconf 79' lang='grc' dir='ltr'><strong><em>Μουσάων</em></strong></span> <span class='ocrx_word' id='word_1_267' title='bbox 2402 2213 2588 2287; x_wconf 78' lang='grc' dir='ltr'><strong><em>δῶρα,</em></strong></span> 
     </span>
     <span class='ocr_line' id='line_1_52' title="bbox 1548 2289 2593 2350; baseline 0.002 -11"><span class='ocrx_word' id='word_1_268' title='bbox 1548 2304 1649 2340; x_wconf 88' lang='lat' dir='ltr'>nec</span> <span class='ocrx_word' id='word_1_269' title='bbox 1684 2292 1881 2340; x_wconf 84' lang='lat' dir='ltr'>Neniae</span> <span class='ocrx_word' id='word_1_270' title='bbox 1906 2292 2043 2340; x_wconf 88' lang='lat' dir='ltr'>dona</span> <span class='ocrx_word' id='word_1_271' title='bbox 2060 2329 2072 2350; x_wconf 93' lang='lat'>,</span> <span class='ocrx_word' id='word_1_272' title='bbox 2111 2304 2210 2340; x_wconf 86' lang='lat' dir='ltr'>nec</span> <span class='ocrx_word' id='word_1_273' title='bbox 2236 2304 2458 2341; x_wconf 89' lang='lat' dir='ltr'>munera</span> <span class='ocrx_word' id='word_1_274' title='bbox 2480 2289 2593 2341; x_wconf 86' lang='lat' dir='ltr'>bel—</span> 
     </span>
     <span class='ocr_line' id='line_1_53' title="bbox 1548 2363 2591 2427; baseline 0.002 -13"><span class='ocrx_word' id='word_1_275' title='bbox 1548 2363 1804 2416; x_wconf 80' lang='lat' dir='ltr'>latoribus</span> <span class='ocrx_word' id='word_1_276' title='bbox 1846 2367 2069 2415; x_wconf 80' lang='lat' dir='ltr'>mortuis</span> <span class='ocrx_word' id='word_1_277' title='bbox 2113 2366 2336 2427; x_wconf 81' lang='lat' dir='ltr'>tributa,</span> <span class='ocrx_word' id='word_1_278' title='bbox 2391 2369 2448 2415; x_wconf 88' lang='lat' dir='ltr'>ut</span> <span class='ocrx_word' id='word_1_279' title='bbox 2487 2369 2591 2416; x_wconf 84' lang='lat' dir='ltr'>Lu-</span> 
     </span>
     <span class='ocr_line' id='line_1_54' title="bbox 1551 2438 2589 2500; baseline 0.001 -12"><span class='ocrx_word' id='word_1_280' title='bbox 1551 2452 1666 2490; x_wconf 86' lang='lat' dir='ltr'>can.</span> <span class='ocrx_word' id='word_1_281' title='bbox 1705 2441 1766 2500; x_wconf 85' lang='lat'>8,</span> <span class='ocrx_word' id='word_1_282' title='bbox 1806 2438 1929 2490; x_wconf 72' lang='lat'>740:</span> <span class='ocrx_word' id='word_1_283' title='bbox 1968 2445 2190 2490; x_wconf 58' lang='lat' dir='ltr'>extremo</span> <span class='ocrx_word' id='word_1_284' title='bbox 2221 2455 2424 2491; x_wconf 80' lang='lat' dir='ltr'>munere</span> <span class='ocrx_word' id='word_1_285' title='bbox 2446 2440 2589 2490; x_wconf 79' lang='lat' dir='ltr'>busti.</span> 
     </span>
     <span class='ocr_line' id='line_1_55' title="bbox 1550 2514 2592 2566; baseline 0.002 -4"><span class='ocrx_word' id='word_1_286' title='bbox 1550 2516 1715 2563; x_wconf 82' lang='lat' dir='ltr'>Nenia</span> <span class='ocrx_word' id='word_1_287' title='bbox 1736 2519 1916 2564; x_wconf 88' lang='lat' dir='ltr'>autem</span> <span class='ocrx_word' id='word_1_288' title='bbox 1941 2516 1993 2564; x_wconf 88' lang='lat' dir='ltr'>h.</span> <span class='ocrx_word' id='word_1_289' title='bbox 2022 2514 2055 2564; x_wconf 91' lang='lat' dir='ltr'>l.</span> <span class='ocrx_word' id='word_1_290' title='bbox 2084 2529 2188 2566; x_wconf 86' lang='lat' dir='ltr'>non</span> <span class='ocrx_word' id='word_1_291' title='bbox 2214 2519 2294 2566; x_wconf 89' lang='lat' dir='ltr'>est</span> <span class='ocrx_word' id='word_1_292' title='bbox 2315 2518 2409 2565; x_wconf 83' lang='lat' dir='ltr'>dea</span> <span class='ocrx_word' id='word_1_293' title='bbox 2431 2517 2592 2565; x_wconf 85' lang='lat' dir='ltr'>Nenia</span> 
     </span>
     <span class='ocr_line' id='line_1_56' title="bbox 1552 2589 2594 2652; baseline 0 -12"><span class='ocrx_word' id='word_1_294' title='bbox 1552 2590 1691 2640; x_wconf 89' lang='lat' dir='ltr'>Festi</span> <span class='ocrx_word' id='word_1_295' title='bbox 1727 2593 1887 2652; x_wconf 84' lang='lat' dir='ltr'>atque</span> <span class='ocrx_word' id='word_1_296' title='bbox 1923 2589 2137 2640; x_wconf 80' lang='lat' dir='ltr'>Arnobii</span> <span class='ocrx_word' id='word_1_297' title='bbox 2172 2590 2228 2650; x_wconf 75' lang='lat'>4,</span> <span class='ocrx_word' id='word_1_298' title='bbox 2266 2592 2322 2639; x_wconf 84' lang='lat'>7:</span> <span class='ocrx_word' id='word_1_299' title='bbox 2361 2591 2414 2640; x_wconf 78' lang='lat' dir='ltr'>in</span> <span class='ocrx_word' id='word_1_300' title='bbox 2441 2592 2594 2640; x_wconf 81' lang='lat' dir='ltr'>tutela</span> 
     </span>
     <span class='ocr_line' id='line_1_57' title="bbox 1548 2664 2595 2725; baseline 0.001 -13"><span class='ocrx_word' id='word_1_301' title='bbox 1548 2670 1662 2713; x_wconf 82' lang='lat' dir='ltr'>sunt</span> <span class='ocrx_word' id='word_1_302' title='bbox 1713 2665 1926 2722; x_wconf 82' lang='lat' dir='ltr'>Neniae,</span> <span class='ocrx_word' id='word_1_303' title='bbox 1986 2664 2161 2725; x_wconf 73' lang='lat' dir='ltr'>quibus</span> <span class='ocrx_word' id='word_1_304' title='bbox 2208 2668 2436 2713; x_wconf 57' lang='lat' dir='ltr'>extrema</span> <span class='ocrx_word' id='word_1_305' title='bbox 2482 2671 2595 2713; x_wconf 72' lang='lat' dir='ltr'>stant</span> 
     </span>
     <span class='ocr_line' id='line_1_58' title="bbox 1549 2737 2593 2801; baseline -0.001 -12"><span class='ocrx_word' id='word_1_306' title='bbox 1549 2746 1790 2801; x_wconf 83' lang='lat' dir='ltr'>tempora.</span> <span class='ocrx_word' id='word_1_307' title='bbox 1862 2737 1994 2788; x_wconf 84' lang='lat' dir='ltr'>Nihil</span> <span class='ocrx_word' id='word_1_308' title='bbox 2059 2740 2201 2787; x_wconf 83' lang='lat' dir='ltr'>enim</span> <span class='ocrx_word' id='word_1_309' title='bbox 2264 2740 2593 2788; x_wconf 72' lang='lat' dir='ltr'>invenustius</span> 
     </span>
     <span class='ocr_line' id='line_1_59' title="bbox 1551 2812 2592 2876; baseline 0 -13"><span class='ocrx_word' id='word_1_310' title='bbox 1551 2814 1728 2872; x_wconf 86' lang='lat' dir='ltr'>esset,</span> <span class='ocrx_word' id='word_1_311' title='bbox 1780 2825 1943 2876; x_wconf 87' lang='lat' dir='ltr'>quam</span> <span class='ocrx_word' id='word_1_312' title='bbox 1977 2814 2021 2862; x_wconf 88' lang='lat' dir='ltr'>si</span> <span class='ocrx_word' id='word_1_313' title='bbox 2057 2812 2193 2862; x_wconf 89' lang='lat' dir='ltr'>duae</span> <span class='ocrx_word' id='word_1_314' title='bbox 2230 2812 2391 2873; x_wconf 87' lang='lat' dir='ltr'>deae,</span> <span class='ocrx_word' id='word_1_315' title='bbox 2447 2814 2592 2863; x_wconf 74' lang='lat' dir='ltr'>Musa</span> 
     </span>
     <span class='ocr_line' id='line_1_60' title="bbox 1551 2886 2590 2950; baseline 0 -14"><span class='ocrx_word' id='word_1_316' title='bbox 1551 2890 1606 2936; x_wconf 88' lang='lat' dir='ltr'>et</span> <span class='ocrx_word' id='word_1_317' title='bbox 1655 2887 1844 2944; x_wconf 88' lang='lat' dir='ltr'>Nenia,</span> <span class='ocrx_word' id='word_1_318' title='bbox 1905 2888 1974 2936; x_wconf 88' lang='lat' dir='ltr'>ita</span> <span class='ocrx_word' id='word_1_319' title='bbox 2026 2886 2126 2936; x_wconf 87' lang='lat' dir='ltr'>sibi</span> <span class='ocrx_word' id='word_1_320' title='bbox 2177 2889 2590 2950; x_wconf 86' lang='lat' dir='ltr'>opponerentur.</span> 
     </span>
     <span class='ocr_line' id='line_1_61' title="bbox 1551 2961 2589 3026; baseline -0.001 -14"><span class='ocrx_word' id='word_1_321' title='bbox 1551 2961 1862 3026; x_wconf 64' lang='lat' dir='ltr'>(Reti-actare</span> <span class='ocrx_word' id='word_1_322' title='bbox 1919 2964 2002 3012; x_wconf 88' lang='lat' dir='ltr'>est</span> <span class='ocrx_word' id='word_1_323' title='bbox 2058 2981 2082 3006; x_wconf 76' lang='lat' dir='ltr'><em>a</em></span> <span class='ocrx_word' id='word_1_324' title='bbox 2105 2975 2245 3010; x_wconf 88' lang='lat' dir='ltr'>nunc</span> <span class='ocrx_word' id='word_1_325' title='bbox 2301 2974 2589 3021; x_wconf 80' lang='lat' dir='ltr'>renovare,</span> 
     </span>
     <span class='ocr_line' id='line_1_62' title="bbox 1553 3037 2593 3100; baseline 0.003 -15"><span class='ocrx_word' id='word_1_326' title='bbox 1553 3037 1807 3087; x_wconf 86' lang='lat' dir='ltr'>imitando</span> <span class='ocrx_word' id='word_1_327' title='bbox 1864 3038 2163 3100; x_wconf 84' lang='lat' dir='ltr'>exprimere</span> <span class='ocrx_word' id='word_1_328' title='bbox 2221 3039 2274 3086; x_wconf 83' lang='lat' dir='ltr'>et</span> <span class='ocrx_word' id='word_1_329' title='bbox 2329 3037 2593 3099; x_wconf 86' lang='lat' dir='ltr'>quodam—</span> 
     </span>
     <span class='ocr_line' id='line_1_63' title="bbox 1552 3111 2591 3174; baseline -0.001 -12"><span class='ocrx_word' id='word_1_330' title='bbox 1552 3112 1714 3162; x_wconf 87' lang='lat' dir='ltr'>modo</span> <span class='ocrx_word' id='word_1_331' title='bbox 1749 3115 1997 3174; x_wconf 86' lang='lat' dir='ltr'>repetere</span> <span class='ocrx_word' id='word_1_332' title='bbox 2030 3111 2310 3163; x_wconf 88' lang='lat' dir='ltr'>Simonidis</span> <span class='ocrx_word' id='word_1_333' title='bbox 2341 3114 2591 3172; x_wconf 88' lang='lat' dir='ltr'>carmina,</span> 
     </span>
     <span class='ocr_line' id='line_1_64' title="bbox 1550 3187 2591 3236; baseline 0 0"><span class='ocrx_word' id='word_1_334' title='bbox 1550 3188 1735 3236; x_wconf 61' lang='lat' dir='ltr'>medei·</span> <span class='ocrx_word' id='word_1_335' title='bbox 1754 3188 1851 3235; x_wconf 84' lang='lat' dir='ltr'>wie</span> <span class='ocrx_word' id='word_1_336' title='bbox 1872 3187 2146 3235; x_wconf 75' lang='lat' dir='ltr'>Simonides</span> <span class='ocrx_word' id='word_1_337' title='bbox 2164 3191 2364 3235; x_wconf 79' lang='lat' dir='ltr'>erto’nen</span> <span class='ocrx_word' id='word_1_338' title='bbox 2381 3187 2591 3236; x_wconf 77' lang='lat' dir='ltr'>tasson.»</span> 
     </span>
     <span class='ocr_line' id='line_1_65' title="bbox 1550 3260 2592 3312; baseline 0.001 -1"><span class='ocrx_word' id='word_1_339' title='bbox 1550 3263 1653 3311; x_wconf 85' lang='lat' dir='ltr'>Pro</span> <span class='ocrx_word' id='word_1_340' title='bbox 1685 3274 1898 3311; x_wconf 80' lang='lat' dir='ltr'>munera</span> <span class='ocrx_word' id='word_1_341' title='bbox 1932 3260 2220 3312; x_wconf 87' lang='lat' dir='ltr'>Chabotius</span> <span class='ocrx_word' id='word_1_342' title='bbox 2254 3262 2306 3310; x_wconf 90' lang='lat' dir='ltr'>in</span> <span class='ocrx_word' id='word_1_343' title='bbox 2338 3261 2506 3311; x_wconf 91' lang='lat' dir='ltr'>Codd.</span> <span class='ocrx_word' id='word_1_344' title='bbox 2533 3274 2592 3312; x_wconf 85' lang='lat' dir='ltr'>se</span> 
     </span>
     <span class='ocr_line' id='line_1_66' title="bbox 1552 3335 2596 3399; baseline 0 -15"><span class='ocrx_word' id='word_1_345' title='bbox 1552 3336 1853 3398; x_wconf 84' lang='lat' dir='ltr'>repperisse</span> <span class='ocrx_word' id='word_1_346' title='bbox 1889 3338 2068 3385; x_wconf 84' lang='lat' dir='ltr'>narrat</span> <span class='ocrx_word' id='word_1_347' title='bbox 2086 3337 2322 3395; x_wconf 77' lang='lat' dir='ltr'>volnera,</span> <span class='ocrx_word' id='word_1_348' title='bbox 2359 3335 2596 3399; x_wconf 88' lang='lat' dir='ltr'>proban-</span> 
     </span>
     <span class='ocr_line' id='line_1_67' title="bbox 1553 3408 2592 3470; baseline -0.002 -11"><span class='ocrx_word' id='word_1_349' title='bbox 1553 3409 1694 3459; x_wconf 88' lang='lat' dir='ltr'>tibus</span> <span class='ocrx_word' id='word_1_350' title='bbox 1719 3411 1818 3459; x_wconf 88' lang='lat' dir='ltr'>HP.</span> <span class='ocrx_word' id='word_1_351' title='bbox 1848 3412 1902 3459; x_wconf 87' lang='lat' dir='ltr'>et</span> <span class='ocrx_word' id='word_1_352' title='bbox 1923 3411 2154 3460; x_wconf 86' lang='lat' dir='ltr'>Bosscha</span> <span class='ocrx_word' id='word_1_353' title='bbox 2170 3449 2181 3470; x_wconf 93' lang='lat'>,</span> <span class='ocrx_word' id='word_1_354' title='bbox 2219 3408 2464 3459; x_wconf 74' lang='lat' dir='ltr'>videlicet</span> <span class='ocrx_word' id='word_1_355' title='bbox 2487 3411 2592 3458; x_wconf 88' lang='lat' dir='ltr'>sic:</span> 
     </span>
     <span class='ocr_line' id='line_1_68' title="bbox 1552 3484 2593 3544; baseline -0.002 -9"><span class='ocrx_word' id='word_1_356' title='bbox 1552 3486 1652 3535; x_wconf 77' lang='lat' dir='ltr'>Cea</span> <span class='ocrx_word' id='word_1_357' title='bbox 1683 3490 1924 3535; x_wconf 75' lang='lat' dir='ltr'>retractes</span> <span class='ocrx_word' id='word_1_358' title='bbox 1953 3486 2163 3535; x_wconf 80' lang='lat' dir='ltr'>volnera</span> <span class='ocrx_word' id='word_1_359' title='bbox 2193 3487 2369 3544; x_wconf 77' lang='lat' dir='ltr'>nenia,</span> <span class='ocrx_word' id='word_1_360' title='bbox 2417 3484 2468 3533; x_wconf 88' lang='lat' dir='ltr'>id</span> <span class='ocrx_word' id='word_1_361' title='bbox 2493 3488 2593 3544; x_wconf 83' lang='lat' dir='ltr'>est,</span> 
     </span>
     <span class='ocr_line' id='line_1_69' title="bbox 1555 3558 2593 3620; baseline 0 -13"><span class='ocrx_word' id='word_1_362' title='bbox 1555 3558 1825 3618; x_wconf 74' lang='lat' dir='ltr'>«refriceS,</span> <span class='ocrx_word' id='word_1_363' title='bbox 1853 3560 2180 3620; x_wconf 84' lang='lat' dir='ltr'>rescindas»,</span> <span class='ocrx_word' id='word_1_364' title='bbox 2200 3562 2259 3608; x_wconf 87' lang='lat' dir='ltr'>ut</span> <span class='ocrx_word' id='word_1_365' title='bbox 2275 3558 2421 3608; x_wconf 82' lang='lat' dir='ltr'>Ovid.</span> <span class='ocrx_word' id='word_1_366' title='bbox 2442 3559 2593 3608; x_wconf 87' lang='lat' dir='ltr'>Trist.</span> 
     </span>
     <span class='ocr_line' id='line_1_70' title="bbox 1553 3633 2646 3694; baseline -0.001 -11"><span class='ocrx_word' id='word_1_367' title='bbox 1553 3634 1612 3693; x_wconf 92' lang='lat'>3,</span> <span class='ocrx_word' id='word_1_368' title='bbox 1669 3635 1721 3682; x_wconf 83' lang='grc' dir='ltr'>Η</span> <span class='ocrx_word' id='word_1_369' title='bbox 1747 3671 1759 3693; x_wconf 91' lang='grc'>,</span> <span class='ocrx_word' id='word_1_370' title='bbox 1817 3635 1897 3684; x_wconf 75' lang='grc'>49.</span> <span class='ocrx_word' id='word_1_371' title='bbox 1970 3635 2198 3684; x_wconf 84' lang='lat' dir='ltr'>Loehrs:</span> <span class='ocrx_word' id='word_1_372' title='bbox 2260 3634 2347 3694; x_wconf 78' lang='lat' dir='ltr'>qui</span> <span class='ocrx_word' id='word_1_373' title='bbox 2391 3633 2599 3682; x_wconf 81' lang='lat' dir='ltr'>volnera</span> <span class='ocrx_word' id='word_1_374' title='bbox 2635 3657 2646 3664; x_wconf 72' lang='lat'><em>,</em></span> 
     </span>
     <span class='ocr_line' id='line_1_71' title="bbox 1551 3706 2596 3771; baseline 0.001 -16"><span class='ocrx_word' id='word_1_375' title='bbox 1551 3709 1713 3756; x_wconf 81' lang='lat' dir='ltr'>cruda</span> <span class='ocrx_word' id='word_1_376' title='bbox 1729 3713 1979 3758; x_wconf 87' lang='lat' dir='ltr'>retractet.</span> <span class='ocrx_word' id='word_1_377' title='bbox 2007 3707 2112 3757; x_wconf 91' lang='lat' dir='ltr'>Sed</span> <span class='ocrx_word' id='word_1_378' title='bbox 2126 3720 2297 3771; x_wconf 88' lang='lat' dir='ltr'>aeque</span> <span class='ocrx_word' id='word_1_379' title='bbox 2312 3706 2596 3766; x_wconf 83' lang='lat' dir='ltr'>reiicienda</span> 
     </span>
     <span class='ocr_line' id='line_1_72' title="bbox 1554 3781 2599 3844; baseline 0 -13"><span class='ocrx_word' id='word_1_380' title='bbox 1554 3784 1639 3831; x_wconf 87' lang='lat' dir='ltr'>est</span> <span class='ocrx_word' id='word_1_381' title='bbox 1685 3782 1819 3832; x_wconf 87' lang='lat' dir='ltr'>haec</span> <span class='ocrx_word' id='word_1_382' title='bbox 1870 3781 2025 3832; x_wconf 85' lang='lat' dir='ltr'>lectio</span> <span class='ocrx_word' id='word_1_383' title='bbox 2076 3785 2234 3844; x_wconf 88' lang='lat' dir='ltr'>atque</span> <span class='ocrx_word' id='word_1_384' title='bbox 2287 3782 2346 3829; x_wconf 89' lang='lat' dir='ltr'>N.</span> <span class='ocrx_word' id='word_1_385' title='bbox 2403 3782 2599 3832; x_wconf 83' lang='lat' dir='ltr'>Heinsii</span> 
     </span>
     <span class='ocr_line' id='line_1_73' title="bbox 1556 3856 2288 3920; baseline 0 -15"><span class='ocrx_word' id='word_1_386' title='bbox 1556 3858 1690 3905; x_wconf 89' lang='lat' dir='ltr'>coni.</span> <span class='ocrx_word' id='word_1_387' title='bbox 1722 3856 1946 3920; x_wconf 71' lang='lat' dir='ltr'>fiunem.)</span> <span class='ocrx_word' id='word_1_388' title='bbox 2269 3889 2288 3896; x_wconf 68' lang='grc'>-</span> 
     </span>
    </p>

    <p class='ocr_par' dir='ltr' id='par_1_15' title="bbox 1554 3930 2600 4294">
     <span class='ocr_line' id='line_1_74' title="bbox 1621 3930 2594 3996; baseline 0.002 -16"><span class='ocrx_word' id='word_1_389' title='bbox 1621 3930 1700 3980; x_wconf 86' lang='grc'>39.</span> <span class='ocrx_word' id='word_1_390' title='bbox 1761 3932 1987 3981; x_wconf 80' lang='lat' dir='ltr'>Dionaeo</span> <span class='ocrx_word' id='word_1_391' title='bbox 2042 3930 2129 3978; x_wconf 73' lang='lat' dir='ltr'>sub</span> <span class='ocrx_word' id='word_1_392' title='bbox 2180 3931 2351 3996; x_wconf 68' lang='lat' dir='ltr'>mitro]</span> <span class='ocrx_word' id='word_1_393' title='bbox 2405 3933 2594 3992; x_wconf 89' lang='lat' dir='ltr'>Dione,</span> 
     </span>
     <span class='ocr_line' id='line_1_75' title="bbox 1554 4003 2598 4064; baseline 0.004 -12"><span class='ocrx_word' id='word_1_394' title='bbox 1554 4006 1778 4055; x_wconf 84' lang='lat' dir='ltr'>Veneris</span> <span class='ocrx_word' id='word_1_395' title='bbox 1813 4007 2013 4064; x_wconf 87' lang='lat' dir='ltr'>mater,</span> <span class='ocrx_word' id='word_1_396' title='bbox 2053 4003 2195 4054; x_wconf 83' lang='lat' dir='ltr'>Iliad.</span> <span class='ocrx_word' id='word_1_397' title='bbox 2235 4019 2280 4064; x_wconf 85' lang='grc' dir='ltr'>ε,</span> <span class='ocrx_word' id='word_1_398' title='bbox 2317 4006 2427 4056; x_wconf 86' lang='grc'><strong>370.</strong></span> <span class='ocrx_word' id='word_1_399' title='bbox 2469 4008 2598 4056; x_wconf 83' lang='lat' dir='ltr'>Hinc</span> 
     </span>
     <span class='ocr_line' id='line_1_76' title="bbox 1556 4075 2592 4151; baseline 0 -22"><span class='ocrx_word' id='word_1_400' title='bbox 1556 4080 1780 4129; x_wconf 83' lang='lat' dir='ltr'>Theocr.</span> <span class='ocrx_word' id='word_1_401' title='bbox 1821 4081 1911 4138; x_wconf 75' lang='lat'>⁴5,</span> <span class='ocrx_word' id='word_1_402' title='bbox 1951 4080 2069 4129; x_wconf 73' lang='lat'><strong>⁴06:</strong></span> <span class='ocrx_word' id='word_1_403' title='bbox 2110 4075 2294 4151; x_wconf 76' lang='grc' dir='ltr'><strong><em>Κύπρι</em></strong></span> <span class='ocrx_word' id='word_1_404' title='bbox 2327 4080 2592 4130; x_wconf 74' lang='grc' dir='ltr'><em>Διωναια.</em></span> 
     </span>
     <span class='ocr_line' id='line_1_77' title="bbox 1556 4154 2588 4218; baseline -0.001 -15"><span class='ocrx_word' id='word_1_405' title='bbox 1556 4154 1663 4203; x_wconf 86' lang='lat' dir='ltr'>Sed</span> <span class='ocrx_word' id='word_1_406' title='bbox 1695 4155 1856 4204; x_wconf 83' lang='lat' dir='ltr'>etiam</span> <span class='ocrx_word' id='word_1_407' title='bbox 1886 4154 2028 4218; x_wconf 88' lang='lat' dir='ltr'>apud</span> <span class='ocrx_word' id='word_1_408' title='bbox 2050 4155 2198 4205; x_wconf 85' lang='lat' dir='ltr'>ovid.</span> <span class='ocrx_word' id='word_1_409' title='bbox 2237 4158 2372 4206; x_wconf 83' lang='lat' dir='ltr'>Fast.</span> <span class='ocrx_word' id='word_1_410' title='bbox 2399 4157 2448 4212; x_wconf 74' lang='lat'>2,</span> <span class='ocrx_word' id='word_1_411' title='bbox 2476 4154 2588 4205; x_wconf 70' lang='lat'>46⁴.</span> 
     </span>
     <span class='ocr_line' id='line_1_78' title="bbox 1560 4228 2600 4294; baseline 0 -15"><span class='ocrx_word' id='word_1_412' title='bbox 1560 4231 1718 4279; x_wconf 74' lang='lat' dir='ltr'>Dione</span> <span class='ocrx_word' id='word_1_413' title='bbox 1761 4228 2056 4294; x_wconf 85' lang='lat' dir='ltr'>appellatur</span> <span class='ocrx_word' id='word_1_414' title='bbox 2096 4232 2208 4294; x_wconf 84' lang='lat' dir='ltr'>ipsa</span> <span class='ocrx_word' id='word_1_415' title='bbox 2244 4232 2437 4281; x_wconf 88' lang='lat' dir='ltr'>Venus.</span> <span class='ocrx_word' id='word_1_416' title='bbox 2513 4231 2600 4280; x_wconf 81' lang='lat' dir='ltr'>Est</span> 
     </span>
    </p>
   </div>
  </div>
 </body>
</html>
