3234 4975
647 389 771 453 636

1151 549 1395 636 lungite
1440 549 1580 616 sata.

1580 395 1836 446 nomm

988 725 1237 792 Fertilis
1283 726 1540 814 frugum
1586 728 1986 814 pecorisque
2032 725 2244 793 Tellus

984 847 1217 932 Spicea
1262 847 1459 914 donet
1501 848 1811 915 Cererem
1854 868 2137 925 corona;

2734 850 2820 912 30

981 967 1275 1034 Nutriant
1319 968 1483 1035 fetus
1528 977 1594 1035 et
1637 989 1852 1056 aquae
1897 967 2193 1034 salubres

1152 1089 1228 1153 Et
1272 1089 1438 1154 lovis
1483 1109 1699 1156 aurae.

984 1264 1254 1331 Condito
1296 1265 1464 1331 mitis
1507 1265 1932 1353 placidusque
1979 1266 2105 1332 telo

988 1385 1330 1473 Supplices
1373 1386 1524 1454 audi
1570 1407 1850 1474 puerOS,
1899 1386 2167 1475 Apollo;

984 1506 1282 1573 Siderum
1330 1507 1553 1595 regina
1595 1507 1923 1580 bicornis,
1971 1507 2153 1583 audi,

1149 1629 1354 1703 Luna,
1402 1627 1651 1715 puellas
1677 1652 1689 1693 ε

2736 1512 2820 1574 35

988 1804 1187 1869 Roma
1232 1803 1283 1867 si
1332 1813 1620 1869 vestrum
1666 1814 1767 1870 est
1811 1824 2019 1892 opus,
2072 1803 2355 1891 Iliaeque

649 2096 752 2144 cet.
772 2117 825 2127 -
853 2090 995 2151 Aliis,
1021 2092 1080 2139 ut
1100 2102 1272 2154 nuper
1300 2091 1559 2152 Steinero,
1583 2090 1703 2156 pla-

649 2168 759 2217 cuit
780 2165 1103 2216 constructio
1118 2163 1353 2229 praelata
1377 2179 1408 2215 a
1422 2165 1697 2229 Lambino,

649 2241 742 2304 qui
764 2242 815 2289 in
831 2240 1230 2295 Commentario
1248 2241 1482 2290 servavit
1504 2241 1703 2291 indica-

650 2317 817 2366 tivum
834 2319 1024 2364 servat:
1047 2315 1279 2377 «lungite
1296 2314 1440 2366 bona
1457 2316 1561 2367 fata
1581 2316 1699 2367 fatis

650 2392 756 2441 iam
792 2390 1049 2454 peractiS,
1097 2390 1241 2452 quod
1276 2390 1496 2454 quidem
1529 2389 1699 2442 semel

650 2466 756 2515 iam
795 2475 827 2513 a
861 2462 1015 2514 vobis
1048 2462 1252 2515 dietum
1285 2468 1369 2516 est
1409 2468 1464 2517 et
1494 2464 1700 2517 stabilis

650 2551 833 2589 rerum
860 2539 1116 2588 terminus
1151 2538 1206 2588 id
1233 2541 1611 2603 servataeque
1647 2541 1701 2591 id

650 2612 757 2663 ullo
790 2615 948 2677 pacto
981 2615 1158 2677 potest
1192 2614 1475 2664 immutari.
1533 2614 1702 2674 Quid-

651 2700 775 2737 nam
810 2686 978 2737 semel
1014 2686 1217 2737 dictum
1260 2690 1380 2737 est‘?
1429 2690 1538 2738 Vos
1580 2690 1701 2739 iun-

651 2765 833 2812 cturas
914 2760 1054 2811 bona
1123 2762 1429 2825 praeteritis
1514 2762 1651 2813 fatis.
1670 2781 1696 2807 n

652 2837 849 2885 Verum
884 2837 963 2886 sic
995 2848 1080 2885 vv.
1115 2848 1318 2885 veraces
1352 2837 1582 2887 existisse
1625 2837 1701 2886 ni-

652 2910 754 2959 mis
788 2908 1012 2972 abrupta
1046 2910 1170 2959 sunt
1202 2911 1258 2959 et
1290 2922 1458 2973 prope
1488 2922 1697 2966 manem

653 2983 795 3047 quid·
839 2981 1055 3032 tandem
1076 3020 1088 3042 ‚
1148 2996 1377 3046 quaeso,
1436 2984 1701 3034 cecinisse?

656 3081 711 3094 -
749 3058 857 3106 iam
879 3055 1119 3120 peractis]
1157 3057 1383 3120 «quibus
1416 3057 1593 3109 adhuc
1626 3057 1701 3108 fe-

652 3130 822 3181 liciter
854 3130 937 3180 usi
970 3143 1211 3181 sumus.»

718 3205 896 3254 29-32.
950 3205 1148 3254 Ponitis
1178 3205 1302 3270 cet.]
1357 3206 1611 3257 «Veteres
1645 3206 1698 3256 in

652 3279 1021 3346 precationum
1047 3278 1284 3330 formulis
1301 3280 1436 3330 haec
1462 3280 1559 3330 tria
1584 3279 1703 3331 seli-

653 3355 823 3405 citatis
868 3354 1168 3414 momenta,
1222 3352 1431 3417 frugum
1480 3354 1701 3405 uberta·

652 3432 780 3490 tem.
814 3428 1044 3479 feturam
1065 3440 1309 3491 gregum,
1334 3431 1700 3479 matronarum

654 3503 1065 3563 secunditatem,
1120 3501 1439 3566 plerumque
1477 3505 1702 3554 coniun-

652 3581 799 3642 gunt.
843 3575 1092 3640 Aeschyl.
1119 3578 1273 3627 Eum.
1300 3577 1413 3627 905.
1451 3576 1698 3641 Sophocl.

651 3652 781 3702 Θεό.
818 3652 942 3714 Tyr.
972 3652 1085 3701 474.
1109 3651 1373 3715 Aristoph.
1402 3653 1522 3701 Pac.
1552 3651 1699 3701 4320.

656 3725 852 3779 Herod.
878 3726 927 3787 3,
954 3726 1071 3776 68.»
1108 3727 1392 3776 Huscnnus
1415 3725 1486 3774 ad
1509 3724 1623 3775 Tib.
1649 3726 1700 3786 2,

656 3802 704 3860 5,
733 3800 815 3849 94.
837 3827 891 3836 —-
912 3799 1353 3861 Fortius-pecoris
1366 3812 1466 3863 per
1481 3812 1705 3862 zeugma

656 3888 754 3938 pro
805 3874 1044 3937 [οσαιαας
1097 3876 1281 3924 contra
1331 3874 1571 3936 fecundus
1603 3887 1703 3939 pro

653 3948 834 4011 fertilis
855 3947 923 3998 de
947 3947 1230 3998 arboribus
1254 3947 1349 3997 Od.
1376 3947 1426 4008 3,
1452 3947 1543 4008 23,
1568 3948 1619 3998 6.
1645 3975 1700 3985 -

660 4021 837 4086 Tellus]
875 4022 1023 4073 Cous.
1062 4034 1252 4073 versus
1287 4020 1468 4085 Sibyll.
1497 4023 1559 4073 40
1582 4036 1700 4085 sq..

660 4098 741 4147 ius
784 4097 1068 4147 iurandum
1112 4095 1335 4161 Philippi
1369 4096 1439 4147 ad
1462 4110 1514 4146 v.
1553 4097 1601 4146 9.
1645 4124 1698 4133 -

661 4173 765 4222 «Sit
817 4170 1026 4234 frugum
1079 4170 1297 4222 ubertas
1348 4173 1403 4221 et
1442 4184 1702 4235 prospera

657 4244 928 4310 pecudum
952 4244 1172 4296 fetura.»
1206 4246 1562 4318 Senon-Hanc
1586 4259 1705 4297 sen·
1739 4293 1742 4302 ,

1776 2094 1996 2144 tentiam
2029 2096 2252 2144 venusta
2289 2093 2514 2155 imagine
2550 2094 2628 2145 sic
2662 2107 2825 2145 exor-

1777 2171 1889 2227 nat,
1927 2168 1988 2217 ut
2019 2166 2193 2218 Tellus
2228 2168 2356 2227 dea,
2394 2168 2506 2231 ipsa
2551 2166 2688 2217 laeta
2722 2181 2820 2218 sua

1776 2240 2038 2291 ier-tilitate
2063 2280 2075 2303 ,
2135 2254 2201 2291 eo
2259 2254 2482 2291 munere
2539 2240 2786 2304 fungatur
2806 2280 2818 2299 ‚

1775 2328 1883 2378 quo
1907 2316 2039 2378 grati
2062 2314 2255 2376 coloni,
2291 2328 2416 2366 cum
2441 2315 2693 2366 Cererem
2717 2318 2824 2380 spi·

1774 2390 1885 2439 ceis
1931 2392 2143 2440 coronis
2184 2392 2401 2448 ornant,
2454 2392 2512 2439 ut
2545 2392 2825 2452 comparet

1775 2465 1935 2515 etiam
1984 2464 2034 2515 in
2075 2464 2397 2528 antiquitatis
2439 2464 2818 2514 monumentis,

1774 2537 2050 2599 Tibulm,
2090 2541 2143 2598 4,
2184 2541 2272 2588 45:
2325 2539 2484 2588 Flava
2516 2539 2688 2599 Ceres,
2734 2540 2822 2588 tibi

1772 2614 1835 2662 sit
1866 2617 2037 2662 nostro
2069 2613 2130 2662 de
2160 2625 2283 2662 mn
2313 2625 2504 2662 corona
2533 2613 2728 2673 Spicea.
2761 2639 2814 2649 -

1771 2687 1914 2752 feteat]
1952 2688 2015 2738 H.
2041 2685 2075 2736 1.
2103 2699 2353 2749 agrorum
2379 2686 2577 2748 fruges.
2616 2686 2724 2736 Cic.
2752 2686 2820 2735 de

1774 2765 1860 2813 Or.
1899 2763 1957 2822 2,
1995 2761 2087 2811 30:
2140 2774 2239 2822 quo
2270 2761 2496 2810 mlieres
2534 2772 2660 2822 ager
2695 2760 2824 2823 fetus

1769 2837 1926 2898 possit
1973 2840 2020 2885 et
2063 2836 2361 2900 mundiores
2404 2835 2561 2884 odere.
2604 2860 2659 2869 -
2695 2835 2824 2884 Iovis

1774 2909 1952 2973 aurae]
2008 2910 2083 2959 Ex
2130 2910 2347 2971 antiquo
2392 2908 2656 2958 sermonis
2689 2919 2817 2968 usu,

1774 2998 1881 3048 quo
1927 2987 2171 3047 tempora
2217 2985 2272 3032 et
2315 2983 2462 3032 varia
2499 2982 2632 3032 caeli
2681 2985 2822 3032 tem-

1773 3059 1950 3123 peries
1985 3061 2039 3108 et
2075 3057 2252 3121 pluvia
2287 3057 2394 3106 lovi
2429 3055 2819 3107 tribuebantur.

1775 3132 1941 3197 Epod.
1978 3133 2036 3190 2,
2072 3132 2161 3180 29:
2221 3131 2442 3180 conanus
2472 3144 2638 3180 annus
2656 3131 2823 3180 hiber-

1773 3220 1870 3257 nus
1888 3207 2033 3256 Iovis.
2059 3205 2204 3255 mad.
2225 3219 2271 3264 ε,
2297 3206 2352 3254 94
2376 3220 2387 3253 ;
2413 3201 2552 3268 Διὸς
2575 3199 2818 3275 ὄμβρος.

1776 3282 1935 3345 Soph.
1972 3281 2142 3342 Antig.
2180 3281 2304 3330 607:
2343 3273 2640 3345 ἀκάματοι
2669 3277 2823 3329 θεῶν

1775 3354 1983 3420 Μῆνες.
2057 3352 2296 3419 Apollon.
2340 3353 2507 3404 Rhod.
2560 3356 2592 3404 2
2613 3393 2626 3413 ,
2687 3355 2817 3404 525:

1775 3426 2001 3496 ἐτήσιοι
2040 3427 2107 3480 ἐκ
2155 3425 2294 3491 Διὸς
2341 3419 2532 3498 αὖραι.
2595 3430 2821 3479 Eumen.

1775 3507 1969 3567 Paneg.
2013 3506 2193 3555 Const.
2239 3503 2328 3553 ⁴3:
2386 3504 2610 3566 Iuppiter
2650 3503 2824 3553 mode—

1775 3584 1925 3628 rator
1960 3591 2227 3627 aurarum.
2282 3578 2470 3639 ltaque
2511 3579 2567 3626 et
2602 3576 2827 3626 adiecti-

1776 3664 1904 3701 vum
1926 3652 2149 3701 salubres
2170 3654 2224 3700 et
2245 3651 2508 3713 genitivus
2527 3652 2670 3701 Iovis·
2680 3654 2736 3702 et
2755 3650 2825 3701 ad

1776 3739 1942 3788 amnas
1959 3726 2107 3776 etad
2130 3738 2289 3775 auras
2307 3725 2593 3776 referenda
2616 3729 2755 3776 suut.

1842 3801 1906 3850 33
1923 3826 1953 3837 -
1971 3800 2064 3856 36.
2092 3800 2297 3850 Condito
2316 3825 2347 3836 -
2368 3825 2398 3836 -
2420 3799 2531 3864 telo]
2569 3801 2827 3850 «Omnem

1776 3877 1987 3940 pestem
2003 3887 2033 3923 a
2050 3871 2249 3939 populo
2267 3875 2504 3924 Romano
2523 3875 2825 3923 avertens.»

1778 3949 1965 4010 Magna
1985 3961 2110 3998 cum
2133 3951 2247 3998 arte
2272 3948 2559 3997 revertitur
2581 3946 2648 3996 ad
2672 3945 2828 4011 Apol-

1777 4021 1967 4084 linem,
2016 4023 2235 4085 Augusti
2270 4021 2550 4072 custodem
2585 4024 2641 4070 et
2674 4022 2826 4083 quasi

1778 4098 1993 4160 genium
2029 4095 2336 4154 tutelarem,
2380 4098 2435 4147 et
2471 4096 2539 4146 ad
2578 4094 2821 4148 Dianam.

1779 4183 2008 4234 quorum
2041 4170 2260 4221 numina
2285 4170 2430 4220 initio
2454 4170 2741 4219 invocarat.
2768 4193 2823 4203 —

1776 4245 1911 4295 mitis
1934 4243 2279 4308 placidusque]
2314 4241 2517 4308 Duplex
2541 4241 2822 4294 ἐπίθετον.
