3234 4975
1235 422 1354 471 LlB.
1394 422 1477 471 111.
1550 423 1607 471 C.
1648 423 1729 472 111.

799 576 1005 641 Sucos
1050 585 1112 641 et
1156 574 1435 642 adscribi
1482 576 1718 663 quietis

2553 581 2636 643 35

887 696 1242 763 Ordinibus
1287 697 1496 783 patiar
1537 697 1830 765 deorum.

717 856 886 919 Dum
927 852 1158 941 longus
1203 855 1367 920 inter
1411 855 1660 921 saeviat
1703 854 1861 920 Ilion

715 978 1113 1062 Romamque
1155 986 1426 1063 pontus,
1477 975 1768 1063 qualibet
1809 976 2070 1043 exsules

805 1098 875 1161 In
918 1105 1101 1184 parte
1145 1107 1455 1185 regnanto
1501 1095 1705 1175 beati;

887 1219 1056 1283 Dum
1098 1218 1332 1284 Priami
1377 1217 1761 1306 Paridisque
1803 1220 1996 1286 busto

2556 1224 2639 1287 40

719 1375 984 1442 Insultet
1026 1386 1385 1442 armentum
1431 1386 1495 1443 et
1538 1376 1787 1443 catulos
1832 1378 2005 1445 ferae

597 1573 678 1624 35.
715 1574 871 1623 Sucos
901 1573 1032 1625 bSc:
1069 1575 1231 1624 Siccus
1261 1575 1326 1633 T,
1364 1575 1548 1624 Succos
1577 1576 1631 1626 Μ
1663 1588 1790 1626 cum
1824 1575 1955 1626 Edd.
1994 1575 2280 1640 plerisque.

469 1749 559 1812 qui
573 1749 723 1799 verbi
742 1750 921 1800 avocere
937 1750 1376 1813 significationem
1392 1752 1517 1802 huic

467 1822 586 1875 loco
620 1825 778 1874 unice
811 1826 990 1888 aptam
1025 1826 1346 1888 ignorarent.

534 1898 616 1947 35.
654 1898 736 1948 36.
785 1904 833 1948 et
865 1899 1099 1964 adscribi]
1132 1902 1191 1950 ln
1225 1900 1309 1950 his
1344 1899 1515 1951 semel

468 1972 804 2022 desideratur
846 1973 900 2022 in
944 1974 1221 2036 iungendis
1257 1974 1517 2025 membris

469 2045 783 2109 aequalitas,
843 2045 1073 2110 alioquin
1130 2050 1320 2099 usitata
1371 2048 1516 2114 apud

469 2120 763 2170 Horatium.
803 2120 977 2185 Haupt
997 2120 1153 2174 Obss.
1182 2124 1321 2172 critt.
1350 2136 1403 2186 p.
1430 2124 1512 2173 3⁴.

470 2195 719 2245 Ceterum
761 2196 976 2244 adscribi
1018 2209 1085 2245 ex
1120 2197 1345 2248 formula
1377 2197 1519 2247 mili—

468 2269 567 2317 tari
601 2281 698 2332 pro
732 2281 818 2318 vv.
856 2270 1072 2332 admitti,
1112 2272 1249 2322 addi.
1291 2299 1346 2308 -
1383 2273 1518 2332 quio-

468 2343 530 2391 tis
577 2342 861 2407 Ordinibus]
896 2344 1124 2395 Philetas
1168 2345 1345 2395 Bachii
1393 2358 1513 2409 pag.

473 2416 563 2466 36:
602 2409 951 2482 (Ἀθάνατοι)
987 2417 1052 2468 02¹
1084 2421 1130 2468 ‘c'
1167 2419 1227 2470 ἐν
1257 2414 1518 2487 Ὀλύμπῳ

460 2486 780 2542 ”Εκτοσθεν
814 2490 1084 2554 χαλεπῶν
1104 2488 1296 2555 ἀχέων
1319 2493 1519 2558 οἴκους

472 2562 781 2631 ἐκάμοντο.
820 2569 925 2617 Sat.
965 2569 1019 2629 4,
1057 2570 1114 2630 5,
1154 2569 1273 2618 404ι
1311 2571 1425 2619 deos
1446 2571 1522 2618 di-

470 2642 568 2691 dici
600 2654 832 2691 securwn
852 2654 1003 2704 ayere
1024 2655 1219 2691 aevmn.
1257 2641 1411 2692 Silius
1435 2643 1514 2703 ⁴5,

468 2716 560 2766 57:
621 2713 781 2776 Atque
822 2715 956 2764 idem
1003 2714 1211 2779 (deus),
1260 2717 1522 2779 exemplar

467 2790 591 2840 lonis
621 2789 918 2838 mortalibus
961 2790 1099 2850 aovi,
1147 2791 1521 2853 Imperturbata

461 2863 695 2926 placidus
741 2868 870 2913 tenet
913 2863 1020 2912 otta
1059 2870 1236 2913 mente.
1307 2866 1521 2928 Nequa-

468 2950 631 3001 quam
663 2950 822 2998 νει-ο,
858 2940 919 2987 ut
948 2936 1059 2987 volt
1082 2938 1319 2999 Ltibker,
1358 2951 1522 3003 oppo-

470 3012 611 3062 nitur
642 3013 960 3063 seditionibus
994 3025 1043 3063 v.
1083 3014 1164 3063 49.

534 3086 614 3136 37.
653 3085 804 3152 Dum]
843 3087 1177 3138 «Dummodo
1207 3101 1357 3139 mare
1384 3090 1520 3138 tem-

469 3161 763 3225 pestatibus
782 3174 1002 3227 semper
1019 3163 1341 3213 concitatum
1356 3176 1517 3212 omne

469 3235 605 3284 inter
637 3239 927 3300 utrumque
961 3236 1223 3302 populum
1254 3249 1520 3287 commer-

469 3309 611 3359 cium
629 3310 884 3374 impediat
901 3313 1060 3374 atque
1077 3312 1342 3375 rumpat.»
1372 3312 1515 3361 Haec

469 3383 670 3443 omnia,
706 3385 766 3431 ut
799 3386 1217 3435 consentaneum
1243 3386 1351 3446 est,
1389 3389 1520 3448 poe-

467 3457 572 3505 tice
608 3456 945 3519 accipienda,
1000 3456 1267 3518 siquidem
1312 3459 1514 3522 optime

469 3532 623 3579 norat
640 3528 885 3580 Horatius
909 3526 976 3575 ab
1001 3527 1091 3577 Ilio
1113 3543 1251 3581 novo
1273 3534 1512 3593 Romam,

455 3603 593 3652 hinc
629 3602 751 3651 illuc
786 3601 1036 3650 continuo
1076 3603 1333 3665 navigari,
1386 3604 1516 3656 Ilion

469 3680 650 3725 autem
696 3687 914 3738 semper
958 3675 1262 3727 subiectum
1294 3691 1517 3729 mansu-

468 3761 589 3799 rum
640 3749 889 3800 Romanis
940 3748 1261 3799 confidebat.
1325 3754 1514 3803 Moneo

467 3825 688 3888 propter
718 3824 782 3874 H.
818 3823 1161 3888 Peerlkamp,
1199 3837 1307 3887 quo
1340 3827 1514 3877 iudice

468 3899 604 3948 haec
642 3898 818 3949 omnia
862 3899 928 3962 (v.
965 3900 1045 3948 ⁴7.
1082 3900 1298 3949 Gratum
1341 3913 1515 3964 usque

467 3972 536 4022 ad
570 3972 735 4023 finem
774 3973 1050 4036 carminis)
1094 3987 1200 4024 non
1242 3975 1367 4024 sunt
1405 3975 1515 4024 Ho-

465 4047 612 4108 ratii,
648 4046 748 4098 sed
780 4046 996 4098 obscuri
1024 4050 1185 4111 atque
1219 4047 1384 4113 inepti
1418 4045 1514 4096 ali-

467 4122 618 4172 cuius
652 4122 1005 4172 Grammatici.
1053 4123 1128 4173 Ac
1162 4125 1343 4173 tamen
1376 4121 1513 4171 haec

467 4207 813 4260 summopere
863 4196 1107 4247 admirati
1157 4199 1308 4248 erant
1350 4198 1510 4248 etiam

469 4270 705 4321 Lambini
742 4273 797 4321 et
827 4270 1066 4322 Bentleii.

1657 1751 1739 1803 38.
1794 1752 1874 1802 39.
1936 1753 2153 1817 andos]
2208 1755 2497 1816 «Romani,
2551 1757 2643 1819 qui

1591 1839 1761 1889 genus
1813 1826 2079 1878 duxerunt
2111 1841 2142 1878 a
2176 1828 2411 1893 profugis
2462 1831 2645 1880 Troia-

1591 1900 1727 1950 nis.»
1800 1902 2030 1964 (Dictum
2082 1915 2211 1954 sane
2260 1903 2475 1954 videtur
2519 1917 2645 1955 cum

1591 1973 1697 2025 leni
1753 1975 1987 2039 quadam
2047 1976 2424 2041 despicientia,
2484 1977 2644 2028 deam

1592 2051 1868 2112 ceteroqui
1893 2051 2093 2114 optime
2118 2051 2386 2114 decente.)
2411 2080 2465 2088 —
2493 2052 2640 2116 beati]

1594 2121 1874 2174 «omnibus
1910 2124 2102 2188 opibus
2136 2125 2470 2177 affluentes.»

1659 2196 1739 2247 40.
1798 2198 2040 2247 Mami-
2062 2199 2217 2263 busto]
2280 2200 2451 2250 Etiam
2508 2201 2646 2252 haec

1593 2283 1864 2321 nonnemo
1919 2271 2271 2323 calumniatus
2327 2278 2425 2324 est.
2508 2276 2646 2326 Sane

1595 2345 1835 2395 Priamus
1871 2358 1934 2395 ex
1959 2344 2159 2409 volgari
2196 2348 2334 2397 rama
2356 2361 2387 2397 a
2410 2348 2646 2411 Neopto-

1592 2415 1736 2467 lemo
1780 2420 1904 2468 ante
1952 2433 2101 2471 aram
2145 2421 2282 2471 Iovis
2317 2421 2507 2472 Hercei
2542 2423 2643 2474 ob·-

1594 2492 1870 2544 truncatus
1912 2493 2220 2544 auctoribus
2261 2494 2474 2558 Virgilio
2508 2499 2642 2551 Aen.
2732 2510 2743 2526 ¹

1592 2566 1654 2626 (ἰ,
1702 2568 1817 2617 557.
1869 2569 1925 2617 et
1969 2568 2162 2628 Quinto
2205 2569 2501 2632 Smyrnaeo
2549 2571 2640 2633 43,

1593 2639 1709 2690 244.
1749 2654 1855 2691 non
1900 2641 2087 2692 habuit
2129 2640 2381 2704 bustum,
2436 2644 2534 2694 sed
2567 2645 2646 2695 ia-

1594 2716 1705 2765 cuit
1746 2716 1921 2778 inqens
1961 2716 2106 2765 litore
2146 2720 2354 2765 mucias
2381 2717 2645 2770 Avolam-

1594 2800 1690 2849 que
1738 2788 1956 2838 humeris
2003 2794 2157 2851 caput
2205 2793 2253 2840 et
2300 2791 2406 2841 sine
2446 2794 2647 2846 nomine

1591 2876 1803 2924 comum
1863 2861 2203 2914 nihilominus
2254 2862 2480 2929 lyricus,
2539 2868 2645 2920 hoc

1590 2937 1908 3000 praesertim
1951 2938 2005 2987 in
2047 2939 2432 2991 sententiarum
2475 2955 2637 3005 nexu,

1593 3012 1710 3060 sine
1757 3008 1860 3059 ulla
1896 3009 2050 3074 culpa
2084 3024 2388 3064 memorare
2434 3018 2647 3080 poterat

1593 3085 1709 3134 eius
1732 3083 2062 3147 sepulcrum,
2104 3086 2155 3134 id
2180 3089 2278 3148 est,
2306 3086 2502 3152 locum,
2533 3105 2642 3155 quo

1593 3159 1708 3208 eius
1733 3170 1931 3222 corpus
1964 3160 2265 3223 proiectum
2287 3170 2637 3219 remanserat.

1590 3235 1764 3296 Atque
1812 3232 1906 3283 cfr.
1945 3247 2075 3297 prae
2123 3235 2375 3288 omnibus
2407 3241 2636 3305 Antipat.

1591 3306 1699 3357 sid.
1721 3308 1775 3357 in
1791 3307 1999 3358 Anthol.
2020 3308 2126 3358 Pal.
2145 3312 2183 3359 Ι.
2205 3322 2259 3374 p.
2281 3311 2403 3362 344:
2420 3305 2642 3384 ’Ὴρωος

1588 3377 1861 3450 Πριάμου
1913 3377 2086 3445 βαιὸς
2129 3382 2387 3447 τάφος,
2441 3389 2640 3453 quippe

1592 3454 1660 3504 ab
1696 3456 1940 3507 hostibus
1985 3456 2171 3507 iactus,
2212 3484 2268 3494 -
2305 3458 2477 3510 Nolim
2508 3475 2642 3515 vero

1592 3544 1716 3581 cum
1749 3531 1984 3581 Bosscha
2021 3531 2249 3581 «bustum
2268 3532 2453 3583 latiore
2477 3548 2640 3588 sensu

1590 3606 1837 3668 accipere
1866 3606 1935 3654 de
1960 3605 2209 3656 universo
2233 3605 2381 3656 urbis
2403 3608 2635 3672 interitu,

1589 3681 1650 3728 ut
1682 3679 1798 3742 ipsa
1831 3678 1963 3729 urbs
1997 3678 2171 3729 deleta
2201 3678 2421 3730 bustum
2441 3682 2635 3734 Priami

1591 3752 1847 3803 dicatur.»
2512 3755 2519 3762 ’

1655 3827 1735 3878 44.
1770 3826 1990 3891 Ins-uitet]
2025 3828 2097 3877 Ea
2131 3839 2261 3877 sane
2285 3837 2496 3878 summa
2521 3833 2636 3882 erat

1587 3903 1641 3951 in
1688 3905 1961 3952 mortuum
2007 3899 2357 3964 contumelia,
2408 3903 2501 3953 ubi
2545 3908 2634 3957 tu-

1587 3973 1764 4025 mulus
1797 3974 1866 4024 ab
1902 3976 2047 4025 omni
2080 3975 2321 4026 custodia
2356 3978 2426 4027 ita
2454 3978 2637 4031 deser-

1588 4049 1674 4098 tus
1708 4047 1986 4109 manebat,
2023 4052 2083 4099 ut
2114 4050 2332 4114 impune
2364 4052 2546 4104 hostes
2583 4055 2631 4104 ei

1588 4121 1916 4184 insultarent,
1954 4126 2194 4174 armenta
2229 4138 2353 4176 eum
2376 4126 2634 4191 depasce-

1586 4197 1788 4257 rentur,
1828 4197 1971 4247 ferae
1995 4197 2048 4248 in
2072 4198 2324 4251 colustra
2347 4200 2624 4251 haberent.

1585 4270 1881 4334 sophonias
1925 4274 1986 4335 2,
2036 4273 2115 4325 ⁴4.
2166 4273 2234 4324 de
2280 4275 2413 4323 Nino
2463 4272 2624 4324 urbe:
