3234 4975
1222 431 1340 480 Lm.
1381 432 1415 479 Ι.
1487 432 1544 479 C.
1586 432 1644 481 11.

815 588 979 651 Acer
1022 595 1086 651 et
1128 586 1328 652 Mauri
1374 585 1611 673 peditis
1658 597 1992 653 cruentum

1068 705 1286 771 Voltus
1332 706 1396 770 in
1438 704 1723 785 hostem;

816 827 964 892 Sive
1009 837 1248 892 mutata
1292 826 1593 893 iuvenem
1635 827 1842 915 figura

810 946 958 1012 Ales
1006 948 1066 1011 in
1112 947 1302 1013 terris
1345 948 1609 1013 imitaris
1654 947 1860 1014 almae

814 1066 1005 1132 Filius
1050 1068 1279 1144 Maiae,
1327 1068 1576 1154 patiens
1625 1069 1836 1133 vocari

519 1234 600 1285 39.
672 1238 834 1285 Marsi
868 1239 1085 1286 auctore
1120 1238 1175 1285 Τ.
1218 1236 1385 1287 Fabro
1420 1236 1586 1286 Bentl.

2473 432 2553 496 49

2480 713 2561 774 40

382 1387 549 1433 terat:
599 1385 801 1444 «Quem
842 1385 1063 1448 quidem
1114 1385 1243 1434 alias
1297 1387 1438 1434 iuvat
1514 1385 1767 1435 Rhenano
1791 1386 1838 1444 3,
1868 1386 1915 1437 4.
1943 1401 1995 1450 p.
2023 1388 2135 1438 483.
2174 1392 2323 1441 Oxid.
2347 1395 2481 1445 Fast.
2510 1397 2557 1454 6,

383 1457 642 1508 clamor.»
678 1460 902 1510 Profecit
924 1461 1048 1510 hinc
1071 1458 1225 1510 Silius
1245 1461 1291 1518 9,
1320 1459 1433 1510 554.
1512 1458 1635 1508 243:
1685 1465 1730 1508 et
1772 1461 1866 1509 leto
1907 1463 2120 1512 consulis
2161 1479 2327 1516 omnes
2358 1470 2562 1519 Attoniti

387 1533 585 1582 Horatii
622 1536 799 1583 tamen
842 1534 1233 1597 simplicitatem
1277 1547 1439 1596 exag-

384 1619 607 1668 gerans:
642 1608 861 1657 Martem
893 1622 1201 1671 quamquam
1233 1610 1441 1670 lituique

386 1681 631 1743 tubaeque
680 1683 984 1747 Vulneraque
1035 1689 1080 1734 et
1132 1685 1339 1747 sanquis
1393 1688 1439 1732 et

386 1756 582 1804 elmnor
613 1761 658 1805 et
680 1771 829 1806 amia
850 1759 1096 1808 iuvarent.
1125 1786 1178 1794 -—-
1193 1760 1321 1807 leves
1340 1772 1439 1822 ya-

389 1829 497 1879 leae
518 1830 732 1879 Horatio
755 1835 879 1881 sunt
900 1832 1110 1895 politae,
1150 1832 1438 1897 splenden-

390 1906 487 1953 tes.
546 1904 711 1955 Nimis
745 1906 1027 1957 artificiose
1051 1909 1245 1957 Statius
1268 1906 1433 1957 Theb.

389 1977 438 2034 2,
477 1977 589 2027 740.
628 1982 901 2043 usurpavit
922 1994 1018 2045 pro
1043 1982 1264 2042 detritis,
1302 1980 1438 2031 telo—

390 2063 526 2110 rum.
562 2055 707 2115 puta.
746 2054 801 2103 et
833 2053 1126 2117 gladiorum
1163 2056 1372 2107 ictibus.

452 2199 533 2248 39.
592 2201 781 2266 Mauri]
834 2203 946 2252 Hoc
996 2204 1171 2267 ipsum
1215 2205 1436 2256 fortasse

386 2271 668 2335 aliquando
723 2274 932 2326 viderat
986 2278 1037 2326 in
1094 2276 1235 2328 hello
1301 2279 1435 2329 civili

386 2351 567 2411 poeta:
640 2350 911 2401 Romanus
969 2353 1212 2403 confosso
1270 2355 1434 2404 Mauri

387 2435 552 2486 equ0‚
623 2423 766 2474 hunc
826 2427 1041 2488 peditem
1098 2427 1431 2489 reddiderat;

387 2496 648 2549 barbarus
705 2500 1004 2551 truculento
1058 2501 1200 2553 voltu
1254 2506 1308 2553 et
1358 2504 1435 2553 ira

387 2574 637 2624 aestuans
670 2574 880 2625 hostem
917 2576 1116 2626 invadit
1154 2579 1208 2627 et
1250 2576 1435 2627 volne-

386 2650 493 2705 τοῖς
529 2654 762 2697 aventus
784 2651 927 2700 enim
952 2654 1034 2701 est
1056 2665 1274 2702 «cruore
1299 2650 1437 2701 ohli-

387 2723 498 2781 tuS‚
552 2735 870 2786 aspersus»,
925 2738 1031 2774 non
1085 2728 1268 2786 «trux,
1311 2740 1435 2775 sae-

384 2809 535 2845 vus.»
594 2798 692 2856 Qui
725 2791 1066 2863 ἀνάγλυφον
1088 2797 1171 2848 vel
1197 2798 1433 2849 tabulam

384 2868 615 2933 aliquam
634 2872 832 2935 pictam
849 2873 935 2922 hic
953 2872 1292 2924 obversatam
1313 2888 1434 2924 esse

386 2944 599 2994 Horatio
623 2947 1006 3009 existimarunt,
1036 2961 1140 2997 non
1164 2949 1278 2997 sine
1304 2962 1434 2998 cau-

384 3030 441 3066 sa
478 3018 622 3067 Suet.
670 3021 721 3069 in
756 3022 878 3070 Ner.
928 3019 983 3071 44
1026 3020 1293 3085 appellare
1332 3035 1433 3085 po—

384 3092 633 3142 tuissent:
670 3095 807 3143 Nero
840 3095 893 3143 in
926 3096 1102 3145 itinere
1122 3110 1238 3145 cum
1269 3110 1433 3145 anno-

381 3171 529 3216 tasset
565 3168 867 3229 insculptum
885 3174 1200 3219 monwnento
1227 3170 1433 3219 militem

382 3241 587 3291 Galliam
619 3241 683 3290 ab
716 3243 881 3303 equite
901 3244 1126 3293 Romano
1147 3257 1434 3306 oppres-siun

381 3315 515 3362 tratti
547 3314 795 3376 crinibus,
833 3317 902 3364 ad
935 3329 1047 3366 eam
1077 3319 1287 3378 speciem
1319 3318 1433 3367 etri·-

378 3388 489 3436 lm't.
562 3389 731 3451 Saepe
766 3391 948 3439 autem
982 3390 1245 3441 terribiles
1282 3393 1433 3441 erant

380 3463 546 3513 Mauri
582 3464 630 3512 in
655 3462 884 3526 proeliis.
940 3464 1044 3514 Ct'r.
1070 3464 1269 3515 Aelian.
1298 3466 1427 3515 Hist.

382 3550 470 3585 an.
509 3536 590 3598 ⁴4,
627 3540 685 3587 δε
723 3539 838 3587 εἰσὶ
860 3536 923 3589 δὲ
944 3536 1309 3609 Μαυρούσιοι
1331 3541 1431 3589 καὶ

380 3609 551 3661 καλοὶ
590 3613 693 3661 καὶ
731 3610 977 3678 μεγάλοι
1018 3615 1117 3663 καὶ
1158 3609 1430 3684 ἀνδρικὸν

381 3679 563 3755 ὀρῶσι
597 3686 738 3750 (acer
766 3688 965 3750 voltus).
1011 3690 1144 3752 App.
1182 3690 1240 3738 B.
1280 3690 1338 3738 C.
1378 3690 1425 3747 4,

379 3764 468 3811 5οε
508 3758 825 3811 συνιόντων
858 3759 971 3812 τῶν
999 3759 1279 3833 στρατῶν,
1315 3762 1429 3812 Γα-

381 3831 558 3900 λάτης
598 3830 749 3906 ἀνὴρ
788 3836 1021 3902 μεγέθει
1060 3838 1241 3902 μένας
1285 3851 1428 3924 {¹0⁰-

378 3906 613 3979 δραμών
672 3904 1053 3981 προύκαλεῖτό
1111 3925 1239 3962 τινα
1303 3912 1427 3960 Ρω-

377 3986 566 4048 μαίων
621 3983 682 4047 ἐς
734 3981 965 4050 μάχην,
1024 3979 1104 4047 ὥς
1148 3983 1194 4033 δ’
1247 3980 1427 4035 αὐτὸν

379 4052 637 4121 ὑποστὰς
676 4055 1045 4130 Μαυρούσιος
1088 4051 1237 4130 ἀνὴρ
1277 4058 1426 4129 βρα-

379 4129 487 4195 χὺς
518 4125 789 4195 ἔκτεινεν,
825 4132 1198 4200 ἐκπλαγέντες
1220 4135 1282 4184 οἱ
1310 4135 1423 4184 Γα-

1510 1534 1726 1582 Mauras
1773 1536 2078 1596 pertimuere
2124 1551 2320 1589 mnus.
2409 1544 2557 1594 Coni.

1509 1607 1673 1655 Marsi
1733 1608 1840 1669 (cfr.
1888 1609 1983 1658 Od.
2029 1611 2078 1668 Ξ,
2133 1612 2215 1672 20,
2275 1615 2354 1664 48.
2414 1617 2555 1680 Virg.

1512 1682 1701 1744 Georg.
1740 1684 1789 1743 2,
1830 1684 1958 1733 467:
2019 1699 2174 1748 qenue
2214 1701 2334 1737 acre
2372 1691 2557 1752 vinem,

1509 1755 1734 1812 Marsos,·
1771 1758 1823 1805 et
1856 1758 2200 1820 proverbium
2232 1761 2299 1810 ab
2325 1765 2559 1827 Appiano

1513 1832 1869 1879 memoratum
1905 1833 1960 1881 B.
1990 1833 2046 1882 C.
2076 1835 2123 1893 4,
2151 1833 2262 1884 46>
2287 1830 2422 1886 οὔτε
2455 1854 2561 1887 κα-

1510 1896 1583 1949 τὰ
1626 1899 1879 1972 Μάρσων
1929 1899 2066 1956 οὔτε
2115 1901 2256 1959 ἄνευ
2308 1908 2562 1981 Μάρσων

1510 1977 1779 2040 γενέσθαι
1801 1978 2109 2047 θρίαμβον)
2137 1983 2218 2031 vix
2244 1984 2401 2046 digna
2426 1991 2558 2047 erat,

1510 2063 1650 2113 quae
1703 2054 1779 2101 tot
1829 2053 2062 2105 fautores
2106 2058 2388 2120 inveniret,
2437 2075 2562 2112 cum

1510 2126 1808 2176 Marsorum
1864 2130 2092 2179 otiosum
2147 2145 2367 2194 prorsus
2419 2140 2563 2186 esset

1508 2197 1776 2249 ἐπίθετον
1813 2204 2017 2263 peditis,
2073 2205 2218 2267 quod
2263 2208 2313 2256 in
2358 2210 2556 2268 Meum,

1511 2288 1575 2322 ex
1610 2288 1751 2337 equo
1795 2277 2019 2336 deiect0‚
2063 2292 2222 2330 secus
2259 2285 2356 2332 est.
2428 2283 2559 2332 Vide

1510 2350 1727 2398 ExcurS.
1768 2351 1827 2399 ΙΙ.

1573 2422 1750 2473 44-44.
1789 2425 2030 2490 iuvenem]
2067 2440 2143 2476 ιι..
2184 2429 2361 2479 tamen
2391 2442 2560 2482 annos

1509 2499 1709 2546 natum.
1743 2524 1797 2534 —·
1833 2501 2048 2564 mutata]
2086 2496 2238 2564 εἶδος
2270 2497 2555 2569 ἀμείψας.

1512 2597 1568 2605 -
1601 2572 1730 2634 Ales]
1786 2574 2137 2636 cogitandum
2188 2576 2257 2625 de
2314 2579 2559 2630 Mercurii

1508 2643 1763 2694 talaribus
1797 2649 1957 2708 atque
1993 2647 2089 2697 alis
2113 2651 2164 2697 in
2198 2653 2405 2711 petas0.
2461 2654 2559 2702 Mi-

1509 2731 1629 2767 rum
1662 2718 1939 2782 permultis
1974 2724 2056 2769 est
2091 2723 2280 2782 visum,
2320 2736 2417 2772 cur
2437 2724 2560 2775 ulti—

1508 2805 1629 2841 mae
1663 2796 1843 2855 partes
1877 2796 2097 2855 Augusti
2131 2795 2216 2844 dei
2251 2795 2420 2847 forma
2455 2801 2561 2849 Ro-

1508 2866 1682 2915 manis
1712 2868 2125 2917 commendandi
2149 2870 2432 2921 mandatae
2456 2874 2560 2924 sint

1506 2941 1794 3000 Mercuri0‚
1848 2954 1972 2990 cum
2007 2941 2091 2992 ille
2126 2942 2348 3006 Apollini
2381 2949 2557 3009 potius

1506 3028 1565 3065 se
1585 3013 1946 3075 assimuasset,
1974 3017 2064 3079 qui
2081 3020 2366 3080 propterea
2385 3022 2558 3084 primo

1505 3087 1624 3138 loco
1680 3092 2025 3139 memoratur.
2108 3092 2213 3141 Sed
2264 3093 2557 3147 Mercurius

1506 3165 1589 3213 est
1623 3165 1678 3212 et
1709 3155 1977 3228 ἀκάκητα
2011 3165 2172 3228 atque
2194 3163 2480 3235 ἐριούνιος
2503 3174 2558 3220 et

1504 3234 1728 3305 λόγιος,
1772 3239 2137 3301 prosperitatis
2181 3241 2338 3302 igitur
2371 3248 2557 3294 auctor

1504 3312 1769 3375 simulque
1806 3311 2070 3363 scelerum
2104 3315 2358 3376 expiator,
2397 3317 2556 3368 dissi-

1505 3390 1745 3439 dentium
1788 3386 2092 3436 conciliator
2134 3390 2187 3436 et
2228 3390 2550 3451 pacificator,

1501 3466 1747 3524 interpres
1763 3462 2110 3522 liminumque
2125 3462 2387 3524 devovitque
2405 3466 2550 3525 (Aen.

1506 3539 1585 3597 40,
1614 3538 1754 3597 475),
1785 3535 1984 3597 pacifer
2006 3534 2153 3583 Ovid.
2176 3536 2298 3584 Met.
2327 3536 2407 3596 44,
2435 3539 2550 3589 294.

1503 3610 1687 3663 Subtili
1707 3611 1878 3672 igitur,
1901 3610 2179 3658 innocente
2198 3610 2379 3658 tamen
2398 3608 2554 3662 laude

1500 3687 1677 3751 potius
1711 3696 1874 3747 quam
1916 3681 2216 3732 adulatione
2260 3681 2363 3730 hoc
2396 3682 2546 3733 dicit:

1502 3761 1608 3809 «Tu
1628 3758 1781 3808 nobis
1805 3770 1910 3806 non
1929 3754 2102 3805 solum
2120 3767 2179 3804 es
2197 3752 2331 3805 alter
2345 3757 2547 3821 Apollo,

1500 3835 1598 3885 sed
1623 3834 1786 3883 etiam
1809 3830 2119 3888 mercuriae,
2158 3829 2463 3881 conciliator
2484 3846 2549 3883 ac

1498 3908 1831 3972 pacificator,
1870 3905 1925 3954 et
1955 3903 2193 3953 mitiores
2226 3902 2332 3954 iam
2366 3916 2547 3958 mores

1499 3982 1665 4032 civilis
1699 3977 1823 4030 belli
1859 3976 2087 4027 ferociae
2126 3975 2456 4029 substituis.»
2487 4007 2541 4015 —

1496 4056 1668 4120 Filius]
1720 4051 1993 4103 Notandus
2044 4052 2395 4102 nominativus
2445 4066 2544 4115 pro

1496 4131 1754 4182 vocativo.
1785 4154 1841 4165 —
1881 4126 2068 4189 Maiae]
2103 4127 2270 4177 Maiae
2302 4124 2409 4175 filio
2448 4138 2544 4175 oo-

378 4203 547 4257 λάται
578 4203 785 4260 αὐτίκα
816 4203 1084 4275 ἔφευγον.
1144 4211 1221 4259 De
1255 4223 1363 4273 quo
1385 4208 1418 4259 l.
1492 4218 1680 4258 ronam
1715 4201 2030 4267 porrigentis
2064 4201 2348 4262 imaginem
2380 4212 2541 4262 prae-

378 4281 499 4331 vide
549 4285 835 4334 Gustavum
879 4283 1101 4334 Schwab
1143 4284 1194 4333 in
1240 4285 1422 4334 Museo
1493 4282 1587 4332 bet
1621 4275 1858 4328 Gerhard
1898 4276 2105 4337 Vaeenq.
2143 4276 2181 4323 1.
2220 4274 2275 4323 Τ.
2319 4273 2448 4323 XIX.
2488 4274 2535 4321 4.
