3234 4975
665 403 790 467 526

1434 404 1692 454 HORATII
1725 404 2064 456 CARmNuu

921 560 1081 637 Iule,
1130 559 1361 625 ceratis
1405 579 1530 645 ope
1574 558 1900 624 Daedalea

920 679 1147 747 Nititur
1191 681 1419 768 pennis
1462 681 1669 746 vitreo
1725 679 1993 745 daturus

1171 801 1439 866 Nomina
1481 811 1698 887 pont0.

920 955 1129 1019 Monte
1173 951 1526 1018 decurrens
1569 950 1746 1016 velut
1807 952 2045 1028 amnis,
2097 952 2335 1019 imbres
2804 959 2845 1019 5

796 1207 844 1256 3.
874 1206 1045 1269 pinnis
1077 1205 1134 1265 B,
1173 1202 1340 1254 Codd.
1380 1201 1558 1252 Bland.

665 1438 871 1489 habens
906 1438 962 1487 et
991 1448 1211 1488 suarum
1233 1436 1428 1486 virium
1451 1436 1507 1485 et
1527 1434 1719 1487 indolis

666 1514 824 1563 totius
858 1512 1071 1562 Latinae
1106 1512 1301 1576 poesis.
1338 1510 1508 1562 Minus
1530 1511 1716 1574 utique

663 1586 902 1651 prudens
953 1586 1047 1636 tuit
1097 1587 1211 1636 eius
1271 1586 1446 1635 iunior
1510 1584 1717 1635 amicus

663 1662 857 1721 Titius,
903 1660 1157 1710 Pindarici
1185 1660 1337 1723 [onus
1368 1659 1456 1720 qui
1486 1672 1588 1709 non
1622 1671 1717 1708 ez>—

658 1734 843 1797 palluit
889 1734 1126 1792 bouum,
1181 1734 1314 1798 Epp.
1352 1733 1409 1792 4,
1445 1732 1504 1794 3,
1543 1732 1630 1783 ⁴0.-
1663 1734 1717 1782 et

664 1806 826 1858 Rufus
846 1804 931 1856 ille
954 1805 1121 1857 ovidii
1146 1820 1212 1856 ex
1234 1808 1400 1857 Ponto
1423 1805 1482 1868 4,
1504 1806 1596 1868 46,
1620 1807 1710 1857 28:

661 1882 963 1931 Pindaricae
990 1881 1171 1944 fidicen
1203 1885 1258 1930 tu
1291 1893 1511 1942 quoque,
1568 1881 1712 1943 Rufe,

662 1956 824 2017 lyrae.
875 1982 928 1991 —
982 1953 1259 2019 annulari]
1314 1953 1487 2004 Probe
1522 1953 1714 2006 distin-

661 2028 871 2092 guenda
921 2027 992 2077 ab
1059 2028 1352 2078 imitatione
1408 2027 1711 2079 aemulatio.

666 2101 793 2153 Plin.
831 2102 964 2165 Epp.
1003 2102 1063 2162 7,
1102 2101 1199 2151 30:
1251 2101 1460 2152 Libellos
1488 2115 1625 2152 meos
1656 2103 1716 2152 de

662 2177 850 2226 ultione
881 2175 1094 2224 Hewidii
1125 2176 1345 2225 orationi
1375 2176 1717 2227 Demosthenis

665 2243 816 2299 κατὰ
850 2246 1086 2300 Μειδίου
1118 2249 1314 2312 confers
1330 2263 1350 2308 ,·
1385 2263 1540 2312 qm
1570 2264 1711 2312 sane,

662 2337 777 2374 eum
830 2336 1174 2386 componerem
1236 2324 1380 2386 illos,
1453 2324 1606 2374 habui
1660 2325 1715 2374 in

661 2397 919 2458 manibus,
954 2410 1056 2448 non
1087 2402 1145 2448 ut
1185 2399 1473 2448 aemularer
1505 2397 1714 2462 (impro-

662 2473 780 2524 bum
822 2473 954 2524 enim
987 2487 1050 2523 ac
1073 2487 1237 2536 paene
1267 2472 1536 2538 Mosam)
1552 2512 1571 2536 ,
1630 2474 1715 2523 sed

662 2553 835 2598 taenea
868 2548 1100 2598 imm
1132 2553 1180 2598 et
1208 2561 1458 2610 sequerer.

727 2624 776 2672 2.
812 2622 933 2687 Iule]
968 2621 1111 2673 Iulus
1148 2620 1296 2685 (salso
1331 2623 1385 2672 in
1408 2621 1541 2673 Cod.
1570 2622 1709 2674 Med.

662 2696 826 2746 Tacit.
880 2698 1014 2746 Anu.
1051 2694 1108 2758 4,
1145 2693 1228 2746 44.
1293 2691 1359 2746 et‘
1393 2695 1536 2760 apud
1581 2694 1714 2747 alios

662 2770 817 2820 lulius
847 2769 1062 2831 dictus),
1108 2767 1378 2819 insolitum
1413 2770 1518 2821 hoc
1552 2782 1715 2833 prae-

664 2857 859 2895 nomen
893 2843 1060 2907 gessit
1089 2842 1315 2893 inditum
1347 2856 1380 2893 a
1413 2844 1567 2909 patre
1590 2882 1602 2905 ,
1656 2845 1717 2893 ut

662 2916 999 2978 ostenderet,
1037 2926 1097 2966 se
1132 2929 1231 2980 per
1254 2920 1485 2969 matrem
1507 2916 1712 2979 Iuliam,

663 2992 719 3041 L.
756 2989 869 3041 Iulii
915 2990 1158 3041 Caesaris
1202 2989 1367 3041 filiam
1389 3029 1401 3052 ,
1455 2992 1714 3055 attingere

663 3066 881 3127 gentem
898 3063 1041 3115 illam
1061 3064 1355 3116 demissam
1376 3065 1446 3116 ab
1463 3067 1711 3127 Ascanio,

661 3139 890 3188 orciniam
904 3151 1175 3201 cognomen
1189 3139 1319 3200 Iulo,
1345 3140 1487 3203 Virg.
1508 3142 1640 3191 Aen.
1664 3141 1712 3201 4,

662 3212 778 3262 267.
797 3212 934 3273 288„
960 3211 1054 3262 ubi
1072 3214 1273 3263 Graeca
1289 3214 1714 3277 pronuntiatione

664 3288 748 3338 est
778 3299 976 3336 nomen
1017 3285 1384 3350 trisyllabum,
1419 3287 1507 3337 hic
1534 3288 1716 3338 Latina

660 3359 1005 3424 bisyllabum.
1075 3359 1368 3426 Appellatio
1402 3364 1583 3412 autem
1616 3374 1718 3425 per

660 3448 993 3502 praenomen
1009 3436 1201 3499 poetae
1220 3434 1571 3486 familiai-item
1589 3448 1715 3486 cum

662 3510 865 3562 iuniore
900 3511 1075 3561 amico
1109 3509 1321 3561 indicat.
1359 3510 1714 3573 Frigidissima

663 3587 849 3637 contra
886 3586 970 3636 est
1002 3585 1104 3635 ΗΡ.
1143 3585 1375 3648 suspicio
1409 3585 1520 3645 Ille,
1575 3597 1714 3647 quae

662 3660 707 3710 si
741 3657 900 3709 stulte
938 3659 1156 3709 Horatio
1200 3670 1437 3721 unquam
1480 3656 1717 3722 placuis-

661 3734 773 3793 set,
826 3745 1100 3796 nunquam
1155 3732 1435 3782 transisset
1489 3732 1542 3781 in
1592 3733 1713 3781 [ule.

663 3809 847 3870 Neque
897 3819 1027 3856 vero
1078 3804 1205 3856 illud
1256 3805 1472 3869 argutiis
1524 3818 1715 3869 perse-

662 3878 935 3943 quendum
961 3882 1072 3941 est,
1098 3878 1244 3944 quod
1265 3879 1353 3929 hic
1376 3880 1546 3929 semel
1562 3892 1719 3943 prae-

663 3966 862 4004 nomen
905 3967 937 4003 a
981 3953 1245 4017 gentilicio
1289 3953 1504 4005 nomine
1539 3967 1590 4003 v,
1628 3953 1712 4004 26.

663 4027 931 4087 distraxit,
985 4028 1109 4079 alibi
1141 4041 1273 4079 vero
1323 4027 1434 4091 (Od.
1470 4029 1533 4090 2,
1558 4029 1620 4089 2,
1647 4027 1712 4077 3:

663 4103 834 4164 Crispe
865 4102 1082 4165 Salmei,
1136 4102 1231 4153 Od.
1259 4103 1323 4164 2,
1352 4103 1443 4163 44,
1470 4103 1533 4151 2:
1591 4102 1717 4152 Hir-

656 4179 777 4241 pine
843 4177 1046 4239 Quinti,
1101 4178 1234 4242 Epp.
1284 4178 1342 4237 4,
1384 4176 1447 4237 3,
1492 4177 1556 4225 4ε
1617 4177 1715 4228 Iuli

1795 1433 2039 1485 familiae.
2066 1458 2119 1471 -
2148 1435 2347 1499 ceratis]
2372 1449 2528 1487 «cera
2547 1439 2845 1490 coniunctis

1790 1509 2067 1572 affixisque
2104 1510 2369 1573 corpori.»
2428 1511 2614 1561 Scuot..
2670 1513 2842 1571 Cano,

1791 1580 1901 1646 (mit
1942 1583 2054 1631 dem
2091 1582 2499 1647 Wachsqefieder.
2550 1587 2759 1649 Galum.)
2786 1612 2843 1622 —

1790 1670 1882 1719 ope
1912 1656 2190 1720 Daedalea]
2228 1655 2404 1707 «velut
2436 1661 2550 1710 arte
2587 1657 2698 1720 illa,
2736 1672 2846 1723 qua

1793 1728 2058 1782 Daedalus
2095 1742 2224 1781 usus
2260 1733 2396 1781 est.»

1856 1804 1905 1854 3.
1963 1803 2016 1855 4.
2074 1803 2295 1868 Nititur]
2340 1806 2624 1866 «sustinet,
2685 1805 2847 1857 librat

1790 1891 1850 1928 se
1897 1878 1949 1927 in
2000 1882 2180 1928 aere.»
2255 1878 2395 1941 Virg.
2433 1881 2566 1929 Aen.
2603 1879 2670 1940 4,
2707 1881 2843 1930 252:

1782 1952 1996 2014 paribus
2060 1952 2222 2002 nitens
2286 1952 2535 2014 oyuoouus
2597 1954 2709 2003 alis.
2785 1982 2842 1991 —

1783 2025 1967 2089 vitreo]
2006 2019 2286 2093 «ὑαλίνῳ,
2322 2024 2617 2090 pellucido,
2654 2026 2836 2091 splen-

1790 2101 1916 2151 dido
1953 2099 2321 2165 (kaevstallenſtr
2375 2100 2454 2151 Cr.
2480 2100 2576 2151 Od.
2602 2100 2653 2161 3,
2681 2101 2763 2161 43,
2791 2102 2839 2151 4.

1794 2202 1849 2211 -—
1887 2176 2111 2225 Nomina
2127 2174 2298 2239 ponto]
2335 2177 2394 2225 ut
2416 2188 2481 2224 ex
2504 2173 2705 2237 volgari
2728 2175 2843 2239 opi-

1789 2249 1948 2299 nione
1997 2251 2179 2301 Icarus
2229 2250 2364 2300 mari
2414 2250 2600 2299 Icario.
2683 2249 2837 2299 Ovid.

1788 2323 1939 2375 Trist.
1967 2323 2017 2386 3,
2042 2323 2103 2384 4,
2130 2325 2194 2374 22
2218 2338 2230 2373 :
2270 2324 2359 2387 (ut)
2378 2324 2554 2373 Icarm
2573 2323 2846 2373 mensas

1786 2397 1986 2448 nomae
2032 2400 2193 2463 δίψιοι
2238 2410 2416 2460 equas.
2491 2398 2594 2459 (De
2655 2395 2848 2462 plurali

1784 2473 1993 2523 nornine
2026 2471 2094 2524 cs.
2131 2471 2228 2523 Od.
2264 2471 2323 2533 3,
2350 2472 2444 2533 27,
2471 2471 2574 2535 76.)
2610 2472 2840 2537 Dempta

1790 2548 2055 2612 imagine:
2149 2548 2471 2597 «Summum
2537 2545 2839 2611 periculum

1789 2621 1930 2682 adit,
1976 2634 2047 2670 ne
2072 2659 2085 2680 ,
2128 2620 2259 2671 dum
2294 2619 2547 2670 audacior
2580 2632 2702 2671 esse
2735 2619 2847 2671 volt

1788 2698 1949 2759 atque
1985 2693 2255 2755 sublimis,
2309 2693 2446 2744 adeo
2481 2696 2704 2745 vitiosus
2737 2698 2849 2745 tur-

1789 2768 2052 2833 gidusque
2105 2770 2221 2829 flat,
2280 2771 2342 2818 ut
2374 2781 2561 2819 omnes
2596 2769 2645 2818 ei
2679 2781 2847 2832 expe-

1791 2845 2081 2894 rimentum
2116 2840 2256 2892 male
2291 2842 2520 2893 cessisse
2554 2843 2844 2893 iudicent.»

1855 2918 1904 2967 5.
1942 2915 2123 2980 munis]
2151 2916 2490 2980 Comparatio
2506 2918 2700 2981 poetae
2717 2928 2847 2967 cum

1791 2992 1934 3041 amni
1985 3004 2051 3041 ex
2103 3003 2168 3040 eo
2219 3002 2435 3054 quoque
2488 2988 2802 3054 explicanda
2827 3029 2839 3051 ,

1792 3065 1937 3129 quod
1970 3063 2123 3116 solito
2155 3060 2351 3136 τρόπῳ
2375 3063 2627 3116 dicebant
2656 3067 2847 3129 fimum

1789 3140 2006 3203 ingenii,
2042 3139 2302 3189 orationis.
2342 3140 2453 3190 Cic.
2479 3138 2643 3189 Acad.
2669 3140 2720 3199 2,
2745 3140 2842 3190 38:

1791 3215 1996 3264 Flumen
2059 3215 2304 3264 orationis
2351 3226 2565 3264 auretam
2628 3215 2848 3277 fundens

1790 3288 2104 3346 Aristotelen
2151 3289 2335 3352 sicque
2371 3289 2533 3337 etiam
2564 3289 2693 3351 sons.
2764 3289 2847 3337 lu-

1792 3375 1913 3412 ven.
1957 3363 2047 3422 40,
2092 3362 2216 3412 4⁴8:
2269 3366 2537 3424 utrumque
2569 3362 2768 3425 Lamus
2798 3367 2846 3412 et

1791 3437 2054 3487 exundans
2073 3435 2168 3485 leto
2199 3436 2332 3485 dedit
2359 3435 2547 3499 maenti
2577 3436 2710 3499 fons.
2748 3435 2843 3499 (De

1791 3524 1890 3563 sua
1912 3510 2061 3574 poesi
2094 3510 2208 3574 ipse
2233 3509 2490 3561 Pindarus
2514 3507 2723 3573 olymp.
2751 3510 2839 3569 44,

1792 3586 1840 3635 9.
1876 3583 2122 3635 Boeckh:
2160 3580 2264 3634 νῦν
2296 3580 2512 3647 ψᾶφον
2545 3580 2845 3646 ἑλισσομέ-

1791 3673 1898 3709 ναν
1908 3649 2056 3708 Ὅπα
2077 3654 2238 3723 κῦμα
2253 3652 2644 3711 κατακλύσσει
2662 3650 2842 3725 beon)

1857 3733 2000 3783 6-8.
2038 3730 2201 3795 notas]
2238 3734 2609 3783 «consuetas.-
2666 3727 2838 3780 Manil.

1793 3805 1852 3868 4,
1878 3806 2002 3857 447ε
2039 3805 2673 3871 ηοιίσριρίοπιίαβυηιὶπα
2694 3803 2839 3865 ripis,

1791 3878 1892 3929 sed
1923 3879 2083 3931 Iacob
2116 3881 2297 3942 nuptis.
2355 3907 2411 3915 —
2464 3877 2710 3930 Absurda
2760 3878 2844 3926 est

1791 3951 1985 4004 lectio:
2039 3968 2156 4004 cum
2208 3953 2446 4019 (imbres)
2496 3965 2648 4015 super
2697 3955 2845 4001 notos

1789 4028 1968 4079 saliere
1997 4029 2159 4092 ripas.
2210 4056 2266 4064 —
2300 4026 2501 4091 Fervet]
2539 4027 2713 4089 «ζέει,
2748 4037 2843 4075 ae—

1792 4103 1986 4153 stuat.»
2059 4104 2279 4166 Dionys.
2334 4103 2495 4164 Long.
2549 4099 2639 4161 48,
2683 4102 2749 4153 δ’.
2804 4092 2839 4147 ὁ

1790 4172 2075 4246 Πίνδαρος
2126 4175 2229 4226 καὶ
2284 4169 2319 4225 ὁ
2365 4170 2679 4238 Σοφοκλῆς
2744 4164 2842 4221 ὁτὲ

662 4251 825 4315 Flore)
877 4251 1148 4301 coniunxit
1196 4263 1393 4301 nomen
1451 4251 1624 4312 gentis
1657 4251 1712 4299 et
1788 4247 1898 4314 μὲν
1949 4242 2078 4299 οἷον
2132 4245 2320 4300 πάντα
2360 4246 2736 4314 ἐπιφλέγουσι
2769 4242 2843 4317 τῇ
