3234 4975
634 383 756 446 588

1397 383 1652 434 uoaArn
1690 383 2027 454 CARMINUM

1057 539 1537 626 Stesichorique
1583 558 1815 626 graves
1862 538 2226 614 Camenae;

885 700 1056 773 Nec,
1104 698 1157 764 si
1203 696 1360 784 quid
1405 696 1555 762 olim
1600 695 1752 761 lusit
1794 697 2166 770 Anacreon,

885 819 1136 887 Delevit
1178 829 1395 897 aetas;
1444 818 1646 905 spirat
1689 815 1901 883 adhuc
1945 836 2127 882 amor

2729 815 2804 879 lo

966 942 1325 1026 Vivuntque
1370 938 1695 1005 commissi
1743 937 1995 1004 calores

1052 1060 1311 1129 Aeoliae
1356 1059 1591 1126 fidibus
1639 1058 1914 1147 puellae.

883 1222 1022 1286 Non
1067 1219 1206 1285 sola
1249 1228 1540 1305 comptos
1586 1218 1742 1283 arsit
1785 1215 2058 1284 adulteri

892 1341 1118 1408 Crines
1163 1351 1226 1406 et
1269 1360 1499 1406 aurum
1543 1338 1832 1406 vestibus
1877 1337 2104 1405 illitum

968 1462 1190 1527 Mirata
1232 1460 1619 1548 regalesque
1666 1459 1874 1526 cultus

759 1670 809 1720 8.
847 1669 1169 1720 Stesichorive
1202 1669 1258 1718 B.
1301 1694 1355 1705 —
1398 1669 1475 1717 ⁴5.
1511 1668 1793 1731 regalisque
1826 1668 1992 1719 Bch.

632 1856 835 1917 πολιος
865 1850 971 1916 τᾶς
1001 1849 1228 1917 ζαχόλω
1266 1853 1367 1904 καὶ
1405 1850 1678 1924 βαρυδαι-

628 1944 812 1995 μονος
840 1923 1194 1978 Ἐστάσαντο
1236 1923 1518 1998 τύραννον
1548 1929 1675 1995 μέγ’

630 2005 952 2066 ἐπαινέντες
985 1997 1237 2066 ἀόλλεες.

694 2079 745 2128 8.
792 2078 1175 2141 Stesichorique]
1213 2079 1339 2127 Stat.
1376 2076 1498 2129 Silv.
1536 2080 1595 2139 5,
1624 2078 1672 2140 3,

633 2152 761 2204 ⁴54:
800 2151 1200 2212 Stesichorusque
1234 2151 1399 2214 ferox.
1460 2151 1671 2212 Quintil.

634 2226 940 2288 ⁴0‚⁴,62:
991 2227 1225 2275 maa-ima
1256 2226 1385 2276 bella
1416 2230 1464 2277 et
1494 2227 1679 2276 claris-

628 2302 781 2351 simos
800 2301 989 2351 cecinit
1024 2301 1170 2350 duces
1202 2304 1249 2350 et
1280 2302 1407 2363 epici
1440 2302 1681 2351 caminis

630 2388 787 2425 onera
828 2375 947 2436 lyra
995 2375 1259 2426 sustinuit.
1328 2376 1503 2426 Reddit
1544 2376 1677 2425 enim

624 2449 854 2514 personis
897 2449 952 2499 in
990 2450 1182 2513 ayendo
1219 2449 1369 2499 simul
1405 2449 1678 2512 loquendo-

631 2538 726 2588 que
758 2522 975 2574 debitam
1007 2524 1334 2587 dignitatem:
1370 2536 1478 2586 quo
1511 2523 1677 2574 reter-

630 2600 717 2648 tur
754 2612 806 2647 v.
844 2611 1042 2661 aravos.

694 2673 725 2722 9
748 2699 779 2711 -
802 2672 880 2722 ⁴2.
917 2670 1206 2733 Anacreon]
1258 2671 1333 2722 usi
1355 2670 1484 2733 quid
1507 2669 1678 2722 levio-

630 2747 730 2808 ris,
793 2747 1056 2810 imprimis
1098 2746 1340 2796 amatorii
1380 2746 1677 2808 argumenti

630 2822 924 2871 tractavit.»
948 2823 1168 2884 Propter
1201 2817 1479 2870 nonnullos
1512 2818 1678 2871 lecto-

629 2908 717 2945 res
750 2894 1079 2945 monendum
1113 2893 1279 2954 ᾱιιοο,
1335 2894 1499 2958 ipsius
1532 2895 1677 2945 Ana-

629 2969 860 3019 creontis
909 2981 1001 3019 eas
1052 2968 1328 3018 dumtaxat
1377 2981 1497 3018 esse
1547 2967 1676 3019 reli-

630 3044 811 3107 quias,
866 3055 1000 3106 quas
1048 3055 1223 3106 nuper
1272 3042 1437 3093 edidit
1469 3043 1669 3094 Theod.

627 3117 814 3178 Bergk.
853 3116 1060 3179 Lipsiae
1083 3114 1230 3166 ⁴834.
1267 3118 1321 3166 et
1343 3118 1669 3168 Schneidew.

629 3191 683 3240 in
714 3187 946 3240 Delectu
996 3190 1137 3248 cet.;
1208 3189 1491 3241 subditicia
1539 3205 1672 3242 vero

630 3263 822 3315 Odaria
857 3260 940 3312 illa
973 3276 1004 3312 a
1026 3263 1290 3325 Stephano
1324 3265 1555 3328 primum
1590 3279 1676 3316 re-

627 3341 797 3404 perta.
827 3365 883 3374 —
919 3339 998 3388 De
1032 3337 1167 3389 miro
1189 3338 1410 3389 Aci-onis
1439 3338 1669 3391 scholio:

630 3417 940 3464 «Anacreon
970 3413 1150 3461 autem
1173 3413 1417 3474 Satyram
1441 3415 1670 3478 scripsit,

627 3488 834 3539 amicus
868 3486 1143 3548 Lysandri.
1181 3485 1278 3537 Alii
1303 3487 1500 3549 dicunt,
1529 3487 1672 3551 quod

630 3560 843 3625 scripsit
909 3560 1101 3610 Circen
1151 3562 1207 3610 et
1261 3560 1563 3625 Penelopen
1621 3562 1674 3610 in

625 3649 734 3686 uno
766 3634 1121 3685 laborantes.»
1160 3635 1273 3697 (Od.
1296 3636 1316 3684 4
1340 3672 1353 3696 ,
1373 3635 1461 3697 47,
1484 3635 1547 3685 49
1569 3634 1672 3697 sq.)

628 3710 721 3761 cfr.
776 3709 947 3772 Bergk
996 3711 1187 3760 Anacr.
1234 3722 1353 3773 pag.
1393 3711 1471 3760 ⁴2.
1525 3710 1671 3761 Bode

630 3784 798 3836 Gesch.
835 3786 925 3834 der
955 3798 1035 3848 qr.
1071 3785 1238 3834 Poesie
1270 3785 1329 3844 2,
1357 3785 1444 3844 ⁴9,
1469 3785 1519 3834 2.
1548 3797 1669 3848 pag.

627 3859 742 3909 360.
801 3885 855 3894 —-
913 3858 1103 3923 spirat]
1148 3859 1234 3909 Sic
1268 3858 1567 3910 Simonides
1603 3858 1671 3909 de

628 3933 959 3982 Anacreonte
1010 3933 1165 3983 Anth.
1217 3930 1322 3982 Pal.
1360 3934 1399 3982 1.
1447 3946 1500 3997 p.
1538 3932 1668 3982 3⁴3:

612 4000 711 4068 Ὃς
745 4003 1011 4075 Χαρίτων
1035 4007 1302 4058 πνείοντα
1323 4005 1490 4072 μέλη,
1517 4008 1674 4058 πνεί-

630 4095 772 4131 οντα
818 4077 866 4128 δ’
896 4075 1153 4151 Ἐρώτων
1205 4076 1318 4131 Τὸν
1368 4077 1579 4148 γλυκὺν
1612 4081 1674 4145 ἐς

630 4153 845 4207 παίδων
896 4153 1094 4225 ἵμερον
1145 4152 1468 4226 ἡρμόσατο.
1556 4158 1665 4208 Cic.

628 4234 769 4282 Brut.
808 4231 906 4283 24:
967 4231 1166 4281 Videtur
1196 4232 1354 4282 Laelii
1383 4246 1518 4283 mens
1566 4234 1671 4296 spi-

1749 1867 1873 1905 rare
1894 1855 2045 1905 etiam
2077 1856 2132 1905 in
2162 1855 2386 1917 scriptis,
2424 1854 2614 1905 Galbae
2634 1860 2803 1906 motem

1748 1931 1826 1980 vis
1848 1930 2096 1980 occidisse.
2160 1928 2355 1980 Gellius
2378 1930 2409 1979 7
2424 1967 2437 1990 ,
2461 1931 2518 1979 5:
2554 1929 2702 1979 Polus
2721 1956 2752 1967 -
2771 1958 2802 1968 -

1751 2004 1967 2066 opplevit
2019 2005 2191 2054 omnia
2210 2030 2241 2041 -
2263 2030 2292 2040 -
2314 2004 2544 2054 lmnenois
2587 2006 2722 2053 ven’s
2753 2011 2802 2056 et

1749 2078 2072 2140 spirantibus.
2129 2105 2186 2115 —
2244 2079 2534 2142 vivuntque]
2587 2079 2798 2143 Sappho

1751 2151 1819 2202 de
1853 2164 1913 2202 se
1949 2154 2063 2215 ipsa
2086 2153 2254 2215 Bergk
2277 2165 2330 2216 p.
2358 2152 2483 2202 6⁴6:
2529 2146 2661 2202 Οὐδ’
2701 2150 2798 2203 ἴαν

1749 2223 2039 2290 δοκίμωμι
2072 2223 2453 2296 προσίδοισαν
2472 2221 2632 2289 φάος
2651 2221 2797 2277 oium

1735 2295 2058 2350 Ἔσσεσθαι
2106 2302 2330 2362 σοφίαν
2380 2296 2669 2370 πάρθενον
2713 2301 2795 2363 εἰς

1751 2370 1960 2425 οὐδένα
1987 2388 2075 2424 πω
2092 2369 2306 2445 χρόνον
2334 2370 2634 2425 Τοιαύταν.
2655 2377 2800 2426 Posi-

1751 2449 1944 2514 dippus
1994 2449 2150 2501 Anth.
2205 2447 2312 2500 Pal.
2365 2450 2427 2499 11.
2484 2461 2604 2514 pag.
2663 2450 2793 2500 780:

1749 2519 1973 2584 Σαπφώ
1994 2559 2010 2586 ,
2067 2523 2171 2574 σαὶ
2217 2520 2280 2573 δὲ
2327 2523 2572 2588 μένουσι
2622 2521 2798 2589 φίλης

1749 2591 1834 2649 οἔτι
1865 2598 1965 2648 καὶ
2007 2599 2316 2662 μενέουσιν
2343 2592 2540 2663 ’.Ωιδῆς
2571 2598 2640 2648 αἱ
2665 2597 2797 2650 λευ-

1750 2672 1848 2723 καὶ
1898 2668 2294 2739 φθεγγόμεναι
2339 2669 2573 2735 σελίδες.
2642 2673 2791 2724 Pind.

1750 2748 1902 2797 Nem.
1958 2745 2015 2808 4,
2070 2748 2137 2796 6:
2189 2741 2373 2811 Ῥῆμα
2416 2744 2462 2796 δ’
2495 2744 2796 2819 ἐργμάτων

1749 2817 2130 2891 χρονιώτερον
2161 2817 2428 2881 βιοτεύει.
2487 2823 2600 2872 Hoc
2638 2823 2796 2886 igitur

1750 2895 1903 2945 dicit:
1944 2896 2282 2946 «Gratissimo
2305 2908 2469 2946 sensu
2492 2889 2814 2947 etiamnunc*

1749 2982 1847 3019 nos
1869 2968 2104 3020 afficiunt
2136 2981 2349 3020 amores
2368 3008 2380 3030 ‚
2417 2983 2556 3032 quos
2579 2971 2794 3035 Sappho

1747 3045 1858 3095 suis
1892 3044 2217 3095 carminibus
2251 3045 2525 3107 tamquam
2571 3058 2795 3096 arcanas

1746 3119 1978 3182 pectoris
2014 3131 2171 3168 curas
2207 3118 2536 3168 concredidit
2579 3119 2702 3181 (Sat.
2738 3120 2790 3178 2,

1748 3193 1804 3254 4,
1840 3191 1905 3241 30
1927 3191 2030 3255 sq.)
2080 3191 2380 3256 iisdemque
2412 3192 2795 3243 admirabiliter

1748 3268 2060 3331 expressit.»
2098 3293 2154 3303 -
2195 3268 2383 3331 Iunge:
2419 3270 2665 3318 commsssi
2680 3270 2795 3332 fidi—

1746 3340 1837 3390 bus
1854 3341 2052 3391 Aeoliae
2076 3340 2333 3404 (Lesbiae)
2353 3343 2552 3404 puellae
2574 3343 2788 3406 (genit.).

1745 3413 1843 3466 Alii
1865 3416 2040 3466 minus
2062 3414 2203 3466 bene
2233 3416 2433 3465 Aeoliae
2457 3417 2657 3478 puellae
2693 3429 2793 3481 pro

1747 3490 1922 3540 dativo
1945 3487 2148 3539 habent
2182 3488 2280 3538 «ab
2304 3488 2484 3540 Aeolia
2507 3488 2734 3554 puella.»

1812 3562 1875 3613 ⁴3
1898 3588 1927 3599 -
1950 3563 2030 3612 ⁴5.
2069 3563 2220 3626 arsit]
2260 3575 2473 3613 namore
2514 3565 2667 3628 capta
2708 3566 2795 3613 est

1747 3637 2018 3700 eleganter
2068 3639 2267 3701 compti
2316 3638 2596 3700 ornatique
2639 3635 2794 3688 adul-

1745 3712 1895 3762 teri.»
1933 3713 2223 3772 construe,
2261 3713 2321 3761 ut
2355 3714 2438 3761 est
2471 3711 2612 3775 apud
2645 3712 2787 3774 virg.

1746 3785 1853 3837 Ecl.
1893 3787 1953 3848 2,
1994 3788 2057 3834 l:
2109 3791 2291 3848 pastor
2323 3787 2554 3847 corydon
2586 3786 2794 3836 ardebat

1745 3861 1958 3911 Aleaein:
2011 3861 2141 3910 arsit
2186 3861 2379 3922 crines,
2433 3872 2514 3910 eos
2562 3860 2752 3909 nstrata
2770 3874 2788 3916 ,-

1747 3948 1855 3986 non
1878 3948 2001 3985 cum
2037 3933 2177 3985 aliis:
2214 3935 2370 3995 arsit,
2394 3936 2586 3984 mirata
2606 3934 2783 3983 crines.

1724 3999 2009 4073 aristoph.
2046 4007 2247 4060 Eccles.
2288 4008 2416 4060 954:
2475 4003 2641 4058 Πάνυ
2675 4003 2787 4076 γάρ

1744 4098 1831 4145 τις
1863 4076 2008 4154 ῗρως
2039 4097 2114 4146 με
2135 4080 2297 4133 δονεῖ
2316 4079 2502 4132 Τῶνδε
2523 4077 2638 4131 τῶν
2671 4078 2792 4130 σῶν

1744 4152 2103 4228 βοστρύχων.
2147 4182 2200 4192 -
2240 4170 2426 4207 aarum
2456 4156 2666 4206 vestibus
2698 4155 2794 4204 itli-

1745 4232 1865 4297 tum]
1901 4232 2063 4282 veluti
2097 4233 2424 4297 inspersum,
2463 4231 2531 4281 de
2553 4228 2791 4280 vestibus
