3234 4975
649 358 774 424 3⁴0

1423 358 1679 409 nonATn
1714 358 2052 409 CARMINUM

903 516 1170 581 Laetum
1201 513 1477 593 ,theatris
1521 522 1620 579 ter
1662 512 1912 599 crepuit
1954 532 2214 578 sonum:

988 635 1087 702 Me
1131 644 1397 701 truncus
1445 632 1711 721 illapsus
1755 631 2030 700 cerebro

1069 753 1459 832 Sustulerat,
1508 754 1632 819 nisi
1676 756 1935 820 Faunus
1981 753 2177 819 ictum

901 877 1138 943 Dextra
1181 874 1491 950 levasset,
1539 872 2015 940 Mercurialium

898 997 1128 1063 Custos
1172 996 1475 1061 virorum.
1564 993 1862 1061 Reddere
1920 994 2208 1060 victimas

2735 973 2818 1061 {30

780 1204 861 1253 26.
918 1202 1114 1252 Festum
1153 1199 1320 1251 Codd.
1365 1198 1486 1263 aliq.
1537 1201 1672 1250 teste
1725 1200 2014 1263 Cuningh.,
2070 1201 2159 1263 qui
2211 1202 2345 1251 coni.
2386 1202 2640 1253 Famam.
2696 1231 2750 1239 —

715 1278 797 1329 27.
834 1277 1059 1339 inlapsu&
1090 1277 1147 1326 T.

649 1462 785 1513 leius
836 1463 1027 1525 iungit:
1089 1462 1404 1522 volucrisque
1450 1460 1562 1510 alas
1615 1460 1698 1523 (et

649 1535 853 1587 babent
898 1536 1066 1588 Codd.
1106 1535 1307 1600 aliquot
1335 1532 1694 1597 volucresque).

647 1611 760 1662 lam
796 1611 892 1662 etsi
937 1610 1150 1661 Ovidius
1192 1613 1251 1661 Α.
1290 1613 1350 1660 A.
1387 1613 1447 1669 2,
1494 1608 1575 1659 45.
1612 1608 1698 1658 di-

648 1684 748 1733 xit:
799 1685 1077 1747 Remiqium
1118 1684 1344 1734 volucres
1385 1683 1600 1745 disponit
1644 1682 1698 1730 in

652 1758 828 1808 ordine
849 1771 1072 1820 pennas,
1119 1759 1204 1807 vix
1238 1760 1369 1822 puto
1405 1757 1695 1814 Horatium,

648 1834 865 1895 poetam
887 1832 940 1882 in
959 1833 1205 1895 epithetis
1224 1831 1515 1896 deligendis
1533 1830 1700 1881 multo

653 1907 947 1956 cautiorem
962 1945 974 1968 ,
1002 1906 1268 1958 dicturum
1291 1907 1454 1958 fuisse
1476 1906 1703 1956 volucres

654 1977 767 2027 alas
810 1991 910 2042 pro
953 1980 1219 2042 celeribus,
1271 1982 1330 2031 ut
1374 1980 1471 2030 Od.
1508 1979 1566 2041 3,
1602 1980 1697 2039 29,

662 2049 755 2100 53:
808 2052 1254 2104 celeres-Pennas.
1291 2055 1431 2118 Virg.
1469 2057 1600 2104 Aen.
1638 2055 1696 2114 5,

655 2123 780 2174 2⁴7:
835 2127 1013 2177 celeres
1053 2142 1212 2191 neque
1255 2133 1526 2180 comovet
1568 2128 1697 2178 alas.

662 2225 716 2234 -
749 2196 1072 2252 Lachmanni
1098 2203 1235 2262 olax
1258 2203 1341 2253 cui
1354 2203 1573 2266 populus
1594 2204 1697 2252 cet

655 2272 881 2324 otiosam
915 2275 1073 2327 infert
1114 2279 1495 2338 narrationem,
1545 2277 1702 2327 nimis

656 2344 976 2399 disiunctum
1018 2364 1049 2401 a
1082 2350 1279 2413 salute,
1318 2365 1481 2416 quam
1516 2354 1703 2402 nactus

658 2423 775 2470 erat
806 2424 1105 2476 Maecenas.
1171 2427 1283 2476 Hoc
1328 2427 1481 2477 dicit:
1539 2429 1704 2476 «tunc

657 2507 783 2545 cum
817 2496 978 2562 impio
1012 2501 1236 2551 Saturno
1271 2503 1488 2565 ereptus
1523 2514 1700 2560 esseS,

656 2568 902 2633 populus,
927 2587 1113 2625 rursus
1129 2576 1386 2640 sospitem
1410 2578 1461 2625 te
1484 2576 1538 2625 in
1559 2575 1705 2625 thea-

656 2644 739 2694 tro
782 2649 1138 2711 conspiciens,
1194 2653 1276 2701 ter
1317 2650 1413 2701 tibi
1453 2649 1701 2714 plausit.-

722 2756 803 2806 26.
842 2763 920 2808 ter
950 2760 1158 2825 crepuit]
1197 2761 1331 2812 «Ter
1351 2761 1490 2812 laeto
1511 2760 1703 2826 plausu

655 2832 709 2879 te
742 2831 971 2895 populus
1013 2836 1247 2899 excepit,
1303 2849 1427 2886 cum
1468 2834 1702 2886 levatum

657 2916 688 2953 a
745 2904 936 2957 morbo
998 2910 1051 2958 in
1114 2910 1322 2959 theatro
1376 2912 1704 2974 conspexit.»

657 2979 874 3042 Propria
908 2982 1011 3033 boc
1034 2988 1134 3045 ter,
1173 2982 1591 3048 haudquaquam
1615 2999 1708 3035 ne-

658 3052 771 3101 scio
795 3066 899 3116 qua
916 3056 1279 3120 metaphorica
1301 3058 1703 3122 significatione,

658 3128 721 3174 ut
773 3126 957 3179 volunt
1011 3130 1244 3182 nonnulli
1262 3171 1274 3193 ,
1332 3134 1705 3197 accipiendum

661 3201 760 3249 est.
790 3200 895 3252 Cfr.
923 3206 1181 3268 Propertii
1203 3205 1379 3259 locum
1404 3207 1535 3259 infra
1559 3210 1708 3273 posi-

662 3274 796 3336 tum,
818 3274 886 3325 de
903 3290 962 3327 re
980 3278 1076 3329 cd.
1099 3280 1147 3340 4,
1166 3281 1249 3342 20,
1270 3282 1319 3332 3.
1345 3283 1563 3345 crepare
1579 3296 1704 3334 cum

661 3351 967 3401 accusativo
1000 3355 1281 3417 poetarum
1305 3358 1403 3407 est.
1463 3359 1703 3422 Propert.

661 3424 721 3485 3,
762 3424 851 3487 40,
889 3424 944 3477 4:
991 3427 1222 3493 (Musae)
1258 3431 1490 3482 manibus
1516 3434 1710 3497 mustos

660 3504 738 3549 ter
769 3513 1008 3564 crepuere
1037 3515 1197 3554 sonos.

725 3612 808 3662 27.
845 3613 926 3664 28.
971 3616 1054 3665 He
1092 3617 1316 3681 mue]
1358 3618 1464 3670 Cir.
1506 3618 1602 3670 Od.
1640 3620 1703 3681 2,

661 3685 742 3736 43.
786 3712 842 3723 ·-
876 3690 1166 3754 sustulerat]
1210 3692 1379 3756 Saepe
1422 3694 1500 3745 sic
1545 3694 1704 3755 actio,

662 3773 826 3824 quam
860 3762 1044 3815 dicunt
1083 3765 1485 3830 hypotheticam
1519 3732 1708 3832 (mnu,

660 3834 836 3899 lisset),
891 3839 1044 3900 quasi
1093 3853 1154 3891 re
1203 3854 1333 3891 vera
1381 3839 1560 3893 locum
1609 3842 1709 3892 ha-

660 3906 891 3972 buisset,
936 3915 1250 3978 exprimitur
1280 3918 1523 3980 tempore
1556 3914 1710 3980 plus-

662 3986 1065 4049 quamperfecto
1100 3991 1245 4042 modi
1279 3991 1561 4042 indicativi.
1614 3991 1711 4041 Ta-

662 4060 749 4108 cit.
802 4062 936 4112 Ann.
990 4062 1046 4125 3,
1109 4064 1197 4116 44ε
1268 4065 1473 4130 Effiqiee
1523 4065 1711 4115 Pisonis

660 4140 932 4190 traxerant
951 4154 1006 4191 m
1029 4140 1295 4191 Gemonias
1313 4154 1377 4190 nc
1396 4138 1706 4199 wellebum,

658 4216 715 4264 m·
757 4214 896 4267 iussu
930 4215 1179 4279 pam-ipis
1211 4219 1468 4277 protectae
1516 4212 1709 4276 repon·-

1768 1465 1947 1521 tueque
1975 1462 2156 1524 forent.
2201 1489 2256 1498 —
2293 1462 2519 1526 Faunus]
2554 1462 2651 1512 Od.
2678 1462 2727 1523 3,
2765 1464 2813 1521 8.

1770 1535 1842 1595 7.‚
1880 1536 1939 1584 ut
1970 1536 2162 1599 poetae
2188 1533 2397 1595 licebat,
2434 1536 2643 1586 Baccho
2666 1549 2819 1587 suam

1772 1611 2235 1660 conservationem
2260 1609 2456 1659 tribuit.
2485 1611 2580 1660 Hic
2594 1612 2817 1674 Faunus,

1770 1682 2023 1734 silvarum
2069 1686 2124 1734 et
2167 1696 2417 1747 agrorum
2466 1684 2631 1746 deus,
2683 1691 2819 1750 poe-

1772 1760 1883 1809 tam
1923 1758 2033 1821 agri
2074 1761 2346 1808 amantem
2384 1760 2544 1821 atque
2579 1757 2822 1811 solitudi-

1775 1845 1870 1882 nes
1910 1830 2141 1882 libenter
2186 1830 2651 1897 perambulantem
2698 1847 2822 1898 pro-

1774 1908 1918 1969 tegit.
1966 1907 2204 1969 (Lucian.
2251 1906 2338 1958 bis
2382 1912 2572 1959 Aecus.
2623 1908 2712 1958 4οῑ
2772 1898 2821 1957 ὦ

1772 1977 1929 2041 Πάν,
1971 1977 2463 2045 μουσικώτατε
2504 1983 2604 2032 καὶ
2637 1979 2822 2047 πηδη-

1774 2051 2049 2106 τικώτατε
2081 2051 2352 2127 Σατύρων
2385 2053 2633 2107 πάντων.
2688 2056 2821 2116 Quia

1773 2125 2213 2264 ,ιῶοιςσικώτατος
2270 2133 2378 2191 est,
2434 2130 2666 2195 protegit
2695 2134 2824 2194 poe-

1830 2217 1857 2254 s

1840 2314 1923 2363 29.
1975 2314 2195 2378 levasset]
2246 2313 2607 2374 «deflexisset,
2661 2327 2821 2363 aver-

1777 2388 1942 2438 tisset.
1964 2405 1989 2432 ιο
2079 2388 2294 2452 Proprie
2355 2390 2438 2438 est
2501 2389 2595 2437 «in
2658 2387 2821 2438 altum

1776 2460 1959 2513 tollere
2006 2463 2200 2524 ictum,
2250 2461 2380 2514 dum
2423 2462 2593 2524 cadit,
2641 2463 2822 2526 itaque

1777 2550 1903 2587 eum
1942 2536 2217 2588 debilitare
2260 2541 2316 2588 et
2357 2536 2618 2602 repellere
2662 2540 2822 2601 atque

1777 2610 2063 2675 impedire,
2112 2613 2398 2675 quominus
2444 2611 2597 2662 feriat
2636 2610 2823 2662 elidat-

1777 2698 1883 2751 que
1940 2687 2242 2745 hominem,
2302 2699 2463 2749 quem
2520 2687 2668 2750 prius
2722 2699 2824 2750 pe-

1775 2761 1975 2812 tebat.»
2026 2787 2081 2796 —
2127 2760 2525 2824 Mercurialium]
2576 2762 2688 2810 Hoc
2733 2772 2826 2809 no-

1777 2836 1920 2886 mine
1955 2837 2316 2885 mercatorum
2362 2834 2673 2885 sodalicium
2708 2837 2825 2884 erat

1779 2912 1977 2960 Romae
2012 2922 2043 2959 a
2079 2909 2337 2960 Cicerone
2371 2909 2441 2959 ad
2475 2911 2535 2970 Q.
2562 2910 2644 2959 Fr.
2672 2910 2732 2969 2,
2769 2910 2819 2959 5.

1780 2987 1835 3035 et
1868 2985 1920 3034 in
1945 2984 2206 3048 Inscriptt.
2234 2984 2370 3034 meis
2394 2985 2503 3033 Lat.
2533 2983 2644 3034 434.
2671 2982 2820 3032 2384.

1780 3060 2154 3110 memoratum.
2242 3059 2337 3108 Hic
2400 3059 2581 3107 autem
2638 3057 2824 3108 festive

1779 3134 1852 3183 ita
1898 3134 2058 3182 vocat
2106 3133 2317 3195 poetae,
2376 3144 2512 3194 quos
2561 3132 2613 3181 in
2665 3130 2825 3182 tutela

1781 3207 1945 3257 habet
1958 3200 2172 3275 Ἑρμῆς
2188 3202 2398 3272 λόγιος.
2436 3205 2677 3256 Philostr.
2698 3207 2821 3257 Her.

1780 3295 1900 3346 pag.
1925 3281 2039 3332 286.
2067 3280 2153 3331 ed.
2180 3282 2411 3343 Kayser:
2455 3281 2542 3343 τὶς
2562 3277 2677 3330 τῶν
2698 3279 2826 3350 παρ’

1774 3351 1987 3427 Ἑρμοῦ
2039 3351 2261 3417 σοφῶν.
2332 3356 2417 3404 Sic
2467 3353 2824 3418 Neoplatonici

1783 3429 1967 3493 (Procl.
2006 3429 2076 3479 ad
2110 3427 2277 3478 Alcib.
2316 3430 2354 3478 Ι.
2380 3441 2433 3492 p.
2462 3427 2574 3478 449.
2616 3428 2823 3491 Creuz.)

1778 3504 1923 3554 viros
1990 3501 2266 3567 praeclaro
2334 3502 2544 3565 ingenio
2612 3500 2828 3565 praedi-

1781 3579 1864 3628 tos
1897 3575 2093 3639 Διΐους
2141 3569 2826 3646 ἅνδρας,1ουἱαὶοε,νο-

1780 3655 1920 3703 cant.
2001 3653 2091 3716 (Et
2148 3650 2389 3703 similiter
2449 3652 2502 3701 in
2557 3643 2828 3721 Ἑρμογέ-

1780 3742 1918 3790 νους
1951 3728 2165 3778 nomine
2203 3725 2337 3776 ludit
2367 3724 2551 3776 Plato·
2539 3738 2590 3774 in
2615 3720 2828 3787 Cratylo

1847 3913 1927 3964 30.
1982 3910 2213 3975 Reddere]
2265 3909 2504 3961 Verbum
2550 3909 2826 3974 proprium

1782 3989 1851 4040 de
1885 3989 2048 4048 votis,
2086 3988 2145 4036 ut
2176 3986 2381 4036 solvere.
2441 3986 2595 4048 Prop.
2632 3985 2695 4043 2,
2732 3982 2822 4040 28,

1781 4063 1871 4115 59:
1914 4063 1985 4113 Tu
2006 4061 2246 4125 quoniam
2265 4073 2340 4122 es,
2364 4072 2480 4110 mea
2499 4059 2619 4118 lue,
2642 4068 2829 4120 maqno

1780 4136 1988 4188 denis-m
2012 4135 2231 4199 periclo,
2273 4134 2491 4184 Munera
2521 4132 2721 4182 Dianae
2749 4130 2830 4179 de·

1781 4212 1886 4261 bita
1916 4212 2066 4262 redde
2099 4211 2286 4260 choros.
