3234 4975
1199 437 1398 488 LlBER.
1472 439 1665 486 CARM.
1710 438 1835 486 vlu.

2456 432 2566 496 69!

839 592 1056 658 Podex
1099 591 1276 657 velut
1319 591 1560 658 crudae
1603 590 1808 656 bovis
1894 605 1907 612 ·

753 712 882 778 Sed
929 713 1143 779 incitat
1185 734 1290 778 me
1335 715 1672 799 pectus'et
1714 731 2030 776 mammae
2076 722 2324 797 putres,

839 834 1086 920 Equina
1131 832 1361 921 quales
1407 832 1643 908 ubera,

757 957 1118 1041 Venterque
1163 953 1372 1019 mollis
1418 965 1482 1019 et
1525 954 1733 1019 femur
1780 950 2169 1017 tumentibus

845 1073 1018 1139 Exile
1065 1074 1233 1139 suris
1277 1073 1569 1139 additum
1593 1074 1606 1137 1

2508 1072 2587 1134 1¹0

759 1196 909 1260 Esto
953 1193 1172 1272 beata,
1221 1195 1410 1260 funus
1455 1204 1650 1281 atque
1697 1193 2007 1280 imagines

837 1317 1089 1381 Ducant
1133 1312 1552 1401 triumphales
1597 1325 1811 1390 tuum,

761 1440 892 1502 Nec
936 1437 1017 1502 sit
1061 1435 1318 1512 marita,
1367 1456 1536 1523 quae
1582 1433 2069 1500 rotundioribus

845 1559 1094 1624 Onusta
1139 1556 1321 1622 bacis
1366 1554 1669 1621 ambulet.

761 1679 963 1759 Quid,
1012 1677 1189 1765 quod
1234 1676 1431 1743 libelli
1478 1675 1673 1742 Stoici
1721 1677 1885 1742 inter
1928 1677 2179 1743 sericos

2526 1676 2593 1741 15

851 1803 1070 1866 lacere
1115 1797 1415 1886 pulvillos
1459 1807 1674 1863 amant
1697 1797 1730 1861 *Ρ

771 1920 1048 1986 llliterati
1096 1942 1249 1984 num
1291 1919 1505 1984 minus
1548 1917 1729 1984 nervi
1774 1918 2017 2005 rigent,

561 2155 640 2205 47.
683 2155 937 2204 Illiceratis
971 2156 1025 2203 et
1056 2154 1281 2217 Mayisve
1316 2165 1441 2202 cum
1462 2153 1647 2201 Guieto
1685 2152 1753 2200 ad
1786 2153 1994 2202 Terent,
2023 2154 2184 2203 Andr.
2223 2154 2288 2216 4,
2330 2156 2375 2203 i.
2416 2166 2533 2203 ma-

493 2226 636 2277 lebat
670 2227 955 2277 Bentleius.

431 2429 601 2479 forme
637 2441 800 2492 quam
825 2429 1118 2479 crassiores
1152 2427 1322 2493 pedes
1346 2428 1478 2478 infra

431 2517 604 2567 genua
628 2517 749 2554 esse
782 2516 946 2567 quam
979 2516 1193 2567 super.»
1231 2505 1478 2552 Poarimi.

500 2579 554 2626 44
585 2603 615 2613 -
639 2576 719 2627 ⁴4.
778 2579 898 2626 Esto
949 2577 1109 2640 beata]
1164 2577 1478 2626 Concessio:

438 2651 593 2700 «Esto
646 2651 891 2713 quamvis
942 2650 1092 2700 dives
1143 2663 1206 2698 ac
1262 2648 1478 2710 nobiliS,

435 2727 595 2786 atque
633 2723 787 2775 funus
823 2727 973 2774 tuum
1009 2724 1333 2788 praecedant
1357 2723 1486 2772 ima-

434 2800 583 2861 gines
606 2799 869 2848 maiorum
892 2801 1131 2859 tuorum,
1170 2798 1258 2861 qui
1294 2799 1484 2848 trium-

434 2874 571 2937 phos
595 2875 869 2936 egerunt.»
907 2874 1168 2936 Imagines
1193 2874 1335 2923 enim
1366 2872 1483 2923 illae

435 2948 598 2996 etiam
633 2949 685 2996 in
721 2949 1087 2997 matronarum
1122 2946 1379 2997 nobilium
1401 2948 1486 2997 su-

437 3020 657 3071 neribus
707 3019 1059 3070 ducebantur.
1123 3021 1229 3071 Cic.
1275 3021 1342 3071 de
1396 3022 1480 3071 Or.

434 3096 493 3156 2,
532 3097 624 3156 55,
662 3096 776 3143 225.
814 3095 1015 3145 Verum
1046 3095 1380 3144 amarissima
1404 3096 1487 3144 est

440 3170 639 3219 funeris
675 3171 784 3218 tam
825 3172 1011 3233 aperta
1047 3169 1245 3218 mentio
1283 3169 1356 3229 (ut
1386 3167 1482 3217 Od.

438 3242 500 3302 3,
528 3245 614 3303 ⁴5,
641 3241 690 3293 4.
730 3241 937 3293 Chloris
958 3247 1161 3292 maturo
1174 3243 1390 3304 propior
1409 3242 1490 3304 Ῑὶι-

434 3315 607 3380 neri.),
663 3329 767 3378 qua
802 3319 1052 3366 monetur
1085 3317 1487 3380 intempestivos

439 3391 544 3438 iam
580 3401 701 3438 esse
737 3390 851 3439 eius
898 3402 1130 3439 amores,
1173 3416 1229 3426 —-
1265 3390 1487 3451 Ducant]

441 3462 546 3512 Cfr.
586 3463 820 3511 Senecae
858 3464 1106 3513 Controv.
1144 3464 1196 3522 4,
1236 3464 1290 3513 6:
1342 3466 1489 3514 Pom—

431 3536 605 3598 peium
627 3535 669 3584 si
701 3536 1035 3585 hereditariae
1056 3536 1344 3586 attulissent
1363 3538 1490 3586 ima-

440 3613 604 3676 gines,
640 3624 784 3660 nemo
804 3614 1050 3675 Maynum
1090 3613 1309 3662 dixisset.
1366 3612 1484 3662 vid.

440 3686 645 3735 Becker
662 3685 838 3735 Gauus
855 3685 964 3748 (Ed.
987 3684 1095 3745 alt.)
1116 3686 1197 3734 ΙΙΙ.
1220 3698 1272 3747 p.
1293 3686 1407 3736 28⁴.
1431 3715 1485 3722 —

438 3759 646 3822 marita]
685 3761 1011 3808 «matronam
1050 3758 1153 3808 Cir.
1183 3758 1367 3809 Catuli.
1396 3760 1458 3809 67
1475 3799 1486 3819 ,

442 3834 502 3883 6:
546 3835 813 3893 Postquam
845 3837 914 3881 est
940 3836 1173 3894 porrecto
1203 3833 1344 3896 sacta
1373 3848 1490 3882 ma—

440 3908 549 3956 rita
580 3920 706 3956 sene.
753 3905 902 3956 ovid.
946 3907 1082 3957 Fast.
1126 3908 1186 3967 2,
1231 3907 1355 3956 ⁴39:
1413 3908 1492 3956 hic

448 3981 677 4044 (Caesar)
729 3985 897 4029 castas
946 3980 1069 4030 duce
1115 3994 1166 4030 se
1212 3981 1344 4030 iubet
1393 3994 1493 4031 esse

439 4056 671 4104 mrim.
711 4056 990 4104 Praeterea
1016 4054 1281 4117 reperitur
1315 4054 1486 4104 subst.

444 4131 497 4180 in
521 4129 724 4193 aliquot
755 4128 1015 4192 Inscriptt.
1041 4127 1180 4177 tertii
1203 4125 1287 4177 vel
1318 4130 1491 4192 quarti

444 4206 567 4268 post
612 4204 734 4254 Chr.
774 4202 956 4254 seculi.
1000 4230 1055 4240 -—
1092 4200 1245 4265 bacis]
1291 4204 1493 4254 Rotun-

445 4278 580 4329 ditas
627 4279 849 4329 uniones
901 4277 1268 4337 commendat,
1332 4280 1390 4327 ut
1440 4280 1494 4327 et

1555 2427 1758 2477 candor
1804 2430 1858 2477 et
1900 2428 2206 2491 magnitudo
2259 2431 2314 2477 et
2352 2427 2502 2478 levor
2548 2431 2602 2477 et

1555 2503 1795 2566 pondus,
1832 2504 1894 2552 ut
1926 2502 2111 2553 scribit
2145 2502 2341 2553 Plinius
2366 2503 2426 2552 H.
2453 2505 2515 2551 N.
2554 2504 2603 2564 9,

1556 2576 1639 2625 35.
1697 2577 1898 2626 «Bacae
1935 2580 2057 2627 sunt
2092 2578 2313 2627 uniones
2365 2590 2463 2627 seu
2492 2590 2611 2638 per·

1557 2650 1660 2698 uli»
1712 2651 1762 2713 (i.
1808 2664 1855 2699 e.
1893 2648 2208 2721 βήρυλλοι,
2262 2651 2387 2700 hinc
2435 2652 2605 2712 perte,

1555 2723 1766 2787 Perlen).
1828 2726 1993 2774 Comi.
2046 2727 2207 2782 Cano.
2254 2750 2309 2760 —
2372 2724 2607 2789 ambulet]

1560 2796 1823 2860 «superba
1881 2799 2090 2848 incedat
2138 2812 2238 2863 per
2285 2797 2486 2862 plateas
2545 2811 2611 2848 ac

1558 2872 1756 2922 vicos.»
1795 2873 1965 2935 Epod.
2009 2873 2068 2934 4,
2112 2876 2171 2923 5:
2210 2874 2344 2922 Licet
2375 2872 2615 2936 superbus

1559 2946 1780 2995 ambules
1804 2949 2041 3008 pecunia.

1627 3021 1794 3069 its-20.
1815 3021 1962 3070 libelli
1978 3022 2130 3071 Stoici
2144 3021 2265 3085 cet.]
2290 3018 2477 3070 «Solita
2497 3024 2616 3071 erat

1557 3095 1692 3143 haec
1742 3092 1905 3144 libros
1955 3094 2391 3159 philosophorum
2446 3096 2607 3145 etiam

1558 3170 1612 3217 in
1654 3167 1805 3218 lectis
1841 3170 2103 3232 repositos
2139 3168 2366 3229 habere,
2421 3171 2482 3218 ut
2513 3169 2613 3217 ad-

1557 3243 1805 3293 veniente
1842 3246 2080 3293 amatore
2105 3243 2381 3294 simularet
2413 3257 2472 3293 se
2498 3243 2612 3307 phi-

1558 3317 1833 3382 losophiae
1885 3318 2133 3378 studere,
2197 3332 2303 3368 non
2353 3316 2609 3367 libidini.»

1562 3394 1731 3442 Coun.
1788 3394 1945 3449 Cano.
2021 3394 2107 3441 «ln
2162 3391 2313 3441 lectis
2370 3389 2610 3441 scribere

1559 3464 1833 3528 librosque
1878 3463 2056 3527 legere
2092 3463 2335 3515 solebant
2375 3464 2606 3513 litterati.

1561 3538 1883 3589 Lecticulam
1926 3536 2341 3587 lucubratoriam
2392 3539 2610 3600 Augusti

1562 3614 1827 3664 memorat
1862 3613 2005 3661 Suet.
2039 3612 2214 3660 OctaV.
2247 3612 2363 3660 78.»
2396 3614 2608 3661 θεων-Βῆ.

1563 3687 1769 3738 Acerba
1790 3688 1972 3735 autem
1997 3686 2233 3734 irrisione
2252 3685 2441 3733 Stoicos
2461 3698 2614 3748 prae-

1564 3762 1718 3826 cipue
1766 3757 1972 3809 libellos
2008 3759 2057 3807 in
2106 3761 2247 3807 tanta
2294 3757 2495 3808 luxurie
2542 3758 2610 3809 ab

1565 3849 1629 3884 ea
1665 3832 1834 3884 evolvi
1871 3834 2014 3883 dicit.
2085 3832 2378 3882 Deficiente
2414 3831 2615 3883 scilicet

1565 3910 1768 3959 formae
1784 3907 2042 3969 elegantia
2062 3905 2252 3956 talibus
2266 3906 2452 3956 studiis
2467 3911 2611 3957 certe

1564 3982 1825 4034 simulatis
1881 3981 2184 4031 huiusmodi
2240 3993 2372 4030 anus
2430 3979 2614 4031 adole-

1565 4058 1779 4106 scentes
1811 4053 2024 4104 allicere
2058 4057 2275 4104 conatae
2301 4067 2420 4105 esse
2456 4056 2616 4104 inter-

1565 4130 1697 4179 dum
1720 4128 1981 4178 videntur.
2021 4129 2285 4178 Sententia
2321 4129 2477 4190 igitur
2499 4129 2609 4177 est:

1567 4202 1814 4253 «Etiamsi
1832 4239 1844 4262 ‚
1880 4202 2333 4266 quemadmodum
2359 4199 2612 4252 Caerellia

1565 4275 1647 4326 illa
1668 4315 1680 4338 ,
1723 4277 1994 4327 Ciceronis
2016 4278 2214 4339 amica,
2249 4274 2612 4340 philosophiae
