3234 4975
1181 365 1300 414 us.
1337 364 1420 412 ιν.
1493 363 1551 413 c.
1590 363 1721 412 vm.
2487 360 2612 423 583

434 523 603 571 ladem
634 521 761 571 Rom
792 522 893 584 aar
917 521 1046 570 diese
1075 521 1521 571 weisevoneinem
1551 520 1775 583 ἄνωρον
1813 518 1984 583 betreit
2021 521 2222 582 unu-de,
2275 521 2365 570 der
2396 533 2448 570 es
2470 520 2619 583 lawe

434 618 598 670 penny
630 604 731 664 auf
755 605 849 654 das
880 603 1230 654 muetzlichste
1260 604 1588 666 heimyeeucht
1619 604 1778 665 hatte,
1823 608 2005 653 maeste
2036 604 2202 653 seinen
2233 604 2452 667 biquem
2482 603 2619 652 recht

433 689 638 752 riihlbar
669 689 898 749 werden,
932 700 1044 737 was
1076 687 1270 749 Scipio,
1324 686 1541 751 obqlelch
1581 686 1818 749 eritremt,
1869 687 1960 749 fiir
1991 687 2062 736 sie
2091 687 2276 750 gethan
2317 686 2467 747 habe,
2513 687 2619 735 aad

436 774 595 823 dieser
631 771 870 823 eindruck
908 784 1028 820 war
1067 772 1322 834 manet,
1374 771 1468 820 das
1509 770 1767 820 andenken
1806 784 1876 819 an
1920 770 2061 820 οὗηοπ
2100 771 2292 820 solchen
2327 769 2621 820 wolilthdter

436 857 536 920 auf
572 857 722 919 lanae
762 855 861 905 neit
899 868 968 904 zu
1011 855 1250 905 erhalten.
1318 855 1406 904 Da
1448 854 1704 903 Hannibal
1733 854 1826 903 mit
1858 853 2175 903 brechendem
2218 854 2398 904 her-zen
2441 853 2618 903 Italion

434 939 635 990 voeliess
670 940 776 988 und
814 939 908 989 mit
944 938 1193 988 wehmum
1235 938 1314 986 dle
1355 937 1523 1000 mem
1555 936 1902 1000 langiahriyer
1935 941 2280 1001 mammona
2312 938 2413 1000 auf
2434 937 2620 987 einmal

435 1024 705 1074 vernichtet
740 1023 883 1073 sehon
924 1027 1132 1083 museto,
1186 1034 1241 1071 so
1288 1022 1438 1071 sumi
1481 1033 1531 1071 es
1570 1021 1682 1070 dem
1724 1020 1911 1070 dicmer
1949 1033 2045 1081 zu,
2092 1020 2219 1070 dlese
2257 1025 2512 1084 ramnunq
2543 1020 2621 1069 als

438 1108 580 1171 eiliye
609 1106 765 1171 tlucht
799 1119 869 1155 zu
912 1105 1200 1156 bezeichnen
1218 1120 1234 1152 :
1287 1105 1417 1154 deun
1446 1104 1571 1154 ohne
1603 1105 1875 1167 cli-inqendo
1910 1104 2031 1153 noth
2061 1105 2195 1154 Mtte
2225 1104 2481 1154 Hannibal
2510 1104 2620 1153 Ita·

439 1192 536 1241 lien
575 1191 658 1241 uie
694 1189 1012 1254 aufyeyeben.
1087 1188 1372 1238 Wiederam
1415 1188 1672 1252 erqldnzte
1705 1188 1917 1250 Scipio's
1962 1188 2111 1237 mlum
2159 1188 2213 1236 in
2245 1188 2340 1237 den
2382 1187 2620 1258 naniam

440 1276 758 1339 Carmaqo's,
811 1273 889 1322 als
933 1274 1087 1323 dieses
1123 1272 1281 1321 durch
1313 1272 1408 1322 den
1438 1272 1654 1335 iilnyem
1686 1272 1855 1333 Scipio
1881 1275 2096 1321 zer-ewra
2122 1271 2329 1321 warde:
2380 1272 2509 1320 demi
2541 1272 2623 1321 die

438 1357 749 1422 meyltchkoit
787 1357 924 1406 datu
955 1368 1072 1405 war
1103 1356 1261 1405 durch
1301 1355 1396 1404 den
1435 1354 1628 1404 alta-en
1661 1354 1944 1417 anqebalmt
1976 1354 2197 1404 worden.
2265 1354 2352 1404 Ale
2397 1354 2622 1404 drittes

438 1442 620 1503 mittel,
675 1442 992 1504 diemossen
1035 1439 1203 1489 maten
1244 1438 1328 1487 des
1367 1438 1535 1500 Scipio
1580 1437 1942 1487 imamlenken
1990 1438 2080 1487 der
2126 1438 2386 1487 menschen
2426 1437 2621 1487 zube-

438 1526 671 1586 wahren,
720 1525 855 1574 wird
896 1524 976 1573 die
1010 1521 1418 1585 verhmvlichana
1458 1520 1707 1571 dev-selben
1748 1520 1905 1570 durch
1935 1520 2131 1569 Ennius
2162 1519 2460 1580 baseio-lutet,
2515 1521 2622 1570 mid

441 1610 620 1659 diesem
650 1607 807 1657 mittel
836 1607 970 1656 wird
998 1619 1093 1655 vor
1125 1606 1220 1654 den
1251 1604 1420 1654 beiden
1453 1605 1648 1654 andern
1685 1605 1990 1667 dervorzuy
2015 1604 2379 1666 elnyerdumt.»
2448 1604 2619 1666 Atque

441 1690 681 1742 similiter
713 1688 1083 1752 Dillenburger
1118 1689 1222 1753 (ed.
1257 1685 1366 1751 alt.)
1400 1686 1469 1737 ad
1504 1700 1556 1738 v.
1596 1686 1688 1737 ⁴3:
1744 1686 1914 1746 «Quid
1963 1686 2068 1736 hoc
2108 1688 2165 1736 et
2211 1685 2619 1749 insequentibus

439 1774 688 1825 versibus
723 1775 882 1838 poeta
914 1772 1095 1823 dicere
1127 1769 1356 1821 voluerit
1371 1808 1383 1830 ‚
1431 1770 1559 1821 satis
1594 1770 1937 1820 manifestum
1971 1771 2078 1831 est,
2118 1769 2371 1819 nimirum
2395 1769 2620 1831 pretium

438 1857 600 1908 dicere
627 1855 842 1905 muneri.
912 1856 1092 1905 nNon
1127 1855 1501 1915 monumenta,
1540 1854 1737 1917 inquit,
1780 1851 1943 1904 titulis
1991 1851 2204 1917 publice
2237 1852 2515 1917 inscripta,
2551 1865 2621 1903 ne

440 1942 588 2005 ipsae
623 1939 843 2003 quidem
875 1950 1102 2001 magnae
1135 1950 1225 1989 res
1260 1939 1442 2001 gestae
1475 1938 1756 1988 hominum
1784 1939 2030 1996 manent;
2067 1936 2325 1999 temporis
2357 1936 2622 2000 perpetuo

441 2025 589 2075 motu
625 2022 885 2087 quidquid
916 2021 1059 2073 bene
1093 2021 1293 2073 sactum
1327 2024 1412 2073 est
1442 2019 1721 2071 oblivionis
1756 2019 1976 2083 caligine
2008 2017 2282 2083 paullatim
2314 2018 2616 2069 obducitur.

442 2109 616 2168 Quare
648 2104 776 2156 nibil
809 2105 878 2156 ad
910 2106 1158 2170 posteros
1187 2106 1438 2169 pervenit
1467 2105 1568 2155 nisi
1600 2103 1746 2168 quod
1781 2104 1946 2154 fixum
1968 2102 2347 2166 firmatumque
2371 2104 2456 2153 est
2486 2106 2620 2166 poe-

440 2193 619 2241 tarum
651 2190 885 2240 aeternis
919 2188 1329 2240 carminibus„
1365 2187 1471 2238 Sed
1504 2190 1565 2238 ut
1595 2189 1788 2252 poetae
1824 2186 2022 2245 solent,
2060 2184 2318 2250 exemplis
2351 2199 2481 2237 usus
2516 2187 2614 2236 est.

442 2274 631 2324 Celeres
661 2274 816 2337 flagae
850 2274 934 2336 (ex
966 2272 1126 2335 Italia)
1152 2274 1207 2323 et
1236 2273 1451 2322 reiectae
1478 2273 1650 2322 nume
1667 2270 1963 2321 Hannibalis
1983 2270 2288 2333 Scipionem
2309 2268 2619 2319 Africanum

441 2358 728 2417 maiorem,
767 2355 962 2407 deinde
994 2357 1228 2406 incendia
1247 2356 1575 2420 Karthaginis
1594 2355 1860 2405 minorem
1881 2346 2185 2403 Africanum
2215 2352 2465 2412 indicant,
2503 2354 2619 2401 tum

440 2440 688 2492 Calabrae
717 2440 935 2491 Pierides
964 2440 1163 2491 iterum
1195 2439 1262 2490 ad
1297 2441 1559 2491 maiorem
1592 2437 1910 2490 referendae
1945 2438 2093 2498 sunt,
2130 2437 2385 2500 quoniam
2419 2435 2618 2486 Ennius

441 2524 621 2575 Rudiis
657 2523 933 2575 Calabriae
968 2523 1166 2588 oppido
1200 2524 1357 2573 natus
1391 2524 1652 2574 maiorem
1692 2523 1994 2586 Scipionem
2029 2522 2268 2571 carmine
2308 2517 2617 2569 celebravit.

442 2608 588 2666 Quae
627 2606 697 2657 ab
733 2606 901 2658 altero
948 2607 1017 2657 ad
1067 2605 1295 2658 alterum
1345 2607 1649 2670 Scipionem
1701 2606 1937 2656 transitio
1989 2603 2184 2668 quibus
2235 2601 2500 2668 displicet
2553 2603 2617 2652 iis

438 2692 669 2741 meridia
710 2703 818 2741 nou
860 2691 986 2742 sunt
1028 2688 1363 2753 intelligenda
1410 2690 1479 2740 de
1523 2689 1661 2739 urbe
1691 2702 1724 2738 a
1756 2689 2001 2752 Scipione
2043 2688 2249 2738 minore
2296 2685 2612 2744 combusta,

441 2774 540 2824 sed
579 2773 648 2824 de
690 2774 916 2825 navibus
971 2776 1027 2824 et
1078 2776 1238 2838 portu
1287 2786 1318 2823 a
1352 2774 1556 2824 maiore
1605 2772 1849 2836 Scipione
1900 2770 2147 2822 incendio
2184 2767 2396 2830 deletis,
2451 2780 2617 2832 quam

443 2855 798 2908 calamitatem
859 2857 1322 2921 Karthaginienses
1389 2869 1496 2906 nou
1550 2857 1728 2906 miuus
1795 2867 1953 2918 aegre
2019 2852 2280 2913 tulerunt,
2350 2864 2514 2915 quam
2570 2851 2617 2902 si

440 2941 556 3004 ipsa
595 2939 725 2991 urbs
757 2942 903 2992 esset
935 2939 1160 2991 deleta.»
1211 2938 1393 2990 Paullo
1426 2941 1603 2991 minus
1627 2937 1843 3004 placent
1873 2939 2034 3001 atque
2076 2937 2401 3000 ingeniosius
2446 2946 2613 2998 quam

441 3023 767 3090 probabilius
816 3024 1083 3089 disputata
1143 3023 1419 3085 videntur,
1491 3036 1632 3087 quae
1694 3034 1865 3086 nuper
1920 3019 2247 3083 Steinerus*)
2311 3019 2379 3070 de
2430 3020 2615 3069 nostro

439 3107 556 3159 loco
614 3109 849 3173 scripsit:
927 3108 1173 3160 «Horatio
1217 3108 1575 3171 Romanisque
1622 3107 1757 3156 baec
1817 3103 2114 3168 legentibus
2158 3103 2425 3167 quaedam
2483 3102 2617 3151 arti-

438 3191 600 3243 ficum
642 3194 990 3244 monumenta
1041 3193 1166 3243 ante
1222 3189 1408 3241 oculos
1460 3189 1627 3241 fuisse
1684 3189 1813 3240 mihi
1870 3189 2090 3253 quidem
2143 3198 2466 3253 persuasum
2507 3187 2607 3235 est.

439 3276 829 3327 Sententiarum
879 3277 1023 3328 enim
1072 3287 1244 3327 nexus
1298 3275 1373 3338 (v.
1422 3274 1484 3324 43
1535 3272 1684 3352 sqq.)
1736 3272 1995 3335 ostendit,
2047 3271 2229 3322 verbis
2277 3269 2378 3321 illis
2436 3268 2616 3319 celeres

436 3357 590 3421 mae
631 3361 734 3408 cet
780 3372 888 3410 non
928 3358 1107 3422 fugam
1154 3359 1326 3423 ipsam
1369 3358 1468 3409 sed
1512 3343 1691 3421 fugam
1748 3369 2017 3407 marmore
2064 3366 2377 3419 expressam
2428 3349 2614 3401 decla-

440 3441 562 3489 rari.
632 3441 818 3504 Itaque
853 3439 939 3491 illa
983 3444 1157 3493 aetate
1202 3442 1461 3507 Scipionis
1504 3441 1718 3491 malem
1755 3440 2165 3490 monumentum
2207 3438 2405 3486 Romae
2452 3433 2615 3483 fuisse

442 3524 647 3582 statuo,
691 3524 744 3573 in
788 3536 895 3588 quo
937 3525 1083 3575 cives
1122 3527 1178 3575 et
1214 3527 1390 3589 ipsum
1430 3524 1750 3589 spectabant
1786 3522 1983 3573 ducem
2018 3523 2290 3584 egregium
2341 3527 2612 3566 marmore

443 3606 681 3656 effictum
732 3607 839 3671 (vs.
884 3606 990 3669 ⁴4.)
1035 3609 1091 3656 et
1132 3619 1222 3658 res
1272 3606 1405 3657 illius
1454 3605 1758 3671 praeclaras
1807 3606 1918 3656 sive
1969 3615 2236 3654 marmore
2280 3601 2392 3650 sive
2439 3599 2613 3648 aereis

442 3689 702 3741 columnis
749 3690 839 3755 (cf.
910 3691 1176 3755 Lamprid.
1238 3688 1384 3740 Alex.
1437 3692 1557 3741 Sev.
1611 3705 1659 3740 c.
1713 3690 1827 3751 28.)
1879 3685 2332 3751 repraesentatas:
2406 3679 2613 3731 celeres

445 3778 743 3825 Poenorum
808 3787 873 3825 ex
944 3773 1088 3825 Italia
1150 3773 1301 3836 fugas
1359 3771 1774 3837 Hannibalisque
1839 3769 2205 3834 nequidquam
2261 3763 2614 3817 minitabundi

441 3862 603 3922 atque
658 3858 916 3921 Scipionis
967 3855 1152 3908 ultoris
1219 3858 1271 3907 in
1336 3857 1565 3908 Africam
1635 3837 2001 3907 traiectionem
2061 3852 2125 3914 (v.
2188 3850 2297 3912 46);
2366 3848 2611 3899 incendia

554 4235 589 4287 ⁸)
624 4231 888 4276 comment.
922 4230 1085 4276 Horat.
1119 4229 1327 4285 Specim.
1361 4239 1461 4272 sec.
1496 4238 1526 4282 p
1575 4227 1602 4271 9
1633 4235 1705 4279 sq.
