3234 4975
640 413 765 478 450

1408 414 1666 465 HoRATu
1702 413 2040 466 CARMINUM

893 572 1035 651 Quo
1081 568 1306 637 Chium
1348 569 1553 655 pretio
1599 568 1834 636 cadum
2768 573 2805 633 5

984 692 1374 768 Mercemur‚
1423 691 1569 778 quis
1613 711 1848 777 aquam
1893 700 2211 777 temperet
2253 690 2508 778 ignibus

895 813 1038 892 Quo
1081 812 1435 899 praebente
1477 812 1740 878 domum
1785 821 1851 878 et
1893 821 2093 898 quota

977 932 1253 1020 Pelignis
1299 951 1558 1000 caream
1603 930 1976 1020 frigoribus,
2028 941 2223 999 taces.

890 1092 988 1158 Da
1030 1090 1221 1157 lunae
1265 1110 1544 1177 propere
1590 1110 1833 1165 novae,

703 1291 734 1339 ὅ
756 1316 784 1326 -
808 1290 858 1339 7.
896 1289 1004 1350 Quo
1028 1287 1202 1337 Chium
1224 1287 1358 1349 cet.]
1393 1286 1509 1337 «Ad
1530 1298 1684 1337 sum-

634 1375 814 1414 mam:
852 1363 909 1411 tu
943 1361 1236 1424 antiquitati
1271 1360 1484 1420 studes;
1522 1372 1683 1424 prae-

633 1437 865 1489 sentium
899 1434 1216 1485 obliviscere
1253 1438 1307 1485 et
1346 1436 1475 1495 hoc,
1536 1434 1680 1497 quod

633 1524 776 1560 nunc
823 1510 979 1559 unice
1014 1509 1281 1572 agendum
1332 1510 1438 1569 est,
1498 1509 1679 1559 taces:

633 1585 815 1648 quanti
866 1597 1110 1635 emamus
1154 1585 1261 1632 vini
1296 1584 1412 1634 Chii
1446 1583 1678 1641 cadum;

634 1659 754 1721 quis
804 1658 1115 1708 convivator
1165 1656 1463 1719 (parochiam
1509 1656 1680 1706 facete

632 1731 761 1782 dicit
793 1732 899 1780 Sat.
937 1731 994 1791 2,
1020 1730 1079 1791 8,
1104 1729 1208 1792 36.)
1243 1727 1495 1780 balneum
1528 1741 1684 1794 para-

630 1808 782 1855 turus
816 1803 1060 1866 adeoque
1097 1803 1318 1853 domum
1351 1815 1506 1853 suam
1529 1816 1685 1866 prae-

630 1877 843 1929 biturus
867 1878 936 1927 sit
956 1877 1112 1928 nobis
1134 1890 1178 1921 ε»
1205 1876 1328 1940 (duo
1353 1878 1488 1926 haec
1511 1889 1685 1927 mem-

629 1951 731 2002 bra
766 1953 912 2001 arcte
948 1950 1318 2013 coniungenda
1353 1950 1563 2001 diversa
1589 1964 1682 1999 ra-

631 2028 775 2078 tione
799 2024 944 2075 idem
962 2024 1258 2087 significant
1274 2025 1305 2087 :)
1340 2026 1533 2088 «quota
1551 2025 1682 2074 bora

632 2113 700 2151 eo
733 2113 822 2150 me
868 2098 1168 2160 conteram,
1223 2098 1545 2149 subtrahens
1592 2112 1680 2149 me

632 2173 851 2225 tandem
898 2172 1022 2222 huic
1063 2171 1268 2236 frigori,
1333 2171 1489 2236 quale
1546 2172 1684 2223 solet

632 2261 755 2300 esse
791 2249 843 2298 in
876 2245 1152 2310 Pelignis.»
1220 2248 1300 2297 De
1323 2245 1569 2311 symbola
1607 2246 1685 2297 lo-

630 2323 835 2387 quitur,
888 2322 941 2370 in
975 2334 1082 2385 qua
1114 2334 1253 2372 uuus
1296 2320 1524 2385 praebet
1563 2320 1683 2373 bal-

628 2410 793 2447 neum
814 2434 826 2457 ,
889 2394 1202 2456 triclinium,
1261 2395 1456 2458 lectos,
1515 2409 1678 2457 vasa;

631 2471 798 2523 ceteri
819 2471 1004 2521 vinum
1036 2471 1091 2521 et
1113 2469 1263 2521 cibos
1288 2472 1475 2520 emunt
1496 2483 1560 2521 ac
1583 2483 1682 2534 per

632 2557 819 2595 servos
852 2544 1154 2595 afferendos
1204 2545 1409 2595 curant.
1483 2545 1677 2608 (Longe

631 2621 814 2669 autem
849 2618 1026 2668 differt
1059 2620 1165 2669 Sat.
1205 2620 1263 2679 4,
1299 2619 1358 2679 ὅ,
1396 2617 1490 2668 38:
1561 2620 1684 2669 Mu-

628 2707 758 2744 rena
804 2692 1075 2754 praebente
1128 2693 1362 2754 domn,
1444 2693 1683 2754 Capitone

629 2768 879 2830 culinam,
917 2767 1009 2817 ubi
1042 2767 1110 2818 de
1136 2766 1465 2818 deverticulo
1507 2767 1560 2816 in
1595 2767 1683 2817 iti-

629 2854 761 2892 nere
795 2840 1058 2905 loquitur,
1095 2855 1202 2893 non
1225 2841 1294 2892 de
1318 2842 1598 2905 convivio.)
1623 2870 1679 2878 —

633 2916 858 2967 Citium-
879 2916 1077 2980 cadum]
1116 2916 1200 2964 Sic
1234 2927 1455 2979 prorsus
1486 2917 1677 2967 Athen.

635 2990 683 3039 4.
718 3002 774 3053 p.
811 2989 861 3039 3.
899 2989 969 3038 t:
1009 2983 1043 3038 ὁ
1071 3016 1100 3025 -
1130 2983 1427 3051 ΧῖοςἻων
1460 3005 1683 3061 τραγῳ-

632 3062 762 3114 δίαν
810 3059 1057 3129 νικήσας
1099 3056 1404 3130 Ἀθήνησιν
1456 3062 1682 3133 ἑκάστῳ

632 3133 752 3188 τῶν
777 3131 1095 3203 Ἀθηναίων
1126 3130 1304 3188 ἔδωκε
1335 3139 1488 3189 Χῖον
1520 3137 1686 3212 κερά-

632 3226 789 3277 μιον.
876 3213 1127 3263 Thasium
1160 3213 1345 3264 vinum
1379 3217 1684 3266 ceterorum

632 3286 894 3351 optimum
926 3285 1046 3352 μετ’
1067 3280 1347 3352 ἀμύμονα
1369 3288 1520 3340 Χῖον
1542 3283 1686 3342 ἅλυ-

634 3374 745 3410 πον
790 3360 920 3410 dicit
951 3362 1273 3426 Hermippus
1315 3363 1457 3426 apud
1492 3365 1681 3415 Athen.

635 3435 683 3484 4.
735 3447 856 3499 pag.
910 3435 993 3485 29.
1032 3449 1081 3485 e.
1145 3459 1201 3472 —
1260 3436 1456 3499 Aquam
1506 3438 1681 3488 schol.

634 3507 800 3559 refert
822 3509 890 3558 ad
916 3521 1064 3570 eam,
1102 3522 1205 3573 qua
1242 3524 1452 3562 merum
1486 3512 1686 3563 misce—

635 3582 826 3633 batur:
868 3595 1023 3633 «uam
1057 3583 1333 3647 tepefactis
1367 3587 1519 3649 aquis
1542 3584 1687 3638 sole-

633 3656 766 3708 bant
813 3659 1000 3708 Graeci
1050 3657 1324 3724 (Graeca‘l)
1380 3660 1503 3710 vina
1545 3663 1686 3710 tem-

635 3744 879 3796 perare.»
948 3732 1151 3782 Verum
1184 3733 1320 3784 haec
1354 3735 1463 3784 tam
1497 3735 1685 3797 exigua

635 3817 762 3869 pars
813 3807 929 3856 erat
978 3807 1232 3868 convivii,
1292 3810 1351 3858 ut
1393 3809 1477 3857 vix
1529 3808 1685 3872 digna

637 3881 813 3939 esset,
853 3892 991 3943 quae
1016 3884 1547 3932 commemoraretur.
1585 3883 1689 3932 Im-

636 3964 729 4003 mo
777 3965 884 4003 una
936 3955 1021 4006 est
1068 3956 1408 4020 interrogatio
1458 3957 1571 4017 quis
1605 3983 1635 3993 -
1658 3982 1688 3993 -

640 4038 785 4089 quo-
807 4051 837 4064 ·
859 4028 1084 4091 domum,
1123 4029 1176 4079 id
1199 4030 1314 4092 est,
1354 4031 1512 4090 «Quis
1534 4044 1689 4095 prae-

637 4099 767 4150 beat
807 4100 1029 4152 domum
1068 4105 1231 4167 atque
1272 4103 1526 4154 balneum
1583 4103 1689 4155 cal-

639 4175 876 4227 faciat?-
935 4177 1044 4227 Cic.
1098 4177 1165 4228 ad
1212 4179 1355 4229 Fam.
1395 4179 1450 4240 9,
1491 4180 1579 4240 46,
1617 4181 1683 4230 9:

1757 1287 1891 1348 quod
1955 1286 2186 1337 balaenam
2250 1289 2492 1352 calfacias
2545 1290 2801 1353 oportebit.

1756 1362 1891 1410 Ante
1942 1372 2166 1411 coenam
2219 1363 2363 1412 euim
2407 1362 2601 1413 balneo
2637 1363 2806 1414 calido

1757 1434 2071 1496 utebantur,
2100 1436 2209 1485 Cic.
2236 1449 2336 1499 pro
2363 1437 2532 1486 Deiot.
2561 1439 2617 1487 6:
2656 1452 2683 1488 e
2704 1438 2810 1487 bal—

1754 1523 1875 1571 neo,
1927 1510 2228 1573 priusquam
2261 1511 2605 1571 accumberes‚·
2642 1513 2697 1562 et
2727 1525 2809 1561 su-

1755 1584 1877 1633 dore
1907 1584 2137 1647 calefacti
2157 1621 2170 1644 ‚
2205 1590 2452 1634 manento
2485 1585 2719 1647 temporis
2739 1584 2808 1635 ad

1752 1658 1997 1721 fm'yidam
2031 1657 2281 1719 exibant,
2338 1661 2483 1708 certe
2536 1659 2678 1723 apud
2713 1661 2809 1709 Pe-

1755 1733 1892 1781 tron.
1929 1732 2012 1782 28.
2055 1759 2112 1768 —
2150 1733 2278 1784 Mira
2313 1732 2555 1797 proiecto
2591 1734 2693 1787 ΗΡ.
2722 1738 2805 1785 est

1757 1807 2157 1870 interpretatio:
2219 1820 2425 1871 «aquas
2477 1807 2767 1860 calefacere
2791 1849 2803 1870 ,

1754 1880 1952 1943 inquit,
1991 1882 2075 1930 est
2096 1894 2232 1945 opus
2255 1881 2534 1933 sordidum
2557 1883 2613 1932 et
2633 1885 2802 1934 servis

1754 1955 2089 2018 proprium.»
2164 1956 2331 2019 (quasi
2380 1970 2510 2006 vero
2549 1957 2653 2006 hoc
2697 1971 2803 2008 non

1755 2039 1856 2089 per
1920 2040 1979 2077 se
2052 2027 2435 2092 intelligeretur
2459 2067 2472 2091 ‚
2549 2029 2804 2081 balneum

1754 2101 1932 2164 ipsum
1949 2105 2328 2166 praeparatum
2350 2116 2474 2154 esse
2497 2117 2528 2153 a
2549 2103 2754 2155 famulis
2772 2105 2804 2166 l)

1760 2173 1986 2235 «Aquam
2020 2175 2210 2238 (pergit
2241 2176 2520 2241 interpres)
2556 2178 2611 2228 h.
2638 2177 2672 2228 l.
2708 2191 2807 2242 pro

1750 2250 1932 2310 pluvia
1982 2252 2306 2314 acceperim.
2396 2252 2521 2311 Quis
2583 2257 2768 2302 aerem
2791 2289 2804 2313 ,

1757 2323 1911 2383 dicit,
1965 2324 2250 2375 humidum
2299 2328 2354 2375 et
2387 2325 2662 2388 frigidum,
2712 2327 2806 2389 qui

1757 2411 1823 2447 ex
1873 2396 2066 2462 pluviis
2114 2398 2168 2447 in
2228 2398 2422 2450 domos
2473 2401 2804 2464 penetravit,

1757 2475 2024 2537 temperat
2074 2471 2285 2537 ignibus
2302 2476 2366 2524 ‘ln
2434 2476 2622 2526 Omnia
2670 2476 2807 2527 haec

1757 2560 1979 2611 prorsus
2029 2540 2247 2598 ἄπιστα
2266 2584 2280 2610 ,
2340 2562 2407 2599 ne
2442 2551 2683 2612 graviore
2717 2563 2810 2600 vo-

1758 2621 1955 2672 cabulo
1991 2624 2130 2672 utar.

1822 2696 1871 2746 8.
1930 2695 2170 2760 Pelianis]
2229 2696 2441 2748 Minime
2475 2697 2580 2748 hoc
2615 2697 2809 2760 signifi-

1758 2771 1871 2830 cat,
1909 2783 1969 2820 se
2004 2771 2148 2834 apud
2178 2769 2446 2834 pelignos„
2486 2771 2700 2822 Corfinii
2722 2770 2808 2822 vel

1759 2841 2010 2895 Sulmone
2028 2882 2040 2906 ,
2074 2846 2281 2895 versari
2314 2846 2548 2909 indeque
2585 2848 2809 2897 Romam

1755 2921 2073 2979 venturum,
2134 2918 2233 2970 sed
2295 2919 2472 2970 «domi
2526 2933 2585 2970 se
2643 2921 2807 2984 frigus

1755 2994 1866 3057 pati
1908 3006 2038 3043 vere
2074 2993 2347 3057 Pelignum
2371 3032 2383 3054 ‚
2436 3008 2545 3059 quo
2587 2995 2641 3045 in
2676 3008 2809 3045 con-

1756 3067 1899 3116 vivio
1936 3080 1995 3117 se
2018 3067 2340 3119 liberaturus
2363 3070 2481 3119 sit.»
2511 3095 2567 3105 —
2591 3069 2810 3133 Friqora

1759 3144 1938 3192 autem
1964 3143 2023 3192 ut
2043 3141 2236 3193 calores
2258 3141 2353 3192 Od.
2381 3142 2438 3204 3,
2464 3141 2529 3193 24
2546 3181 2558 3204 ,
2585 3142 2666 3193 37.

1824 3217 1872 3265 9.
1943 3218 2054 3266 lam
2104 3217 2432 3278 φαντασίας
2496 3229 2599 3281 ope
2654 3214 2809 3266 Tele-

1756 3289 1926 3354 phum
1975 3304 2083 3340 una
2133 3303 2321 3341 secum
2366 3291 2420 3340 in
2465 3290 2643 3353 ipsum
2676 3302 2809 3340 oon—

1756 3364 1959 3415 vivium
1982 3364 2192 3429 abripit.
2234 3367 2382 3426 «Da,
2405 3364 2688 3428 pincerna,
2726 3365 2809 3414 in·-

1759 3439 1874 3501 quit
1905 3439 2159 3490 festinans
2190 3441 2373 3503 poeta,
2429 3439 2496 3490 da
2532 3437 2805 3503 poculum,

1759 3512 1904 3576 quod
1939 3514 1991 3562 in
2014 3526 2185 3563 novae
2217 3512 2372 3563 lunae
2404 3513 2666 3563 honorem
2697 3511 2813 3563 ebi-

1758 3585 1966 3636 batur.»
2026 3588 2265 3650 (Genitivi
2294 3587 2451 3636 huius
2486 3587 2538 3637 in
2573 3586 2809 3650 potando

1758 3661 1934 3710 usitati
1958 3659 2201 3725 exempla
2217 3660 2387 3730 habes
2403 3659 2474 3710 ad
2489 3674 2579 3711 vv.
2603 3662 2682 3711 ⁴0.
2706 3663 2759 3710 Η
2775 3662 2808 3723 .)

1759 3734 1926 3796 Fingit
1958 3747 2086 3798 ergo
2112 3747 2232 3786 esse
2256 3735 2576 3799 νουμηνίαν
2599 3737 2811 3784 noctur-

1759 3821 1997 3872 numque
2014 3807 2173 3859 simul
2190 3810 2404 3873 tempus
2417 3809 2642 3859 convivii
2655 3809 2811 3871 signi-

1760 3882 1917 3942 ficat;
1968 3896 2155 3933 novam
2199 3885 2379 3932 autem
2424 3884 2601 3932 lanam
2643 3883 2811 3932 inter-

1759 3957 1957 4020 pretari
2023 3956 2204 4007 lunam
2280 3957 2544 4007 orientem
2609 3954 2773 4006 nolim
2793 3993 2806 4014 ,

1761 4030 2197 4096 quandoquidem
2258 4032 2364 4081 hoc
2421 4031 2578 4080 nimis
2641 4028 2812 4078 ambi-

1760 4118 1926 4168 guum
1978 4107 2142 4166 foret,
2204 4118 2312 4155 non
2359 4105 2494 4160 item
2528 4104 2602 4153 sol
2630 4116 2804 4162 novas,

1762 4181 1900 4244 Virg.
1949 4182 2042 4230 Ge.
2083 4182 2142 4241 ⁴,
2179 4180 2294 4230 288.
2372 4180 2589 4228 «Lunae
2637 4189 2808 4227 novae

637 4252 748 4314 qu
796 4250 883 4301 tibi
930 4265 1088 4302 unum
1136 4258 1387 4316 rumpam
1435 4256 1684 4316 afferam,
1761 4255 2014 4316 cyathum
2047 4254 2246 4317 poscit,
2296 4252 2444 4317 quod
2477 4252 2677 4304 mensis
2710 4250 2811 4300 Ka-
