3234 4975
626 376 750 441 392

1390 381 1646 432 uonATu
1683 382 2018 434 CARmNUM

1353 890 2070 953 cmm

960 1058 1132 1138 Quid
1178 1056 1332 1135 sseS,
1380 1058 1661 1135 Asterie,
1708 1079 1906 1148 quem
1949 1058 2063 1126 tibi
2107 1059 2361 1126 candidi

961 1179 1175 1245 Primo
1219 1179 1558 1247 restituent
1598 1200 1755 1246 vere
1800 1180 2060 1247 Favonii

1046 1299 1269 1389 Thyna
1310 1320 1528 1367 merce
1573 1298 1873 1377 beatum,

1130 1421 1492 1488 Constantis
1536 1422 1838 1488 iuvenem
1880 1421 2011 1489 fide
2030 1474 2044 1500 ,

962 1582 1190 1670 Gygen
1214 1580 1248 1645 *Γ
1290 1579 1403 1647 Ille
1446 1580 1625 1646 Notis
1671 1590 1853 1647 actus
1898 1579 1982 1646 ad
2026 1581 2294 1649 Oricum
2753 1585 2793 1647 ὅ

960 1703 1114 1768 Post
1162 1701 1388 1768 insana
1433 1702 1684 1788 Caprae
1729 1701 1947 1768 sidera
1990 1701 2253 1790 frigidas

756 1862 865 1911 vn.
903 1861 1070 1911 lnscr.
1108 1858 1246 1925 volg.
1306 1862 1382 1911 Aa
1412 1861 1672 1923 Asta-ion,
1709 1865 1765 1913 et
1796 1864 1875 1913 sic
1908 1861 2079 1914 Bb'l'c.
2123 1890 2178 1899 —
2214 1864 2290 1913 Aa
2322 1865 2546 1916 Asterien
2579 1864 2734 1914 amici

690 1937 768 1985 sm·
801 1936 1061 1999 coniuqom
1093 1936 1144 1985 S.
1202 1962 1257 1972 -
1311 1934 1359 1986 4.
1397 1936 1656 1986 Constanti
1686 1933 1852 1987 Aldus
1887 1937 2072 1996 ⁴509„
2121 1949 2228 1986 non
2265 1937 2410 1986 4549.
2483 1938 2563 2001 (Ut
2595 1949 2693 1987 nos
2715 1975 2727 1997 ‚

693 2022 882 2060 omnes
916 2009 1111 2069 nostri,
1157 2008 1413 2070 Bentleii,
1448 2011 1720 2074 Pottierii.)
1778 2036 1833 2047 —
1887 2011 2005 2074 fidet
2038 2009 2228 2061 Bchd
2264 2012 2319 2060 et
2352 2023 2541 2061 omnes
2576 2011 2733 2061 Bent-

692 2082 777 2133 leii
812 2087 1029 2148 praeter
1059 2081 1120 2145 δ,
1159 2085 1249 2148 qui
1278 2084 1384 2149 fidi.
1442 2084 1522 2147 (Ut
1553 2097 1686 2145 nos,
1723 2085 1787 2144 S,
1824 2083 2009 2134 Lamb.
2047 2082 2169 2148 aliq.
2207 2086 2262 2135 et
2297 2084 2515 2148 Cruquii
2549 2085 2726 2147 unus.)

692 2223 798 2273 Vll.
837 2224 1078 2274 Asterien
1113 2223 1419 2275 consolatur
1449 2224 1517 2274 de
1546 2225 1679 2274 ami-
1748 2225 1805 2284 Ξ,
1842 2222 1935 2273 35:
1973 2224 2225 2279 Favonius
2254 2236 2457 2274 serenus
2486 2229 2589 2284 οεεῐ
2621 2250 2646 2261 -
2674 2224 2799 2286 facit

631 2298 679 2348 ci
713 2296 982 2347 absentia:
1018 2298 1162 2348 hunc
1195 2298 1410 2350 fidelem
1453 2312 1673 2349 manere

629 2372 730 2422 etsi
764 2370 833 2422 ab
866 2370 1074 2436 hospita
1099 2374 1382 2432 tentatum;
1419 2372 1678 2437 puellam-

629 2458 735 2510 que
789 2446 1024 2498 vicissim
1079 2446 1147 2497 ad
1213 2448 1566 2499 constantiam
1621 2450 1675 2498 in

628 2534 813 2572 amore
836 2522 1097 2582 hortatur,
1131 2535 1269 2586 quae
1293 2523 1398 2573 iam
1424 2523 1492 2573 ad
1513 2521 1674 2574 alium

628 2594 922 2647 formosum
977 2596 1375 2648 adolescentem
1436 2599 1676 2648 animum

630 2669 921 2721 inclinarat.
960 2671 1053 2721 Est
1068 2671 1221 2735 quasi
1240 2667 1518 2722 εἰδύλλιον
1535 2684 1678 2722 mer-

629 2747 870 2796 catorum
923 2746 1089 2796 vitam
1137 2759 1457 2811 amoresque
1506 2745 1674 2809 lyrica

630 2818 963 2870 describens.
1023 2821 1230 2871 Asterie
1253 2822 1461 2880 autem,
1499 2823 1675 2884 Gyges

630 2894 854 2956 eiusque
905 2893 1116 2957 hospita
1165 2892 1356 2955 Chloe,
1422 2895 1674 2959 Enipeus,

631 2979 820 3018 omnes
835 2968 961 3017 sunt
980 2980 1245 3031 personae
1262 2981 1293 3017 a
1316 2969 1475 3031 poeta
1498 2968 1673 3019 fictae.

630 3043 737 3091 Nos
760 3040 980 3105 quidem
1014 3040 1083 3091 ad
1103 3054 1156 3092 v.
1184 3042 1264 3092 40.
1289 3042 1427 3092 haec
1459 3042 1680 3094 Schola-

630 3115 749 3166 stici
782 3114 1063 3166 cuiusdam
1105 3115 1407 3181 interpretis
1444 3129 1532 3166 vv.
1570 3131 1679 3168 non

632 3187 1027 3240 exscribemus:
1089 3189 1368 3241 «Debuere
1402 3191 1539 3242 adeo
1573 3194 1681 3243 Ro-

633 3276 756 3316 mae
801 3263 910 3314 noti
945 3275 1064 3314 esse
1100 3262 1293 3316 chloes
1337 3278 1519 3316 mores
1559 3280 1681 3317 me-

632 3338 845 3388 retricii.
865 3356 890 3382 n
972 3337 1410 3402 (compositionis
1463 3341 1678 3405 tempus

636 3425 858 3476 prorsus
912 3413 1178 3463 incertum
1235 3415 1336 3464 est.
1427 3415 1682 3466 Referunt

634 3484 867 3538 nonnulli
900 3485 969 3538 ad
1002 3500 1051 3536 a.
1087 3500 1141 3537 u.
1179 3501 1226 3538 c.
1264 3488 1401 3551 729.)

699 3561 748 3611 4.
787 3574 934 3624 quem
965 3561 1069 3627 tibi]
1108 3563 1263 3626 Finge
1300 3562 1395 3613 tibi
1428 3565 1680 3615 iuvenem

633 3639 1019 3696 mercatorem,
1049 3637 1214 3700 quiin
1238 3639 1538 3701 Bithyniam
1559 3652 1685 3703 pro-

636 3711 806 3762 fectus
828 3711 987 3761 variis
1015 3710 1288 3764 mercibus
1323 3710 1396 3762 ibi
1419 3713 1681 3776 coemptis

634 3783 1096 3849 appropinquante
1175 3785 1353 3837 hieme
1435 3785 1679 3847 redienS,

632 3858 805 3908 ventis
848 3858 1089 3910 adversis
1122 3859 1191 3909 ad
1225 3860 1439 3911 Oricum
1473 3857 1683 3911 delatus

631 3935 794 3995 atque
847 3930 1171 3996 aliquamdiu
1227 3934 1501 3996 detentus,
1556 3948 1683 3986 cum

634 4018 784 4057 mare
818 4005 925 4056 iam
954 4005 1197 4060 clausum
1220 4009 1390 4069 esset,
1428 4021 1565 4059 novo
1587 4009 1684 4060 de-

518 4077 523 4080 ’
632 4090 787 4130 mum
827 4091 956 4128 vere
997 4078 1067 4130 ad
1105 4080 1336 4133 amicam
1368 4083 1544 4133 redire
1578 4096 1682 4148 po-

635 4153 772 4203 terit.
817 4180 872 4190 —
896 4154 1114 4220 candidi]
1154 4158 1386 4218 »sei-eni,
1425 4156 1679 4209 hibernas

633 4226 807 4282 nubes
842 4228 1169 4293 abigentes.»
1223 4230 1387 4283 Plaut.
1425 4234 1589 4286 Herc.
1617 4234 1676 4295 5,

1748 2298 2182 2359 tranquillitatem.
2218 2298 2431 2348 Favonii
2446 2301 2628 2348 autem
2650 2312 2678 2347 a
2710 2298 2796 2349 die

1749 2372 1857 2422 vn.
1894 2371 1979 2422 vel
2004 2373 2087 2423 IX.
2113 2371 2380 2422 Februarii
2416 2373 2468 2423 in
2500 2370 2644 2423 Italia
2667 2372 2798 2422 flare

1750 2446 2004 2511 incipiunt
2040 2447 2116 2509 (V.
2150 2447 2306 2498 VosS.
2344 2447 2411 2499 ad
2446 2447 2586 2511 virg.
2626 2448 2717 2499 Ge.
2745 2448 2793 2509 4,

1749 2519 1872 2583 a),
1909 2520 2053 2585 apud
2088 2533 2212 2582 nos,
2249 2534 2437 2572 mense
2473 2522 2675 2573 Martio.

1813 2594 1864 2645 3.
1916 2596 2086 2657 vinna
2123 2595 2302 2660 moe]
2339 2593 2610 2646 claudian.
2648 2597 2793 2647 Eutr.

1748 2668 1807 2729 2,
1844 2667 1971 2720 247:
2022 2669 2176 2730 Πιυπᾶ
2213 2669 2421 2720 Thraces
2452 2675 2634 2731 aravit,
2670 2682 2800 2732 quae

1747 2755 1882 2792 nunc
1919 2743 2158 2804 Bithynia
2197 2743 2379 2807 ser-tur.
2450 2743 2688 2795 Eustatb.
2726 2744 2797 2794 ad

1749 2817 1969 2880 Dionys.
2019 2817 2219 2880 Perieg.
2256 2816 2383 2867 793:
2430 2815 2671 2884 Λέγεται
2704 2810 2797 2869 ὅτι

1743 2885 1858 2971 οτὴν
1896 2884 2017 2940 ἀπὸ
2056 2884 2368 2960 Βοσπόρου
2409 2886 2520 2957 γῆν
2560 2886 2672 2955 ἕως
2703 2891 2797 2943 ἐπὶ

1756 2961 2031 3030 Ρήβαντα
2061 2964 2305 3016 Βιθυνοί
2329 2979 2468 3017 ποτε
2489 2968 2795 3028 κατέσχον·

1751 3034 1857 3104 τὴν
1890 3037 1953 3091 δὲ
1984 3033 2166 3091 αὐτοῦ
2203 3038 2465 3091 ἐπέκεινα
2502 3040 2598 3093 ἐπὶ
2640 3037 2800 3092 Πόν-

1751 3128 1855 3164 τον
1887 3107 2116 3185 ὀρεινὴν
2149 3114 2211 3164 οἱ
2241 3115 2422 3167 Θυνοὶ
2452 3109 2633 3176 ἔσχον
2662 3110 2801 3187 ἄχρι

1754 3184 2020 3254 ποταμοῦ
2053 3185 2335 3256 Κάλητος·
2371 3184 2452 3253 ὥς
2483 3185 2631 3241 εἶναι
2660 3185 2803 3256 ὁμό-

1752 3259 2079 3403 ῗῦῖνέἓξς
2133 3278 2195 3315 ‘⁶
2217 3260 2471 3404 33⁰3}
2513 3261 2802 3404 2533&

1754 3415 1853 3465 καὶ
1885 3411 2348 3479 ναυτικωτάτους
2381 3413 2684 3501 ἱστοροῦσι
2714 3429 2804 3482 ys·

1755 3488 1960 3540 νέσθαι
1992 3490 2132 3541 ποτέ
2143 3525 2159 3551 ,
2193 3490 2295 3541 καὶ
2326 3485 2433 3555 τὴν
2466 3486 2659 3541 αυτῶν
2691 3486 2801 3556 γῆν

1755 3559 2072 3635 παμφόρον
2102 3578 2166 3615 τε
2196 3564 2297 3616 καὶ
2330 3557 2629 3636 εὔδενδρον
2655 3559 2801 3615 εἶναι

1754 3652 1908 3699 φασι
1968 3638 2071 3688 καὶ
2135 3635 2475 3703 λιθοτομίας
2544 3631 2800 3698 ἔχουσαν

1756 3709 2051 3773 πολλαχοῦ
2119 3712 2218 3764 καὶ
2283 3709 2676 3784 κρυστάλλους
2739 3711 2803 3764 ἐν

1756 3781 1920 3858 ὄρεσι
1965 3783 2240 3849 φύουσαν
2282 3788 2384 3839 καὶ
2424 3781 2575 3838 ἄλλα
2618 3783 2803 3839 πολλὰ

1754 3855 2011 3922 ἔχουσαν
2052 3856 2266 3930 ἀγαθά.
2320 3888 2375 3898 --
2422 3861 2636 3926 bennam]
2684 3862 2804 3913 «di-

1756 3937 1977 3988 tamin.»

1822 4010 1870 4062 4.
1927 4011 2042 4076 fido]
2096 4010 2357 4074 genitivus
2412 4009 2688 4073 antiquus,
2745 4011 2806 4060 ut

1756 4083 1905 4136 ovid.
1943 4085 2066 4137 Met.
2102 4084 2161 4145 s,
2198 4083 2325 4136 34⁴:
2377 4083 2552 4134 Prima
2582 4084 2682 4148 fiae
2711 4097 2806 4132 vo-

1753 4159 2099 4220 cisqmratao
2140 4158 2430 4211 ιοπιαηιόοια.
2504 4159 2609 4208 Sat.
2649 4158 2706 4217 4,
2744 4156 2802 4216 3,

1754 4233 1836 4285 95.
1872 4234 2134 4285 commissa
2175 4235 2273 4299 fido
2318 4233 2478 4284 dativ.
2516 4233 2658 4295 Virg.
2709 4232 2803 4281 Ge.
