3234 4975
1229 408 1346 457 LlB.
1388 408 1424 456 1.
1498 410 1554 457 C.
1596 408 1790 458 xxvn.

2496 406 2616 469 449

789 561 946 625 Vino
994 572 1058 626 et
1100 559 1380 627 lucernis
1427 562 1653 628 Medus
1698 564 1996 629 acinaces
2577 565 2617 623 5

788 684 1068 748 humane
1114 694 1423 769 quantum
1468 683 1824 771 discrepat:
1875 685 2137 770 impium

872 803 1091 870 Lenite
1136 802 1513 879 clamorem,
1562 804 1851 879 sodales,

959 925 1034 989 Et
1077 924 1292 991 cubito
1338 938 1665 991 remanete
1710 928 1975 1013 presso!

789 1082 983 1148 Voltis
1030 1084 1240 1149 severi
1286 1105 1388 1149 me
1434 1106 1700 1171 quoque
1746 1106 2004 1150 sumere

787 1205 1041 1270 Partem
1086 1203 1380 1270 Falerni?
1448 1206 1631 1272 Dicat
1674 1206 1997 1293 Opuntiae

2548 1208 2617 1269 Η)

876 1327 1097 1390 Frater
1140 1324 1460 1412 Megfflae,
1513 1347 1646 1412 quo
1690 1325 1918 1391 beatus

583 1549 628 1591 5.
684 1542 908 1591 acinacis
957 1539 1124 1591 Bch.
1181 1567 1235 1577 —
1284 1542 1329 1589 6.
1368 1543 1573 1591 Inmane
1621 1540 1714 1590 bT.
1758 1568 1811 1577 —
1852 1542 2090 1604 discrepet
2138 1544 2193 1592 B.
2240 1572 2291 1579 -
2332 1545 2377 1593 9.
2416 1545 2558 1593 voleus

517 1630 785 1682 superscr.
821 1630 859 1665 u
891 1616 947 1665 B.

451 1811 693 1876 Sophocl.
743 1814 947 1876 Fragm.
994 1812 1108 1863 899.
1158 1813 1311 1863 Dind.
1352 1811 1498 1863 Plato

452 1886 522 1936 de
556 1887 684 1950 Rep.
722 1888 770 1937 8.
796 1901 849 1951 p.
877 1888 1003 1937 553:
1039 1888 1222 1953 μέγαν
1254 1886 1500 1947 βασιλέα

453 1989 483 1998 -
533 1988 564 1998 -
618 1957 821 2029 τιάρας
876 1962 975 2010 καὶ
1030 1958 1345 2030 στρεπτοὺς
1401 1962 1502 2012 καὶ

452 2029 738 2096 ἀκινάκας
776 2038 1006 2104 παραζω
1096 2032 1234 2086 'mm

516 2138 565 2187 6.
611 2138 832 2187 Immune
880 2143 1037 2199 quant
1191 2131 1500 2202 ἀμήχανον

451 2202 614 2260 ὅσον.
675 2212 785 2260 Hoc
819 2211 981 2260 modo
1018 2214 1152 2262 teste
1187 2214 1354 2262 Nonio
1395 2215 1500 2263 iam

452 2283 707 2335 Salustius
731 2298 860 2335 usus
885 2288 990 2335 est:
1017 2287 1236 2336 immane
1258 2293 1501 2348 quantum

454 2360 613 2407 animi
661 2372 912 2409 exarsere.
961 2361 1155 2410 Contra
1202 2362 1309 2411 Cio.
1357 2362 1497 2412 Orat.

453 2434 544 2495 25,
599 2433 689 2483 87:
741 2434 954 2483 nimium
996 2440 1255 2496 quantum.
1302 2437 1408 2486 Liv.
1447 2437 1496 2497 2,

454 2511 475 2557 4
500 2547 512 2568 ,
539 2522 581 2558 s.
609 2508 665 2558 f.:
689 2509 877 2558 miv-tm
900 2515 1159 2571 quantum.
1193 2538 1248 2547 —
1275 2511 1497 2574 impium]

453 2583 718 2645 quatenus
775 2596 902 2646 pax,
964 2597 1102 2646 quae
1156 2585 1207 2633 in
1260 2586 1500 2635 convivio

453 2654 790 2705 libationibus
826 2658 878 2706 in
914 2656 1076 2707 deum
1107 2658 1364 2708 honorem
1389 2659 1504 2708 fini-

454 2729 593 2778 endo
629 2732 828 2779 servari
863 2729 1053 2792 debet,
1092 2732 1290 2781 nefarie
1317 2732 1502 2781 turba-

453 2805 566 2860 tur;
593 2804 776 2866 sicque
801 2805 1008 2853 accedit
1028 2817 1079 2854 ν.
1107 2805 1176 2854 ad
1200 2807 1497 2855 notionem:

456 2877 758 2938 «insanum,
799 2878 1195 2929 furibundum.»

520 2978 568 3027 8.
605 2978 767 3027 cubito
800 3005 828 3015 -
856 2980 1091 3043 —presso]
1130 2980 1337 3030 «cubito
1372 2981 1502 3030 sini-

455 3052 566 3101 stro
599 3050 806 3114 placide
840 3053 1067 3117 pulvillis
1103 3055 1330 3104 innixo.»
1371 3056 1503 3104 Pho-

455 3124 611 3188 cylid.
651 3127 854 3188 Fragm.
893 3128 949 3176 7:
1003 3124 1134 3198 Χρὴ
1172 3126 1217 3177 δ’
1250 3129 1313 3179 ἐν
1350 3144 1502 3192 συμ-

457 3201 644 3265 ποσίῳ
687 3198 935 3249 κυλίκων
969 3199 1502 3272 περινισσομενάων

448 3269 617 3323 Ἡδέα
657 3272 1007 3323 κωτίλλοντα
1047 3271 1384 3340 καθήμενον
1415 3278 1502 3325 οἰ-

453 3344 804 3410 νοποτάζειν.
843 3348 1026 3398 Achill.
1052 3350 1164 3399 Tat.
1190 3363 1309 3413 pag.
1337 3350 1384 3399 9.
1413 3350 1498 3400 ed.

455 3422 670 3473 lacobs:
735 3415 1001 3493 Ἐρεισας
1065 3422 1125 3474 δὲ
1190 3419 1338 3473 κατὰ
1400 3422 1504 3489 τῆς

456 3493 760 3566 στρώμνης
791 3494 895 3546 τὸν
928 3492 1164 3563 ἀγκῶνα
1196 3498 1294 3548 καὶ
1319 3497 1503 3563 ἐγκλί-

455 3585 561 3631 νας
593 3567 846 3635 ἐμαυτὸν
878 3570 997 3621 κτλ.

524 3663 573 3712 9.
616 3665 782 3729 Voltis]
821 3665 1111 3729 «Equidem
1145 3668 1332 3729 potare
1359 3664 1506 3714 desi-

459 3751 611 3797 nam,
639 3740 763 3798 nisi,
790 3741 966 3790 missis
991 3739 1193 3800 iurgiiS,
1228 3752 1506 3789 sermones

456 3813 632 3876 potius
666 3812 734 3863 de
757 3815 947 3863 vestris
975 3812 1249 3863 amoribus
1272 3814 1510 3862 institue-

457 3887 586 3935 tis.»
645 3914 698 3922 -
755 3888 926 3951 severi]
964 3885 1222 3957 δριμέος,
1277 3888 1503 3946 austeri,

455 3960 602 4022 fortis
623 3963 730 4010 Sat.
757 3963 815 4021 2,
841 3962 900 4022 4,
925 3961 1008 4012 24.
1043 3963 1233 4011 Athen.
1263 3962 1284 4010 4
1309 4001 1319 4020 ,
1345 3962 1427 4010 26.
1457 3975 1506 4010 c:

458 4030 581 4098 εἴδη
598 4031 706 4084 δύο
724 4033 844 4098 (τοῦ
864 4035 1216 4107 Φαλερίνου),
1238 4030 1273 4084 ὁ
1290 4028 1509 4100 αὐστη-

459 4105 562 4178 ρὸς
602 4110 700 4158 καὶ
746 4104 781 4157 ὁ
815 4107 1125 4175 γλυκάζων.
1199 4109 1384 4160 catull.
1423 4111 1505 4170 27,

460 4183 515 4231 4;
553 4183 782 4232 Minister
811 4187 962 4235 vetuli
978 4199 1111 4247 puer
1142 4185 1342 4234 Falerni
1363 4185 1511 4247 Inger

456 4259 526 4306 mi
561 4259 739 4308 calices
768 4261 1061 4309 anaor-iores.

1642 1816 1721 1864 40.
1742 1816 1761 1864 4
1775 1815 1794 1863 4
1810 1853 1820 1863 .
1838 1815 2264 1876 Interrogationis
2278 1816 2488 1877 signum
2504 1830 2625 1878 pro-

1575 1889 1710 1937 tasin
1745 1887 2142 1952 hypotheticam
2176 1903 2297 1939 esse
2335 1890 2621 1951 significat,

1575 1962 1729 2025 quasi
1765 1965 1935 2012 esset:
1978 1964 2059 2012 «Si
2092 1962 2299 2013 voltis.»
2340 1965 2441 2013 «Ea
2466 1963 2625 2012 dum-

1575 2038 1721 2086 taxat
1744 2036 2054 2087 condicione
2073 2037 2256 2086 bibam
2274 2076 2285 2097 ‚
2312 2040 2370 2086 ut
2387 2036 2623 2099 Megillae

1575 2111 1739 2160 frater
1783 2123 1996 2161 amores
2039 2124 2167 2161 suos
2203 2111 2356 2161 nobis
2393 2114 2622 2160 narret.»

1577 2185 1687 2233 Hoc
1722 2186 1901 2234 autem
1938 2187 2200 2235 sermonis
2235 2184 2395 2234 veluti
2430 2185 2625 2233 dever-

1576 2256 1734 2306 ticulo
1758 2257 2048 2308 clamorem
2069 2260 2415 2308 convivarum
2431 2259 2623 2307 sedare

1574 2331 1770 2381 studet.
1802 2357 1856 2367 -
1878 2332 2012 2392 Opus
2036 2334 2322 2381 Locrorum
2347 2332 2620 2394 oppidum;

1574 2405 1768 2454 Leakio
1820 2409 2037 2454 auctore
2088 2418 2232 2454 nunc
2280 2406 2622 2465 Kharawta,

1573 2492 1741 2542 pagus
1778 2478 2038 2528 Livadiae.
2084 2507 2138 2515 —
2175 2478 2370 2542 Frater]
2403 2480 2623 2531 Manife-

1574 2555 1659 2602 sto
1704 2552 1823 2602 ficta
1863 2566 2120 2616 persona,
2170 2556 2228 2602 ut
2270 2555 2383 2616 ipsa
2420 2554 2626 2616 Meyiua

1577 2627 1821 2687 Opuntia,
1859 2627 1911 2674 in
1947 2640 2052 2689 qua
2088 2627 2158 2674 ita
2193 2641 2221 2674 a
2259 2628 2423 2689 patria
2461 2626 2626 2675 deno-

1576 2699 1827 2750 minanda
1862 2712 2048 2749 rursus
2084 2702 2289 2760 gratum
2326 2713 2517 2748 sonum
2542 2713 2626 2749 se-

1577 2777 1732 2824 cutus
1756 2775 1862 2834 est,
1896 2786 1994 2836 per
2016 2786 2180 2835 quem
2202 2785 2390 2823 omnes
2414 2773 2625 2823 vocales

1576 2851 1691 2900 sine
1735 2846 1907 2897 littera
1954 2848 2139 2896 canina
2176 2850 2443 2896 resonant.
2505 2847 2625 2897 Ele-

1577 2925 1765 2987 ganter
1815 2935 1919 2971 non
1958 2923 2195 2971 nominat
2227 2921 2624 2972 adolescentem

1577 3000 1782 3061 ipsum,
1821 2996 1919 3046 sed
1953 3011 1981 3045 a
2018 2996 2239 3059 pulchra
2273 3010 2456 3046 sorore
2489 2997 2628 3046 desi-

1576 3073 1728 3134 gnat,
1778 3073 1836 3119 ut
1869 3070 2129 3120 sodalium
2166 3071 2417 3120 iuvenum
2452 3073 2626 3119 atten-

1578 3147 1778 3195 tionem
1813 3147 1983 3194 acuat.
2053 3147 2236 3207 Aeque
2282 3146 2424 3193 enim
2458 3143 2625 3193 libere

1578 3223 1633 3270 et
1666 3219 1837 3270 solute
1874 3220 1925 3268 in
1963 3219 2127 3268 rebus
2162 3221 2407 3268 venereis
2442 3233 2626 3268 versa-

1577 3294 1773 3344 bantur
1807 3294 2008 3356 antiqui
2043 3295 2203 3355 atque
2238 3293 2411 3343 solent
2439 3305 2625 3342 eorum

1575 3368 1794 3431 posteri.

1647 3443 1699 3491 44
1716 3481 1725 3490 .
1746 3443 1824 3492 42.
1847 3442 2031 3506 beatus]
2051 3441 2257 3491 felicem
2276 3454 2334 3491 se
2352 3443 2624 3503 reputans,

1579 3520 1639 3566 ut
1660 3518 1791 3579 Epp.
1819 3518 1867 3576 2,
1895 3518 1943 3576 2,
1983 3517 2106 3564 ⁴07:
2146 3517 2460 3564 Gaudenc--
2479 3513 2624 3561 beati.

1585 3619 1639 3628 —-
1666 3590 1880 3653 volnere]
1918 3592 1977 3639 ut
1998 3590 2137 3651 Virg.
2165 3591 2295 3638 Aen.
2324 3586 2380 3646 4,
2417 3588 2477 3635 2ε
2524 3588 2630 3635 Vol-

1578 3679 1675 3714 nas
1717 3665 1809 3712 alit
1850 3664 2002 3712 venis.
2086 3663 2170 3711 Sic
2205 3663 2366 3711 etiam
2400 3656 2629 3729 τραῦμα

1581 3738 1822 3789 absolute
1848 3738 2031 3787 Graeci
2065 3737 2335 3798 usurpant.
2364 3735 2468 3785 Cir.
2497 3736 2633 3785 Cha-

1580 3814 1736 3862 riton.
1785 3825 1838 3875 p.
1884 3813 1916 3860 ‘2
1961 3813 2013 3860 et
2051 3811 2099 3859 3.
2140 3809 2233 3859 Ed.
2273 3810 2409 3871 Lips.
2454 3836 2507 3844 —
2545 3823 2631 3859 sa-

1580 3886 1726 3950 qiua]
1772 3888 1830 3935 ut
1872 3898 2035 3948 saepe
2072 3884 2256 3933 Graeci
2290 3879 2487 3945 τόξον,
2530 3882 2631 3942 βέ-

1585 3960 1684 4022 λος
1720 3953 1997 4028 Ἵῐρωτος.
2070 3960 2146 4007 De
2198 3955 2471 4007 amoribus
2523 3959 2631 4007 suis

1585 4038 1644 4085 ut
1686 4036 1737 4085 in
1773 4035 2024 4084 conviviis
2060 4034 2196 4082 inter
2229 4046 2288 4082 se
2326 4030 2633 4081 confabula-

1584 4111 1772 4158 rentur
1814 4109 1981 4171 iisque
2015 4107 2361 4171 propinarent
2394 4107 2630 4162 iuvenes,

1586 4184 1751 4233 moris
1794 4185 1925 4232 erat.
1972 4183 2193 4232 Theocr.
2235 4180 2321 4242 44,
2369 4181 2455 4229 48;
2486 4173 2631 4243 ’Ἤδη

1585 4255 1648 4307 δὲ
1717 4253 2023 4325 προϊόντος
2092 4250 2233 4317 ἔδοξ’
2304 4253 2627 4313 ἐπικεῖσθαι
