3234 4975
1225 411 1340 459 Lm.
1383 412 1416 459 1.
1492 412 1550 460 C.
1589 412 1737 460 xxn.

2434 412 2460 475 el
2476 413 2556 475 29

1076 865 1541 927 cm
1594 866 1871 927 xm

783 1054 1029 1140 integer
1071 1054 1236 1120 vitae
1280 1054 1676 1143 scelerisque
1720 1078 1921 1143 purus

778 1175 916 1238 Non
961 1186 1108 1262 eget
1151 1176 1385 1240 Mauris
1433 1175 1657 1243 iaculis
1701 1198 1914 1264 neque
1960 1198 2109 1242 arcu

781 1297 910 1361 Nec
955 1298 1284 1363 venenatis
1328 1297 1592 1384 gravida
1637 1298 1913 1384 sagittis,

1033 1421 1265 1493 Fusce,
1314 1418 1644 1505 pharetra,

778 1588 926 1652 Sive
970 1608 1089 1674 per
1132 1588 1356 1677 Syrtes
1401 1588 1521 1652 iter
1563 1598 1898 1654 aestuosas
2511 1592 2548 1653 5

784 1709 931 1775 Sive
975 1708 1255 1774 facturus
1301 1730 1418 1795 per
1462 1708 1909 1796 inhospitalem

533 1926 683 1975 XXII.
753 1926 919 1975 Inscr.
956 1924 1093 1988 volg.
1161 1925 1237 1975 Aa
1267 1926 1507 1975 Aristium
1537 1926 1765 1975 Fuscum.
1820 1954 1871 1961 —

1926 1926 2001 1975 Ad
2034 1927 2245 1976 Fuscmn
2299 1928 2390 1976 ST.
2436 1957 2485 1963 —-

467 2001 516 2049 2.
551 2001 724 2050 Mauri
759 2000 812 2060 d,
851 2013 988 2049 corr.
1027 2017 1080 2059 κ,
1118 2013 1256 2051 unus
1290 1998 1581 2060 Pulmanni,
1620 1998 1799 2050 Aldus.
1850 2002 1930 2062 (Ut
1964 2014 2078 2061 nos,
2118 2003 2281 2050 ceteri
2304 2003 2486 2061 nostri,

468 2072 642 2140 βγδω,
679 2088 759 2138 pr.
786 2092 838 2124 κ.
877 2078 1125 2138 quattuor
1157 2074 1360 2135 Bland.,
1399 2077 1529 2124 Pott.
1559 2078 1717 2138 octo.)
1759 2104 1811 2111 -
1850 2077 2020 2139 neque]
2058 2091 2144 2127 nec
2176 2077 2307 2127 bST.
2349 2105 2404 2114 —
2442 2081 2488 2127 5.

468 2151 632 2210 Syrtis
663 2147 758 2198 bT.

471 2345 620 2395 XXII.
691 2345 1043 2396 Securitatem
1091 2349 1281 2409 poetae
1327 2345 1450 2395 nul-

405 2418 504 2468 lius
538 2418 726 2483 culpae
761 2419 861 2469 sibi
897 2421 1096 2470 conscii
1128 2424 1182 2470 et
1204 2435 1231 2469 a
1259 2421 1339 2472 dis
1361 2419 1447 2470 vel

407 2495 542 2544 inter
575 2496 806 2544 maxima
827 2493 1063 2559 pericula
1088 2495 1314 2558 benigne
1350 2509 1450 2546 cu-

407 2567 586 2618 stoditi
619 2568 909 2631 praedicat.
969 2570 1170 2620 Eadem
1207 2574 1292 2619 est
1323 2583 1449 2619 sen-

405 2644 566 2692 tentia
601 2647 762 2706 atque
797 2644 890 2694 Od.
931 2645 979 2696 4,
1018 2645 1098 2704 47,
1136 2644 1225 2694 43;
1271 2646 1340 2694 Di
1370 2657 1450 2693 me

406 2723 634 2778 tuentur,
692 2720 769 2767 dis
809 2720 973 2780 piatas
1018 2733 1132 2768 mea
1182 2720 1248 2768 Et
1299 2721 1450 2768 Musa

405 2794 544 2842 cordi
588 2798 673 2843 ost.
756 2794 1015 2857 Tempus,
1070 2807 1176 2857 quo
1228 2807 1447 2843 carmen

411 2868 770 2930 compositum
826 2868 916 2928 sit,
976 2867 1182 2917 definiri
1237 2869 1445 2930 nequit;

406 2940 760 2991 Walckenaer
793 2941 958 2991 refert
990 2942 1057 2991 ad
1080 2953 1206 2991 asu.
1234 2957 1280 2992 c.
1310 2942 1445 3004 724„

407 3016 691 3066 Groteiend
711 3016 780 3065 ad
798 3029 845 3065 a.
867 3017 980 3065 730.
1000 3017 1115 3066 Vid.
1133 3018 1443 3067 Excursum.

475 3091 520 3138 4.
578 3090 776 3152 Integer
803 3090 955 3154 vitae]
1005 3092 1335 3153 Frequenter
1368 3092 1447 3140 sic

406 3166 729 3214 construunt
758 3167 968 3227 poetae.
1006 3166 1111 3214 Sat
1148 3166 1199 3224 2,
1237 3165 1284 3224 3,‘
1322 3166 1442 3215 220:

403 3238 599 3301 Integer
617 3244 688 3287 cst
709 3239 881 3288 anirni.
926 3240 1065 3301 Virg.
1091 3242 1222 3289 Aen.
1248 3239 1303 3300 9,
1330 3238 1443 3289 253.

407 3315 462 3361 et
495 3312 640 3361 Ovid.
678 3314 799 3362 Met.
839 3313 887 3373 9,
926 3312 1047 3363 -·.444
1097 3315 1285 3376 inteqer
1316 3313 1443 3363 aevi.

413 3413 468 3421 —
504 3387 794 3448 scelerisque
833 3388 1012 3451 purus]
1064 3389 1148 3437 Sic
1189 3382 1449 3458 καθαρὸς

404 3453 649 3522 ἀδικίας.
677 3462 870 3511 Contra
890 3476 954 3511 ex
974 3475 1075 3510 usu
1097 3475 1290 3526 prosae
1310 3465 1444 3511 orat.

407 3537 511 3584 Sat.
552 3536 600 3596 2,
638 3536 687 3595 3,
725 3537 846 3585 243ε
877 3550 1069 3598 pamm
1099 3539 1220 3587 vitio
1253 3551 1356 3587 cor.

469 3611 517 3659 2.
542 3611 589 3660 3.
615 3612 828 3674 Mam-is]
852 3614 1239 3672 MauretaniciS,
1267 3616 1325 3662 ut
1347 3612 1441 3662 Od.

405 3685 455 3744 3,
477 3686 557 3745 40,
578 3687 667 3735 48;
694 3688 1245 3750 Μαανίε--αηρυέὸω,
1273 3691 1327 3737 et
1348 3688 1442 3737 Od.

407 3761 454 3818 4,
482 3760 528 3816 4,
565 3760 646 3809 28.
699 3762 902 3810 Marsus
933 3775 1058 3823 aper
1079 3775 1176 3825 pro
1201 3763 1440 3812 Marsico.

403 3832 714 3884 Pedestrem
749 3839 882 3885 orat.
908 3835 1136 3886 referret
1159 3837 1350 3896 Mauri,
1387 3839 1446 3886 ut

403 3906 549 3958 Ovid.
589 3909 722 3958 Fast.
749 3911 798 3966 δ,
824 3910 944 3960 58οῑ
980 3911 1295 3972 Persequitur
1324 3913 1449 3960 sz

402 3981 489 4030 tha
518 3982 666 4045 sigma
695 3988 888 4033 retenta
929 3998 1117 4046 manu,
1170 3984 1254 4034 alii
1304 3984 1443 4035 male

401 4057 587 4106 Parthi.
620 4084 673 4093 —
697 4059 931 4122 gravida]
966 4058 1138 4123 plena.
1177 4061 1313 4111 Cum
1335 4059 1438 4109 abl.

405 4131 530 4181 item
573 4133 666 4181 Ov.
717 4134 853 4184 Fast.
902 4134 966 4195 4,
1023 4134 1153 4185 633:
1203 4136 1446 4198 gravidae

402 4209 583 4257 sanine
597 4213 791 4268 terra&
815 4224 942 4260 cum
962 4212 1120 4273 genii.
1143 4209 1227 4259 Sil.
1249 4212 1300 4270 2,
1325 4211 1439 4259 22οε

403 4281 563 4332 Mollis
593 4297 713 4345 apes
742 4286 1001 4348 yrwidao.
1044 4312 1098 4322 —-
1138 4286 1253 4335 «De
1293 4286 1443 4336 Mau-

571 4375 755 4422 ΗοιιΑτ.
788 4388 899 4421 vor..
936 4378 966 4422 Ι.
1029 4388 1089 4421 nn
1119 4387 1272 4422 ιωοιι
1303 4375 1370 4420 m.

1519 2359 1703 2395 rorum
1745 2348 1907 2397 armis
1946 2346 2052 2395 vid.
2101 2347 2246 2397 Hirtii
2289 2347 2416 2399 Bell.
2453 2350 2559 2400 Air.

1521 2434 1567 2469 c.
1595 2421 1643 2469 7.
1671 2420 1840 2470 Strab.
1871 2422 1950 2481 47,
1978 2421 2024 2469 3.
2052 2433 2105 2484 p.
2134 2420 2247 2472 482.
2277 2423 2558 2473 Herodian.

1523 2495 1577 2554 4,
1617 2495 1732 2543 45.»
1774 2497 2067 2544 Sennomsn
2104 2498 2321 2557 Quaem.
2362 2499 2559 2548 Horatt.

1520 2567 1732 2617 Saarhr.
1773 2569 1917 2619 4847.
1955 2582 2009 2633 p.
2049 2570 2096 2619 6.

1584 2642 1633 2692 4.
1692 2643 1861 2706 Fusae]
1900 2645 2120 2694 Intimos
2164 2645 2323 2694 animi
2367 2658 2561 2697 sensus

1520 2717 1622 2766 hac
1672 2716 1896 2780 simplici
1945 2716 2260 2768 allocutione
2304 2732 2430 2769 cum
2471 2735 2566 2770 ca-

1521 2792 1733 2841 rissimo
1757 2793 1929 2841 amico
1953 2793 2328 2853 communicat,
2367 2792 2434 2842 de
2458 2808 2565 2857 quo

1519 2866 1642 2915 vide
1677 2867 1782 2914 Sat.
1823 2865 1871 2927 4,
1908 2866 1956 2920 9,
1994 2867 2074 2914 64.
2114 2867 2244 2930 Epp.
2286 2869 2332 2928 4,
2373 2869 2450 2919 40.

1584 2942 1635 2989 5.
1692 2941 1912 3000 Syrtos-
1933 2942 2199 3004 aestuans]
2248 2940 2461 3006 Explico
2495 2944 2563 2994 de

1521 3027 1614 3064 ora
1649 3013 1834 3064 litorali
1879 3028 2105 3064 arenosa
2149 3016 2392 3078 Syrtibus
2430 3020 2564 3068 vici-

1521 3102 1616 3146 na,
1662 3102 1761 3152 per
1804 3102 1971 3151 quam
2016 3090 2190 3139 aditus
2233 3094 2431 3142 eratin
2467 3106 2564 3142 ne-

1520 3176 1643 3213 mus
1686 3177 1749 3213 ac
1794 3163 2054 3228 templum
2094 3166 2234 3215 lovis
2266 3169 2557 3228 Ammonis,

1521 3242 1580 3289 ut
1609 3239 1750 3301 Virg.
1791 3241 1920 3289 Aen.
1958 3241 2013 3301 δ,
2061 3242 2148 3289 54ε
2202 3242 2343 3290 Hunc
2384 3242 2559 3305 (diem)

1521 3327 1609 3375 ⁰9⁰
1628 3315 1849 3362 Gaetulis
1869 3328 2069 3376 aym-om
2090 3317 2131 3363 si
2149 3316 2377 3377 Syrtibus
2398 3319 2555 3366 arsid.

1521 3386 1722 3436 Eadem
1772 3389 2151 3450 significatione
2206 3403 2304 3453 pro
2358 3390 2561 3441 fervida

1519 3468 1798 3511 aestuosum
1820 3463 2107 3512 Calabriam
2129 3464 2258 3514 dicit
2278 3464 2373 3513 Od.
2401 3466 2449 3522 4,
2475 3464 2556 3524 34,

1519 3537 1595 3595 5.,
1639 3542 1917 3586 aestuosam
1947 3540 2084 3586 viam
2117 3539 2225 3588 Cic.
2264 3537 2333 3586 ad
2366 3541 2467 3587 Att.
2507 3539 2555 3596 5,

1521 3609 1610 3671 44,
1640 3612 1685 3659 4.
1715 3610 1898 3661 Catuli.
1926 3613 1985 3672 7,
2013 3611 2067 3661 4:
2096 3613 2299 3672 Cyrenis
2321 3613 2557 3662 oraclum

1515 3686 1646 3734 Iovis
1660 3687 1792 3734 inter
1813 3688 2025 3735 aestuosi
2046 3687 2111 3734 Et
2126 3687 2262 3734 Batti
2282 3688 2460 3735 veteris
2478 3701 2560 3736 sa-

1517 3774 1661 3809 crum
1687 3761 1978 3821 sepulcrm.
2019 3761 2094 3810 Id.
2121 3760 2202 3820 46,
2228 3762 2283 3810 5:
2320 3762 2560 3810 Nicaeae-

1517 3849 1612 3897 que
1642 3848 1767 3898 ager
1786 3835 1907 3884 uber
1928 3840 2198 3884 aestuosae.
2258 3832 2353 3884 Alii
2377 3835 2558 3898 appel-

1516 3909 1687 3958 lantes
1720 3908 1814 3957 Od.
1842 3910 1890 3968 2,
1918 3910 1966 3968 6,
1993 3909 2048 3957 3:
2086 3909 2345 3958 Bar-baras
2366 3911 2552 3970 Syrtes,

1515 3984 1598 4032 ubi
1630 3984 1819 4032 Maura
1851 3995 2042 4043 semper
2060 3983 2262 4034 Aestuat
2280 3985 2436 4042 unda,
2474 3986 2555 4033 in-

1518 4059 1876 4120 terpretantur
1919 4056 1987 4105 de
2027 4057 2278 4107 fluctibus
2313 4059 2556 4120 recipro-

1516 4133 1619 4192 ciS,
1673 4131 2036 4192 aestuantibus,
2093 4131 2550 4182 tumultuantibus.

1580 4208 1628 4256 6.
1666 4208 1714 4256 7.
1785 4207 2063 4256 Cauca-sim
2094 4207 2341 4269 Aeschyl.
2376 4211 2550 4258 Prom.

1513 4282 1593 4332 20.
1633 4275 2024 4350 ἀπάνθρωπον
2059 4278 2243 4346 πάγον
2276 4284 2445 4330 vocat.

2190 4373 2219 4415 9
