3234 4975
1266 417 1383 466 Lm.
1424 418 1482 466 11.
1555 420 1611 467 (3.
1655 419 1735 467 ΙΙΙ.

2503 421 2624 485 227

798 1240 1085 1325 Aequam
1134 1249 1455 1304 memento
1499 1238 1697 1305 rebus
1740 1239 1804 1303 in
1850 1239 2070 1304 arduis

800 1360 1076 1424 Servare
1124 1371 1434 1435 mentem,
1485 1380 1611 1424 non
1658 1379 1850 1424 secus
1898 1360 1958 1424 in
2004 1356 2191 1425 bonis

963 1480 1058 1545 Ab
1103 1479 1398 1545 insolenti
1446 1490 1866 1567 temperatam

592 1660 674 1708 111.
746 1660 908 1708 inser.
946 1657 1085 1721 volg.
1123 1659 1198 1707 Ad
1232 1658 1332 1721 (C.)
1366 1660 1609 1719 Bellium,
1665 1662 1718 1710 et
1760 1661 1838 1710 sic
1880 1661 2013 1710 BST.
2067 1688 2121 1696 —
2169 1661 2328 1710 Dellio
2361 1660 2446 1711 bc.
2503 1688 2554 1697 -«

524 1733 572 1781 2.
600 1746 663 1782 ac
696 1732 834 1782 bonis
866 1746 1021 1784 meus
1057 1733 1187 1783 Cod.
1227 1734 1289 1791 ἀς
1329 1747 1357 1782 e
1397 1732 1636 1784 Lambini
1671 1733 1885 1784 duobus
1921 1732 2087 1784 Bentl.
2131 1736 2208 1797 (Ut
2241 1748 2355 1796 nos,
2394 1738 2557 1787 ceteri

523 1809 629 1857 mei
666 1808 721 1857 et
753 1820 942 1859 omnes
976 1806 1235 1870 Bentleii.)
1275 1810 1337 1865 (2.
1366 1807 1413 1856 3.
1452 1813 1693 1857 mentem:
1729 1822 1830 1858 non
1862 1822 2001 1858 εοεαε
2022 1836 2050 1846 -
2073 1836 2102 1846 -
2124 1815 2399 1871 temperato
2432 1811 2563 1861 lier—

524 1882 787 1941 mannus)

524 2041 607 2090 111.
666 2042 867 2090 Seneca
917 2042 1130 2090 Suasor.
1179 2055 1231 2104 p.
1283 2041 1328 2090 7.
1370 2042 1502 2105 Bip.:

458 2113 673 2163 Bellium
717 2115 937 2165 Messala
982 2116 1225 2165 Cominus
1266 2114 1508 2165 desulto-

460 2201 576 2237 rem
610 2187 871 2239 bellorum
908 2188 1139 2239 civilium
1172 2195 1347 2249 vocat,
1385 2190 1507 2252 quia

457 2277 494 2311 a
524 2264 785 2314 Dolabella
826 2266 896 2314 ad
937 2266 1163 2315 Cassium
1201 2266 1509 2314 transiturus

458 2338 669 2387 salutem
700 2338 792 2387 sibi
818 2344 1001 2401 pactus
1032 2345 1128 2395 est,
1181 2340 1221 2387 εἰ
1268 2339 1506 2389 Dolabel-

456 2413 561 2460 lam
607 2414 882 2473 occidisset,
934 2419 979 2463 el
1030 2428 1064 2462 a
1111 2414 1281 2464 Cassio
1333 2415 1506 2463 deinde

456 2488 688 2536 transivit
754 2489 824 2537 ad
880 2489 1149 2538 Antonium
1160 2501 1180 2547 ‚·
1247 2489 1509 2538 novissime

456 2561 520 2609 ab
552 2561 763 2610 Antonio
808 2563 1079 2626 transtilqil
1119 2565 1188 2614 ad
1221 2564 1502 2615 Caesarem.

454 2636 547 2685 Hic
578 2640 648 2685 est
692 2637 904 2698 Dellius,
950 2638 1094 2686 euius
1136 2639 1388 2700 Epistolae
1425 2639 1508 2687 la-

456 2711 620 2759 scivae
652 2711 720 2759 ad
754 2712 1070 2773 Cleopatram
1090 2713 1339 2775 feruntur.
1394 2712 1501 2762 Cir.

457 2783 637 2834 Vellei.
688 2787 748 2844 2,
802 2785 883 2836 84.
943 2788 1153 2837 Antonii
1206 2787 1505 2837 Parthicam

457 2858 850 2922 expeditionem
872 2898 884 2920 ‚
955 2861 1007 2909 in
1065 2874 1171 2923 qua
1228 2862 1505 2925 copiarum

458 2932 813 2983 Romanarum
846 2934 981 2997 parti
1018 2934 1337 2998 praefuerat,
1372 2934 1509 2984 litte-

458 3006 531 3055 ris
576 3007 862 3056 mandavit.
934 3007 1123 3058 Strabo
1159 3008 1248 3070 44,
1294 3022 1348 3073 p.
1386 3009 1500 3058 523.

459 3082 664 3130 «Paene
694 3082 964 3131 exciderat
983 3083 1223 3132 errore'm
1244 3084 1504 3145 castigare

457 3154 730 3216 Tot-rentii,
755 3154 978 3205 Dellium
998 3156 1324 3207 desultorem
1342 3156 1506 3207 bello-

456 3240 575 3277 rum
611 3229 840 3280 civilium
874 3243 905 3279 a
940 3229 1105 3280 Dellio
1138 3231 1392 3282 historico
1423 3231 1506 3280 di·-

456 3315 673 3353 versum
691 3305 1020 3354 statuentis»
1058 3306 1260 3354 Ruhnk.
1283 3305 1352 3355 ad
1372 3305 1501 3356 Veli.

456 3375 489 3425 l.
516 3375 551 3425 1.
610 3377 850 3438 (Dellium
883 3378 1115 3443 aliquem
1138 3381 1347 3429 Antonii
1372 3395 1505 3430 παι-

454 3446 587 3501 δικὰ
621 3453 857 3503 nominat
892 3455 987 3503 Dio
1022 3453 1112 3515 49,
1150 3454 1230 3503 39.
1269 3454 1335 3503 ad
1371 3468 1418 3504 a.
1446 3469 1500 3505 u.

456 3539 503 3575 c.
531 3526 668 3586 720„
706 3540 869 3590 quem
904 3529 1085 3578 tamen
1119 3527 1187 3577 ab
1221 3529 1503 3580 Horatiano

454 3600 727 3651 diversum
742 3603 967 3665 putant.)
988 3629 1042 3638 —-
1060 3604 1121 3663 Q.
1141 3601 1337 3653 Dellius
1354 3607 1500 3662 tunc,

454 3688 581 3725 cum
624 3689 841 3725 carmen
885 3677 988 3728 hoc
1023 3679 1378 3740 compositum
1422 3682 1505 3728 est

457 3751 520 3812 (a.
559 3764 611 3799 u.
650 3764 696 3800 c.
736 3750 1051 3813 724-727‘2)‚
1107 3752 1320 3801 videtur
1368 3752 1504 3802 inter

455 3825 696 3874 Caesaris
740 3826 1166 3888 Maecenatisque
1219 3824 1501 3876 familiares

454 3897 634 3956 misse,
665 3902 994 3964 quapropter
1017 3902 1064 3950 ei
1089 3913 1309 3951 carmen
1333 3914 1501 3950 unum

454 3970 662 4032 saltem,
693 3975 752 4021 ut
772 3972 885 4023 aliis
910 3975 1153 4025 eiusdem
1176 3974 1502 4025 condicionis

450 4046 595 4104 viris,
638 4046 931 4097 inscribere
965 4049 1306 4100 humanitatis
1341 4051 1395 4099 et
1428 4048 1505 4098 ol-

454 4121 555 4170 flcii
591 4122 674 4171 sui
715 4121 863 4171 duxit
896 4123 1157 4174 Horatius.
1229 4124 1334 4174 Sed
1375 4136 1500 4173 cum

453 4208 553 4244 nec
578 4195 732 4246 valde
758 4196 1024 4248 fammaris
1048 4199 1095 4247 ei
1121 4200 1282 4258 esset,
1322 4209 1498 4260 neque

452 4269 724 4321 hominem
768 4270 1077 4328 ambiguum
1126 4273 1280 4321 nimis
1321 4272 1500 4332 suspi-

1581 2044 1749 2100 ceret,
1788 2041 1919 2091 scite
1955 2041 2248 2091 admodum
2285 2041 2464 2092 locum
2488 2056 2633 2094 com-

1581 2127 1802 2165 munem
1838 2116 1906 2165 de
1942 2119 2091 2166 recto
2126 2117 2264 2165 vitae
2301 2129 2399 2166 usu
2421 2119 2634 2180 pertra-

1579 2190 1757 2249 ctavit,
1797 2190 1863 2239 ad
1899 2192 2250 2241 constantiam
2288 2204 2350 2239 a(-
2387 2190 2633 2241 modera-

1580 2264 1782 2314 tionem
1840 2267 1999 2328 (quas
2057 2265 2276 2314 virtutes
2333 2265 2381 2313 ei
2439 2265 2632 2316 deesse

1584 2339 1806 2388 fortasse
1842 2337 1985 2388 haud
2031 2338 2333 2400 ignorabat)
2380 2340 2448 2388 ita
2506 2352 2632 2389 eum

1580 2412 1894 2471 exhortam,
1962 2417 2020 2462 ut
2077 2426 2143 2461 ne
2205 2410 2365 2462 ullam
2412 2412 2630 2475 quidem

1580 2487 1986 2550 reprehensoris
2028 2488 2267 2550 speciem
2309 2490 2628 2537 assumeret.

1580 2558 1753 2610 Nolim
1776 2564 1955 2610 autem
1976 2574 2099 2610 cum
2117 2560 2230 2611 aliis
2255 2561 2632 2624 interpretibus

1580 2636 1833 2694 statuere,
1865 2633 2091 2684 Dellium
2125 2636 2236 2684 tum
2272 2636 2631 2684 conflictatum

1582 2722 1705 2758 esse
1755 2709 1960 2758 fortuna
1996 2709 2210 2758 duriore
2263 2712 2423 2771 atque
2478 2722 2632 2759 mae-

1581 2786 1725 2832 stum
1759 2783 1972 2832 vixisse.

1649 2858 1694 2905 4.
1753 2856 2004 2920 Aequam]
2045 2857 2220 2906 «Porti
2263 2858 2630 2921 constantique

1580 2931 1761 2980 animo
1802 2930 1983 2994 perier
2024 2930 2306 2982 adversam
2346 2931 2629 2992 fortunam,

1580 3006 1624 3054 si
1668 3017 1906 3068 unquam
1952 3004 2044 3055 tibi
2080 3009 2475 3070 superveniet.»
2531 3009 2633 3058 Ar·-

1579 3078 1857 3130 chilochus
1903 3081 1984 3130 Fr.
2029 3081 2110 3130 58.
2157 3080 2485 3132 Schneidew.
2523 3081 2626 3131 vel.

1580 3155 1662 3204 60.
1699 3155 1896 3217 Bergk:
1947 3151 2097 3219 μήτε
2143 3152 2316 3205 νικῶν
2349 3149 2631 3222 ἀμφάδην

1579 3224 1829 3295 ἀγάλλεο
1873 3225 2033 3295 Μηδὲ
2078 3229 2337 3294 νικηθεὶς
2384 3230 2446 3280 ἐν
2488 3227 2630 3296 οἴκῳ

1579 3299 1923 3353 καταπεσών
1971 3297 2194 3374 ὀδύρεο.
2277 3304 2443 3355 Plaut.
2494 3304 2626 3355 Rud.

1579 3380 1642 3438 2,
1682 3379 1740 3439 3,
1779 3379 1874 3427 7⁴:
1912 3379 2121 3428 Animus
2154 3392 2344 3441 aequm
2375 3383 2632 3440 optimum

1577 3458 1650 3502 est
1681 3466 1956 3502 aermnae
1977 3453 2357 3502 condimentum.
2414 3454 2625 3503 Lucret.

1578 3529 1637 3588 5,
1688 3529 1844 3577 ⁴4⁴6:
1908 3529 2092 3589 Quodsi
2142 3527 2253 3589 quis
2298 3539 2424 3575 vera
2471 3527 2631 3577 vitam

1576 3603 1775 3651 ratione
1821 3602 2094 3665 gubernat,
2147 3602 2368 3651 Divitiae
2412 3601 2631 3663 grandes

1575 3677 1765 3726 homini
1779 3682 1894 3726 sunt
1907 3677 2077 3726 vivere
2085 3689 2245 3737 parce
2256 3675 2426 3736 Aequo
2436 3676 2623 3725 animo.

1642 3752 1691 3800 2.
1745 3752 1799 3800 in
1843 3750 2005 3813 bonis]
2051 3763 2154 3799 non
2197 3762 2336 3797 secus
2379 3762 2441 3798 ac
2489 3749 2628 3799 bonis

1576 3824 1741 3874 habet
1774 3825 1935 3874 etiam
1973 3822 2311 3874 Hildebertus
2343 3824 2474 3872 Mor.
2500 3823 2625 3873 Phi-

1574 3898 1674 3950 los.
1720 3911 1839 3963 pag.
1887 3898 2023 3958 9⁴9„
2079 3896 2177 3947 sed
2228 3897 2312 3946 est
2353 3910 2417 3946 ex
2460 3896 2620 3959 gloss.

1576 3975 1829 4023 Ceterum
1853 3983 2203 4023 numerorum
2226 3971 2498 4033 quandam
2527 3975 2628 4021 tais

1576 4047 1796 4097 dilatem
1829 4048 1991 4109 atque
2026 4044 2457 4109 aequabilitatem
2491 4059 2624 4095 con-

1575 4121 1712 4170 sulto
1755 4121 1807 4169 in
1849 4120 1932 4169 his
1975 4121 2192 4170 secutus
2239 4123 2320 4170 est
2358 4119 2620 4178 Horatius,

1575 4208 1713 4259 quae
1738 4196 1924 4245 iterato
1950 4195 2289 4260 imperativo,
2326 4198 2620 4255 temperato,

1574 4270 1702 4319 mihi
1738 4269 1956 4332 quidem
1992 4268 2100 4319 tolli
2135 4269 2361 4319 videtur.
