3234 4975
636 404 756 467 238

1402 404 1656 456 HORATH
1696 404 2032 457 CARMINUM

971 563 1246 648 Campos
1294 562 1633 635 iuvencae,
1685 582 1852 625 nunc
1897 559 2107 625 fluviis
2152 581 2410 643 gravem

1056 681 1331 747 Solantis
1377 693 1654 757 aestum,
1704 702 1873 747 nunc
1918 682 1980 746 in
2025 680 2155 746 udo

1142 802 1394 868 Ludere
1443 823 1590 868 cum
1646 802 1859 868 vitulis
1903 802 2126 868 salicto

970 960 1489 1048 Praegestientis.

1578 959 1752 1026 Tolle
1797 959 2167 1046 cupidinem

974 1081 1235 1147 Immitis
1285 1102 1483 1147 uvae:
1539 1081 1664 1146 iam
1715 1079 1824 1146 tibi
1869 1079 2101 1145 lividos

2733 1081 2809 1145 io

1058 1203 1419 1288 Distinguet
1460 1202 1857 1268 Auctumnus
1902 1222 2196 1268 racemos

1142 1325 1477 1410 Purpureo
1523 1324 1739 1387 varius
1791 1322 2026 1387 colore.

767 1543 847 1591 42.
885 1542 1055 1591 varios
1087 1539 1293 1590 Manuel
1329 1552 1367 1602 y
1403 1540 1548 1589 Faria
1593 1542 1648 1588 et
1688 1536 1855 1588 Bentl.
1896 1538 2033 1588 coni.
2073 1538 2281 1589 firmata
2317 1538 2386 1589 ab
2423 1539 2554 1589 Edd.
2595 1539 2740 1590 ⁴485.

703 1615 849 1667 4486.
877 1614 1019 1680 apud
1055 1614 1313 1676 Cuningh.
1338 1615 1510 1663 Anim.
1537 1627 1591 1677 p.
1617 1613 1733 1663 265.
1791 1615 1847 1663 In
1883 1614 1966 1663 his
2001 1615 2177 1664 ortum
2210 1615 2422 1665 videtur
2458 1628 2523 1665 ex
2559 1628 2742 1664 errore

702 1690 830 1739 Ven.
861 1688 1007 1740 ⁴484.
1046 1689 1271 1737 various.
1306 1714 1358 1723 —
1396 1689 1684 1748 Purpureus
1704 1688 1851 1737 υανίο
1873 1688 2040 1737 colore
2064 1688 2233 1738 Codd.
2262 1688 2385 1752 aliq.
2417 1688 2674 1738 Lambini.

704 1886 751 1934 6.
797 1884 1051 1946 iuvencae]
1094 1882 1364 1945 Epicrates
1402 1879 1544 1945 apud
1580 1882 1687 1930 Ae-

637 1957 757 2008 lian.
800 1959 859 2007 H.
900 1959 957 2006 A.
1004 1957 1090 2015 ¹2,
1131 1956 1232 2013 ⁴0„
1270 1955 1362 2004 ubi
1397 1953 1517 2005 lena
1550 1956 1689 2004 iurat

638 2032 705 2082 de
750 2030 952 2096 puella:
1006 2023 1088 2091 ὥς
1120 2025 1390 2093 δάμαλις,
1438 2024 1516 2091 ὥς
1550 2044 1689 2099 παρ-

638 2106 837 2167 θένος,
874 2099 954 2167 ὥς
978 2100 1168 2166 πῶλος
1190 2097 1398 2168 ἀδμής.
1435 2102 1683 2167 Sophocl.

640 2182 826 2231 Trach.
862 2181 974 2229 529.
1013 2179 1080 2228 de
1121 2179 1389 2228 Deianira:
1427 2172 1546 2227 ἀπὸ
1579 2193 1689 2242 μα-

637 2250 772 2324 τρὸς
805 2248 967 2323 ἄφαρ
1007 2251 1259 2313 βέβακεν
1300 2245 1449 2301 ὥστε
1490 2248 1688 2323 πόρτις

638 2326 845 2397 ἐρῆμα.
898 2356 952 2364 —-
990 2341 1122 2376 nunc
1154 2327 1338 2391 fluviis]
1363 2327 1421 2375 ut
1444 2339 1690 2390 praeser-

639 2405 733 2453 tim
757 2403 898 2452 circa
922 2401 1201 2452 meridiem
1224 2399 1471 2450 Italorum
1498 2414 1687 2463 greges

639 2479 782 2528 rivos
801 2475 1157 2540 ingredientes
1181 2489 1301 2526 sese
1326 2477 1542 2526 tuentur
1564 2489 1691 2525 con-

639 2556 717 2602 tra
742 2551 867 2602 solis
900 2553 1110 2602 aestum
1145 2553 1200 2600 et
1227 2553 1413 2600 contra
1438 2549 1680 2600 tabanos.

703 2627 752 2676 8.
793 2627 840 2676 9.
898 2639 1013 2676 cum
1044 2625 1230 2688 vitulis]
1270 2625 1460 2688 «quasi
1496 2626 1688 2675 etiam—

641 2715 781 2753 nunc
815 2702 1057 2752 eiusdem
1090 2698 1346 2752 cumillis
1378 2701 1525 2750 esset
1546 2702 1692 2749 aeta-

640 2777 757 2827 tis.»
786 2803 841 2811 —
861 2775 1172 2838 praeqestio,
1212 2768 1690 2845 ὖπερπροθυμοῦ-

637 2865 762 2916 μαι.
835 2852 1074 2899 Gnossm.

705 2925 783 2973 ⁴0.
838 2921 1059 2985 Immitis]
1096 2922 1352 2983 acerbae,
1392 2915 1684 2986 ὄμφακος.

640 2998 815 3062 Epigr.
868 2994 1077 3046 Anthol.
1133 2995 1237 3045 Pal.
1292 2998 1331 3045 1.
1388 3009 1507 3059 pag.
1565 2998 1684 3046 48⁴:

624 3067 861 3136 Ὅμφαξ
919 3065 1028 3120 οὐκ
1080 3069 1419 3132 ἐπένευσας·
1480 3063 1564 3119 ὅτ’
1620 3061 1690 3135 ἧς

640 3142 943 3209 σταφυλή,
980 3144 1362 3213 παρεπέμψω.
1400 3140 1495 3209 Μὴ
1531 3145 1692 3206 φθο-

639 3223 814 3290 νέσῃς
845 3217 1050 3270 δοῦναι
1071 3212 1184 3268 κᾶν
1203 3215 1393 3288 βραχὺ
1419 3217 1524 3285 τῆς
1547 3233 1690 3269 στα-

639 3292 828 3357 φὶὄος.

708 3371 788 3419 Η.
860 3368 1037 3418 Verba
1086 3369 1163 3418 sic
1209 3368 1527 3418 ordinanda:
1582 3369 1691 3419 Au-

637 3449 868 3494 ctumnus
897 3445 1074 3493 varius
1096 3444 1362 3507 distinguet
1383 3444 1547 3494 colore
1563 3458 1691 3505 pun-

632 3533 795 3582 pureo
828 3532 1053 3568 racemos
1083 3518 1285 3579 lividos,
1324 3531 1460 3568 non:
1499 3520 1690 3567 Aucta—

637 3607 786 3644 mnus
817 3594 1082 3656 diseinffuet
1120 3605 1345 3643 racemos
1385 3594 1561 3643 lividos
1591 3607 1690 3642 va-

639 3670 748 3717 rius
773 3668 937 3717 colore
963 3681 1236 3729 purpureo.
1303 3668 1485 3718 Varius
1506 3669 1688 3717 autem

643 3755 749 3793 non
783 3744 909 3801 tam,
949 3743 1039 3805 qui
1072 3744 1276 3803 varios,
1316 3743 1488 3792 omnis
1524 3755 1692 3804 gene-

641 3817 714 3868 ris
746 3816 948 3866 fructus
982 3817 1253 3881 producit,
1292 3816 1390 3867 sed
1425 3819 1689 3880 quatenus

640 3890 817 3940 varios
861 3889 1269 3953 (schillernde
1312 3891 1490 3955 potius
1525 3903 1689 3953 quam

641 3963 858 4027 bunte)
895 3963 1102 4015 colores
1137 3966 1288 4025 uvis,
1332 3965 1521 4029 pomis,
1562 3965 1690 4028 piris

642 4040 745 4088 cet.
774 4038 992 4088 inducit.
1020 4041 1176 4103 Prop.
1205 4039 1263 4100 4,
1291 4041 1349 4100 2,
1389 4039 1479 4089 ⁴3:
1516 4040 1691 4089 Prima

640 4113 762 4163 mihi
820 4113 1158 4175 (Vertumnus
1193 4113 1448 4178 loquitur)
1518 4115 1694 4164 variat

641 4187 902 4237 livmuibus
930 4201 1035 4237 uva
1056 4189 1283 4237 racemis.
1355 4189 1448 4238 Ov.
1476 4190 1597 4239 Met.
1637 4188 1686 4249 3,

643 4261 764 4312 482:
802 4267 858 4310 ut
888 4263 1050 4311 variis
1081 4263 1202 4311 solet
1224 4275 1325 4310 uva
1348 4263 1562 4312 racemis
1584 4264 1693 4313 Du-

1760 1895 1870 1931 cere
1894 1896 2212 1944 purpureum
2244 1883 2464 1932 nondum
2495 1889 2702 1932 matura
2731 1897 2813 1931 co—

1760 1956 1931 2005 lorem.
1973 1957 2103 2005 Cato
2128 1957 2226 2005 ΒΗ.
2255 1957 2343 2005 73;
2365 1956 2460 2005 nbi
2483 1971 2612 2006 uvae
2632 1959 2811 2006 variae

1760 2031 2009 2091 coeperint
2038 2031 2165 2093 fleri.
2233 2029 2417 2080 Catull.
2458 2032 2549 2091 47,
2589 2031 2668 2081 ⁴6.
2707 2044 2810 2095 pu—

1762 2103 1918 2153 ellam
1978 2104 2295 2154 adultiorem
2350 2107 2462 2153 uvis
2525 2106 2812 2168 nigerrimis

1764 2178 2015 2240 (maturis)
2052 2178 2351 2241 diligentius
2386 2192 2507 2229 esse
2533 2192 2814 2230 asservan-

1762 2252 1888 2302 dam
1923 2254 2010 2302 ait.
2082 2254 2210 2303 Tres
2245 2254 2402 2315 igitur
2435 2255 2558 2304 sunt
2590 2253 2807 2315 graduS‚

1762 2327 1958 2390 quibus
2000 2341 2103 2376 uva
2138 2327 2333 2376 acerba
2370 2329 2424 2376 et
2458 2327 2637 2376 viridis
2676 2321 2812 2392 (ὄμ-

1762 2398 1903 2464 φαξ)
1933 2403 2270 2451 maturescit:
2308 2401 2468 2461 livor,
2507 2414 2811 2465 purpureus

1763 2474 1934 2537 color,
1974 2476 2137 2539 niger.
2177 2477 2289 2527 Hoc
2320 2489 2446 2539 ergo
2471 2475 2619 2525 dicit:
2663 2476 2810 2525 «Mox

1763 2553 2092 2600 Auctumnus
2117 2552 2325 2600 varians
2360 2549 2627 2600 fructuum
2665 2549 2814 2600 colo-

1762 2637 1850 2674 res
1880 2637 2039 2674 uvam
2074 2625 2340 2689 distinguet
2375 2624 2544 2688 (aliter
2577 2625 2808 2688 tinguet,

1758 2701 1789 2762 f
1791 2704 1863 2749 αν
1875 2698 1932 2749 bt
1962 2699 2086 2762 um)
2109 2712 2381 2764 purpureo
2405 2698 2611 2758 colore,
2649 2711 2813 2762 quem

1763 2774 1940 2824 statim
1976 2776 2232 2836 sequetur
2266 2776 2440 2835 niger,
2478 2771 2668 2837 plenae
2693 2786 2813 2822 ma-

1763 2848 1990 2898 turitatis
2026 2849 2252 2910 signum.
2317 2846 2470 2896 Velut
2493 2851 2814 2897 auctumnus

1763 2921 2022 2972 fructibus
2059 2921 2420 2971 maturitatem
2455 2921 2704 2984 praebet,
2743 2924 2813 2971 ita

1761 2999 1977 3061 tempus
2011 2999 2242 3048 amatam
2277 2995 2511 3060 puellam
2546 3001 2814 3047 maturam

1764 3074 1818 3121 et
1860 3070 2093 3121 habilem
2139 3070 2233 3120 tibi
2277 3071 2531 3121 reddet.»
2587 3073 2810 3122 Pindar.

1763 3146 1950 3195 Isthm.
1987 3148 2036 3206 2,
2065 3144 2112 3196 4.
2152 3145 2220 3194 de
2257 3158 2452 3209 puero:
2481 3137 2669 3209 Ὅστις
2703 3142 2815 3197 ε’ὠν

1763 3216 1942 3282 καλὸς
1976 3216 2129 3279 εἶχεν
2145 3213 2477 3289 Ἀφροδίτας
2500 3214 2808 3291 Εὐθρόνου

1761 3292 2114 3365 μνάστειραν
2147 3289 2389 3345 ἁδίσταν
2424 3289 2677 3366 ὀπώραν.

1830 3371 1908 3420 43.
1960 3369 2132 3433 ferox]
2187 3368 2509 3430 «indomita,
2560 3370 2816 3420 intracta-

1763 3443 1882 3494 bilis
1925 3442 2008 3493 illa
2052 3446 2227 3503 aetas,
2281 3456 2385 3506 qua
2420 3441 2627 3508 puellae
2672 3446 2815 3493 viros

1765 3520 1945 3581 fugere
1982 3517 2207 3568 solent.»
2245 3518 2493 3582 (trotziy.)

1831 3593 1910 3643 44.
1949 3592 2229 3655 dempserit]
2265 3593 2398 3642 Anni
2433 3593 2573 3642 vitae
2610 3595 2665 3642 et
2685 3605 2815 3642 vere

1764 3666 1933 3718 vitalis
1969 3669 2021 3716 et
2056 3666 2353 3731 sperandae
2390 3668 2519 3716 demi
2553 3666 2709 3718 nobis
2733 3668 2817 3716 vi-

1765 3742 1960 3792 dentur
1990 3745 2113 3806 post
2146 3755 2346 3792 annum
2383 3743 2570 3792 aetatis
2605 3743 2818 3792 circiter

1765 3819 1934 3878 XLV.;
1973 3815 2405 3868 adolescentibus
2429 3820 2612 3867 contra
2637 3819 2692 3867 et
2712 3818 2818 3866 vir-

1765 3891 1973 3955 ginibus
2017 3892 2178 3941 iidem
2221 3890 2290 3941 illi
2338 3891 2460 3940 anni
2506 3891 2714 3952 selice3‚
2760 3895 2821 3941 ut

1765 3965 1919 4017 nobis
1954 3965 2226 4022 videntur,
2273 3970 2600 4027 apponuntur
2641 3977 2815 4028 usque

1765 4041 1834 4091 ad
1858 4054 2056 4090 annum
2079 4041 2182 4089 XX.
2203 4040 2389 4103 virgini
2414 4037 2642 4098 Italicae,
2662 4039 2813 4088 XXV.

1766 4115 2142 4174 Germanicae,
2193 4113 2388 4163 XXXV.
2427 4112 2510 4162 vel
2560 4114 2604 4163 si
2649 4114 2818 4163 mavis

1765 4190 1866 4239 XL.
1905 4189 2107 4250 iuveni,
2146 4188 2239 4238 ubi
2265 4190 2444 4239 mente
2470 4189 2685 4251 saepius
2708 4185 2822 4235 vol-

1763 4264 1963 4323 vimuS‚
2002 4263 2145 4312 hunc
2179 4261 2265 4312 vel
2299 4261 2445 4312 illum
2476 4274 2675 4312 annum
2698 4261 2821 4310 viri-
