3234 4975
1321 384 1437 433 LlB.
1481 385 1538 433 ll.

1610 386 1669 432 C.
1710 385 1812 434 xx.
2518 385 2643 448 327

1201 853 1921 916 cmxx-

985 1033 1124 1098 Non
1168 1032 1401 1098 usitata
1446 1053 1567 1099 nec
1613 1033 1785 1100 tenui
1831 1034 2000 1100 ferar

605 1229 710 1279 XX.
749 1230 913 1280 lusor.
950 1227 1089 1291 volg.
1127 1229 1204 1278 Ad
1235 1231 1601 1290 Maecenatem,
1657 1233 1710 1279 et
1743 1232 1821 1281 sic
1864 1229 1996 1281 BbS.
2056 1259 2110 1268 —
2162 1232 2239 1282 Aa
2278 1234 2583 1283 Mecenatem

542 1303 808 1367 alteyorice
828 1303 1092 1354 tetracolos
1113 1303 1170 1352 T.
1202 1329 1256 1340 —
1294 1303 1359 1352 Se
1379 1304 1713 1353 immortalem
1741 1305 1971 1368 ficturum
1993 1310 2038 1355 ec
2072 1307 2124 1356 in
2146 1307 2349 1370 cientem
2370 1320 2580 1357 conver-

541 1379 742 1429 tendum
775 1392 822 1429 c.
863 1406 915 1414 —
953 1379 1001 1428 l.
1042 1392 1143 1428 non
1176 1379 1310 1428 tenui
1343 1378 1396 1437 d,
1425 1394 1540 1442 κμ,
1577 1380 1710 1428 Pott.
1738 1377 1873 1439 duo,
1912 1379 2033 1429 Fea.
2074 1380 2150 1442 (Ut
2172 1393 2289 1441 nos,
2325 1380 2552 1442 BbSTc.)

537 1554 644 1604 XX.
687 1555 746 1604 ln
780 1565 1013 1615 cycnum
1048 1567 1108 1604 se
1143 1555 1404 1604 mutatum
1439 1556 1523 1602 at-

474 1642 579 1691 que
612 1642 645 1677 a
678 1629 834 1679 terris
868 1641 992 1678 mox
1027 1628 1390 1678 discessurum
1427 1626 1524 1677 fln-

473 1714 631 1765 gens,
684 1714 882 1752 nomeu
924 1704 1115 1765 poetae
1156 1701 1225 1751 ab
1272 1700 1521 1751 omnibus

472 1777 717 1826 honorati
775 1774 1243 1840 immortalemque
1299 1774 1519 1838 gloriam

475 1853 577 1903 sibi
626 1851 920 1917 pollicetur.
1004 1853 1255 1915 Egregius
1304 1854 1517 1902 nostrae

472 1928 659 1978 aetatis
693 1924 988 1991 philologus
1034 1926 1398 1990 (Eichstadius)
1449 1928 1518 1976 ita

473 2003 542 2053 de
576 2002 680 2051 hoc
714 2002 952 2052 carmine
986 2001 1258 2052 iudicavit:
1317 2002 1519 2051 «Hora-

472 2076 604 2126 tium
653 2088 760 2126 non
810 2076 952 2126 serio
1003 2088 1122 2125 rem
1165 2076 1365 2138 egisse,
1420 2073 1516 2125 sed

472 2150 676 2200 urbana
730 2149 963 2212 quadam
1025 2150 1094 2200 ad
1151 2152 1517 2201 Maecenatem

471 2225 729 2274 iocatione
753 2237 912 2274 usum
945 2225 1221 2288 putamus,
1259 2238 1365 2288 qua
1392 2229 1521 2288 poe-

471 2301 581 2348 tam
613 2311 673 2348 se
708 2297 929 2362 quidem
962 2299 1017 2347 et
1037 2301 1259 2361 propter
1277 2296 1518 2347 lauream

471 2372 736 2436 poeticam
786 2372 930 2421 haud
982 2372 1257 2434 indignum
1306 2373 1519 2422 Maece-

471 2446 604 2497 natis
638 2447 867 2497 amicitia
894 2446 1264 2511 profiteretur,
1301 2445 1398 2497 sed
1420 2459 1520 2510 per

472 2524 643 2585 ipsam
677 2534 922 2572 summae
958 2520 1323 2572 ostentationis
1357 2522 1521 2571 simu-

468 2595 738 2656 lationem,
765 2597 1023 2659 quantum
1043 2596 1409 2646 ostentationis
1430 2608 1521 2643 va-

470 2671 605 2721 nitas
646 2670 809 2719 distet
848 2668 917 2718 ab
964 2669 1137 2719 festivi
1171 2668 1402 2718 bominis
1435 2667 1519 2717 hi-

468 2742 674 2794 laritate
721 2742 1069 2793 declararet.»
1119 2769 1174 2778 —
1219 2740 1352 2791 mud
1395 2743 1516 2791 ante

468 2818 646 2867 omnia
674 2817 889 2867 Horatio
911 2816 1244 2881 propositum
1271 2818 1402 2877 erat,
1440 2818 1515 2876 ut,

467 2891 664 2942 multos
698 2904 825 2941 cum
858 2891 1087 2941 haberet
1120 2891 1328 2952 iniquos
1356 2892 1517 2953 atque

467 2965 873 3026 obtrectatores,
898 2966 1093 3030 partim
1117 2963 1286 3015 malos
1308 2966 1515 3027 poetas,

467 3041 658 3104 partim
724 3040 1099 3104 grammaticos
1164 3039 1514 3101 antiquarioS,

467 3113 535 3163 ab
588 3115 889 3178 aequalium
944 3115 1156 3178 optimis
1211 3112 1515 3176 quibusque

467 3191 521 3239 et
552 3190 845 3240 sanissimis
879 3188 1097 3239 tandem
1133 3191 1517 3251 agnosceretur

465 3264 719 3312 Romanae
761 3264 940 3327 fidicen
986 3264 1159 3325 lyram
1214 3263 1357 3327 quod
1393 3264 1515 3326 qui-

465 3337 592 3386 dem
626 3338 958 3400 propositum
983 3350 1106 3387 cum
1129 3340 1357 3396 teneret,
1396 3336 1513 3387 libri

466 3410 688 3461 secundi
722 3408 905 3459 ultimo
940 3411 1201 3472 carmine,
1239 3414 1291 3461 in
1327 3411 1513 3463 illustri

465 3483 584 3534 loco
630 3484 802 3547 posito
850 3485 905 3532 et
950 3485 1036 3532 cui
1071 3483 1237 3534 lector
1270 3485 1513 3549 aliquan-

466 3558 633 3620 tisper
686 3553 875 3605 saltem
941 3557 1213 3607 immorari
1256 3559 1509 3620 debebat,

466 3633 755 3693 antequam
789 3629 858 3679 ad
892 3630 1105 3680 tertium
1129 3630 1323 3682 librum
1345 3636 1516 3684 nans-

469 3706 593 3765 iret,
647 3717 801 3754 suam
846 3706 998 3767 quasi
1044 3698 1378 3757 ἀποθέωσιν
1419 3721 1513 3759 ce-

465 3777 677 3829 lebrare
711 3780 871 3842 atque
908 3778 1058 3839 illud,
1119 3782 1178 3830 ut
1209 3780 1365 3842 primi
1393 3779 1511 3831 libri

465 3854 699 3917 primum
721 3866 939 3904 carmen
961 3866 1174 3904 summo
1198 3866 1297 3904 suo
1325 3855 1513 3904 fautori

463 3929 756 3980 inscribere
791 3930 1059 3988 decrevit;
1106 3930 1343 3979 carmine
1382 3942 1512 3979 vero

463 4006 646 4055 iocoso
681 4003 942 4068 (berlesco)
977 4005 1119 4054 hunc
1159 4002 1355 4054 librum
1388 4017 1516 4054 con-

464 4078 683 4129 cludere
717 4091 822 4129 non
844 4081 1072 4143 poterat,
1109 4079 1276 4129 nisisi
1301 4078 1513 4142 ineptus

465 4155 577 4203 iure
621 4154 787 4204 videri
829 4152 1109 4208 voluisset;
1164 4166 1342 4216 neque
1383 4164 1512 4203 vero

465 4230 694 4279 metrum
753 4228 1024 4279 Alcaicum
1075 4227 1339 4279 eiusmodi
1394 4228 1512 4278 ioco

1594 1555 1723 1603 satis
1757 1555 2024 1605 convenit.
2063 1557 2309 1606 Attamen
2341 1558 2391 1607 in
2416 1557 2646 1608 eandem

1593 1626 1705 1677 fere
1742 1640 1867 1677 cum
1901 1629 2204 1680 Eichstadio
2240 1632 2546 1694 opinionem
2572 1633 2649 1681 in-

1592 1700 1753 1752 clinat
1775 1703 2140 1754 Schneidewin
2177 1705 2228 1755 in
2254 1706 2488 1755 Coniect.
2526 1708 2639 1756 crit.

1594 1776 1738 1826 4839.
1777 1777 1826 1826 8.
1863 1790 1917 1841 p.
1958 1778 2043 1838 ⁴7,
2091 1782 2145 1829 et
2178 1779 2232 1828 in
2266 1776 2433 1828 altero
2468 1776 2645 1829 libello

1592 1852 1829 1900 Coniect.
1870 1853 1985 1901 crit.
2032 1866 2085 1916 p.
2133 1853 2215 1903 32.
2261 1853 2550 1916 deceptus,
2588 1855 2645 1902 ut

1592 1925 1719 1974 mihi
1755 1925 1977 1988 quidem
1998 1927 2236 1988 videtur,
2274 1926 2343 1977 ab
2367 1926 2640 1985 Alcmene,

1590 2000 1741 2049 cuius
1778 2012 1996 2050 carmen
2030 1999 2115 2051 vel
2150 2002 2254 2051 hoc
2294 2001 2511 2052 nomine
2560 1999 2643 2050 di-

1590 2072 1766 2123 stabat
1805 2073 1874 2124 ab
1910 2075 2221 2136 Horatian0,
2280 2076 2425 2139 quod
2469 2077 2522 2125 in
2556 2074 2641 2126 illo

1591 2148 1979 2198 enarrabantur
2020 2149 2199 2213 populi
2243 2152 2539 2214 portentosi
2586 2153 2641 2201 et

1592 2221 1897 2284 longissime
1941 2236 1972 2272 a
2017 2226 2235 2274 Graecia
2280 2225 2500 2283 remoti,
2553 2225 2641 2274 Ri-

1590 2297 1766 2360 phaei,
1793 2297 2076 2348 Issedones
2099 2301 2225 2357 cet.;
2257 2300 2308 2349 in
2333 2300 2434 2348 boc
2457 2302 2638 2349 autem

1591 2372 1736 2420 omni
1802 2373 2090 2441 εἰρωνείας
2144 2374 2433 2436 suspicioni
2491 2386 2642 2437 pror-

1591 2458 1685 2496 sus
1720 2450 2016 2511 repugnant
2048 2446 2239 2497 verba:
2288 2453 2335 2497 ct
2376 2449 2462 2510 qui
2495 2449 2642 2498 dissi-

1589 2521 1751 2570 mulat
1781 2527 1967 2571 mecum
1988 2524 2195 2571 Marsae
2215 2522 2430 2571 cohortis
2448 2524 2636 2574 Dacus.

1591 2594 1808 2644 Amicus
1864 2595 2082 2658 quidam
2145 2609 2300 2646 meus
2355 2596 2639 2661 aliquando

1591 2667 1726 2718 baec
1750 2669 1878 2718 mibi
1901 2670 2137 2732 scripsit:
2179 2671 2323 2719 «Non
2346 2671 2460 2719 sine
2479 2684 2639 2721 causa

1592 2740 1826 2791 nonnulli
1860 2744 1970 2791 toto
2006 2744 2057 2791 in
2089 2743 2325 2792 carmine
2350 2744 2641 2807 repreben-

1590 2815 1735 2866 disse
1782 2816 1911 2865 mihi
1956 2817 2204 2872 videntur
2248 2818 2429 2866 nescio
2475 2831 2636 2880 quem

1590 2889 2007 2961 παρένθυρσον.
2046 2892 2326 2940 Praeterea
2361 2890 2503 2940 baud
2527 2894 2639 2942 scio

1590 2978 1658 3015 an
1705 2977 1811 3014 non
1852 2964 2021 3028 putidi
2067 2962 2264 3028 aliquid
2310 2964 2509 3014 habeat
2548 2980 2634 3016 vv.

1588 3038 1767 3088 9—42.
1806 3039 1962 3088 nimis
1994 3042 2241 3088 accurata
2287 3037 2371 3089 illa
2406 3040 2639 3102 singula-

1585 3126 1737 3175 rum,
1793 3127 1928 3176 quas
1976 3112 2230 3175 subierit,
2286 3115 2638 3165 mutationum

1587 3188 1741 3251 quasi
1776 3189 2157 3239 enumeratio.»
2227 3187 2495 3252 Respondi
2530 3201 2634 3239 non

1586 3263 1755 3324 magis
1791 3275 1912 3312 eam
1946 3261 2276 3325 displicuisse
2311 3261 2480 3312 videri
2528 3263 2637 3312 Ho-

1584 3338 1701 3386 ratii
1736 3336 2049 3399 aequalibus
2090 3349 2254 3399 quam
2297 3335 2497 3387 similes
2528 3350 2634 3399 με·

1585 3407 1990 3481 ταμορφώσεις
2026 3410 2331 3469 ovidianas,
2377 3411 2433 3459 et
2465 3423 2636 3473 quae—

1584 3486 1742 3535 sitam
1776 3483 1845 3534 ab
1881 3487 2108 3548 utroque
2132 3485 2291 3548 poeta
2314 3479 2631 3552 ἐνάργειαν,

1586 3571 1725 3622 quae
1760 3558 1917 3609 nobis
1952 3558 2174 3608 sortasse
2212 3558 2368 3607 nimis
2403 3570 2633 3620 operosa

1585 3633 1845 3683 videatur.
1929 3631 2033 3681 Sed
2083 3630 2250 3681 libere
2288 3630 2457 3680 fateor
2491 3633 2634 3681 stro-

1585 3708 1732 3771 phen
1754 3707 1965 3756 tertiam
1988 3704 2117 3755 mihi
2152 3717 2368 3767 quoque
2394 3715 2500 3754 non
2524 3718 2636 3754 ma-

1586 3794 1822 3845 gnopere
1857 3779 2097 3844 placere,
2145 3780 2199 3828 et
2232 3776 2329 3827 alia
2366 3781 2448 3828 est
2482 3780 2633 3841 epica

1585 3855 1770 3906 talium
1802 3856 2033 3918 pictura,
2089 3855 2149 3903 ut
2190 3851 2333 3915 apud
2369 3852 2630 3914 Ovidium,

1585 3928 1688 3979 alia
1721 3928 1959 3979 debebat
1992 3940 2113 3977 esse
2144 3926 2310 3990 lyrici.
2349 3928 2459 3976 Nec
2483 3925 2633 3977 facile

1586 4004 1706 4066 quis
1758 4004 1918 4064 neget
1967 4003 2137 4051 totum
2189 4014 2408 4051 carmen
2458 4002 2634 4064 potius

1585 4079 1700 4125 arte
1736 4076 1932 4126 factum
1967 4089 2088 4126 esse
2125 4074 2287 4139 quam
2321 4090 2351 4125 a
2385 4089 2516 4126 vero
2540 4075 2632 4127 ἐν-

1584 4147 1933 4216 θουσιασμῷ
1968 4152 2176 4215 poetico
2220 4151 2433 4201 Horatio
2468 4151 2633 4213 inspi-

1585 4227 1789 4283 ratum;
1828 4225 1925 4277 sed
1959 4229 2241 4290 propterea
2278 4238 2437 4276 nemo
2472 4238 2635 4276 sanus
