3234 4975
634 376 658 442 ¹l
675 377 755 441 72

1400 379 1654 428 nonnil
1691 378 2026 429 CARMINUM

1056 536 1368 601 Mercator
1411 535 1695 601 exsiccet
1736 533 1988 601 culullis

1136 657 1292 723 Vina
1336 657 1503 746 Syra
1547 665 1846 743 reparata
1889 676 2133 729 merce,

967 815 1080 879 Dis
1125 835 1316 880 carus
1360 814 1549 901 ipsis,
1608 814 1851 902 quippe
1897 826 1994 880 ter
2037 825 2101 880 et
2144 823 2375 901 quater

970 938 1150 1001 Anno
1196 936 1488 1002 revisens
1533 957 1783 1023 aequor
1825 935 2204 1002 Atlanticum

1056 1058 1340 1144 Impune.

1431 1058 1530 1124 Me
1574 1068 1849 1145 pascunt
1891 1056 2129 1130 olivae,

2714 1055 2792 1120 ⁴5

764 1246 839 1294 Η.
878 1244 960 1293 cui
1002 1245 1099 1293 iuis
1138 1246 1204 1304 B,
1250 1247 1428 1296 culillis
1468 1248 1523 1297 T.
1575 1273 1629 1283 —
1683 1248 1760 1296 45.
1801 1252 2016 1308 pascant
2055 1258 2178 1296 cum
2227 1243 2257 1294 λ
2304 1247 2357 1295 et
2391 1247 2515 1296 Tau.
2557 1246 2725 1296 Fabro

696 1317 861 1369 Bentl.
903 1320 1131 1381 (pascunt
1165 1334 1354 1371 omnes
1389 1323 1492 1371 mei
1528 1323 1584 1372 et
1615 1320 1883 1382 Pottierii.)

630 1486 855 1537 alterum
891 1489 1048 1543 dedit:
1100 1491 1378 1553 «premant
1409 1490 1572 1539 vitem
1609 1491 1670 1550 ii,

630 1560 825 1624 quibus
848 1563 1073 1611 Fortuna
1110 1562 1257 1613 dedit
1288 1564 1502 1614 vitem.»
1552 1565 1675 1614 Du.-

629 1649 930 1695 Lsssonosn,
959 1637 1043 1686 eui
1068 1636 1205 1688 ultro
1223 1637 1512 1689 obsecutus
1530 1652 1670 1689 sum.

629 1711 849 1774 Saepius
884 1712 1045 1769 enim,
1084 1725 1246 1774 quam
1277 1713 1454 1762 adhuc
1475 1713 1674 1763 factum

629 1787 739 1843 est,
811 1784 1005 1849 duplici
1068 1786 1366 1837 huiusmodi
1430 1788 1676 1837 constru-

629 1859 804 1909 ctione
827 1858 1146 1911 difficiliores
1168 1864 1448 1924 poetarum
1460 1849 1677 1912 ‘Latino-

628 1945 747 1982 rum
765 1931 910 1983 locos
927 1934 1209 1984 commode
1230 1935 1495 1999 explanari
1512 1950 1673 2000 posse

632 2007 758 2055 mihi
780 2020 1099 2071 persuasum
1123 2012 1221 2059 est.
1253 2037 1306 2045 —
1329 2011 1492 2069 Cales,
1520 2012 1676 2059 Cam-

628 2082 817 2145 paniae
864 2081 1119 2145 oppidum
1164 2085 1215 2133 in
1262 2097 1388 2146 agro
1423 2085 1668 2145 Sidicin0‚

630 2155 791 2206 hodie
827 2156 984 2205 Calvi.
1055 2158 1111 2206 In
1145 2171 1305 2221 prosa
1339 2162 1495 2209 orat.:
1544 2160 1675 2208 «vi-

629 2243 760 2280 neas
796 2230 1001 2280 feraces
1030 2229 1243 2282 Calibus
1267 2232 1521 2293 habeant,
1561 2236 1677 2297 qui-

628 2303 730 2355 bus
763 2306 818 2355 id
850 2307 1116 2356 concessit
1148 2307 1432 2357 Fortuna.»
1485 2309 1580 2359 Od.
1622 2309 1669 2369 4,

625 2380 709 2439 20,
747 2381 805 2430 9:
845 2380 1025 2430 Caleno
1052 2381 1194 2442 prelo
1227 2383 1466 2432 domitam
1496 2398 1669 2445 nomn,

626 2455 765 2505 inter
797 2456 916 2505 vina
952 2457 1308 2519 generosiora.

694 2531 772 2579 Η.
810 2530 1037 2594 exsiccet]
1075 2534 1360 2596 «epotet»,
1407 2547 1529 2583 cum
1575 2534 1673 2584 ali-

626 2617 730 2668 qua
781 2606 1040 2655 aviditatis
1092 2607 1485 2669 significatione.
1558 2611 1666 2659 Cic.

627 2679 695 2728 ad
720 2678 897 2729 Famil.
928 2681 1007 2740 46,
1046 2682 1126 2730 26:
1165 2682 1374 2746 layenae
1395 2710 1424 2720 -
1445 2710 1474 2720 -
1494 2684 1672 2746 furtim

625 2754 917 2803 ezsiccatae.
975 2754 1071 2805 Od.
1127 2757 1182 2815 4,
1238 2755 1329 2816 35,
1383 2758 1472 2806 27:
1532 2759 1674 2807 cadis

626 2830 749 2877 Cum
781 2830 920 2891 faece
950 2831 1161 2879 siccatis.
1205 2858 1259 2867 —-
1296 2832 1507 2896 culullis]
1535 2831 1667 2882 «Ca-

625 2900 752 2952 lices
788 2902 998 2962 fictiles,
1038 2903 1232 2966 quibus
1260 2906 1537 2969 pontifices
1569 2908 1673 2956 vir-

624 2977 880 3039 ginesque
932 2977 1170 3028 Vestales
1226 2980 1277 3027 in
1334 2981 1500 3030 sacris
1550 2984 1671 3031 ute-

626 3050 871 3100 bantur.»
907 3053 1087 3101 Senot..
1151 3054 1285 3103 Tum
1336 3055 1403 3104 de
1447 3055 1669 3105 divitum

625 3124 995 3188 grandioribus
1049 3127 1252 3190 poculis
1311 3129 1664 3193 (Humpen).

625 3202 732 3250 Art.
769 3203 912 3263 poet.
953 3200 1066 3251 434.

691 3275 769 3324 ⁴2.
807 3276 1183 3341 Syra-merce]
1220 3280 1471 3329 aromatis
1505 3281 1666 3342 atque

625 3351 905 3412 unguentis
955 3364 1019 3400 ex
1070 3351 1218 3402 India
1268 3355 1320 3402 et
1369 3353 1560 3404 Arabia
1613 3356 1668 3405 in

623 3424 806 3485 Syriae
857 3425 1257 3491 Phoenicesque
1300 3429 1493 3493 oppida
1537 3443 1669 3481 con-

622 3501 789 3551 vectis
824 3503 877 3551 et
911 3501 1033 3551 inde
1068 3504 1291 3553 Romam
1314 3503 1530 3562 delatis;
1569 3519 1667 3570 pro

623 3576 704 3626 his
740 3576 892 3638 igitur
926 3580 1194 3627 mercator
1224 3585 1460 3641 reparat,
1508 3581 1667 3630 vicis-

621 3651 724 3701 sim
764 3656 943 3715 parat,
995 3656 1266 3717 permutat
1306 3655 1425 3704 vina
1466 3658 1666 3704 Graeca

622 3728 677 3774 et
723 3725 916 3777 Italica.
989 3728 1438 3779 Pei-mutationem
1487 3731 1667 3779 autem

622 3802 743 3849 ante
795 3801 976 3852 oculos
1022 3801 1175 3853 nobis
1218 3804 1366 3867 ponit
1408 3807 1565 3867 poeta
1611 3807 1671 3854 ut

623 3875 885 3925 actionem
935 3876 1317 3929 evidentiorem
1368 3881 1445 3938 et,
1497 3892 1667 3943 prope

623 3948 873 4008 dixerim,
941 3953 1107 4015 magis
1169 3955 1432 4017 poeticam
1505 3965 1668 4015 quam

622 4022 892 4073 sordidam
926 4038 990 4075 ac
1024 4028 1383 4090 quotidianam
1416 4028 1522 4077 vini
1550 4040 1670 4076 em-

623 4096 860 4159 ptionem
932 4099 1122 4149 factam
1181 4116 1243 4151 ex
1302 4100 1632 4166 quaesticulo
1654 4139 1665 4160 ,

622 4185 784 4234 quem
853 4174 901 4223 ei
965 4177 1269 4239 procuravit
1323 4180 1454 4240 Syra
1517 4191 1668 4228 merx

1746 1493 1861 1539 erat
1912 1493 2132 1554 propter
2187 1489 2413 1540 Lubkeri
2470 1491 2789 1541 contrariam

1745 1564 2078 1614 sententiam.
2139 1564 2370 1625 Etenim,
2407 1566 2467 1614 ut
2499 1566 2604 1614 Sat.
2632 1565 2690 1624 2,
2729 1563 2785 1623 3,

1747 1638 1866 1689 ⁴29:
1919 1652 2085 1687 servos
2115 1665 2194 1675 --
2221 1652 2342 1699 quos
2390 1651 2508 1688 aere
2550 1639 2787 1700 pararis,

1744 1713 1821 1762 sic
1856 1713 1908 1762 h.
1946 1711 1980 1762 l.
2015 1725 2263 1774 reparare
2298 1715 2379 1762 est
2414 1714 2640 1763 «mercis
2673 1711 2790 1762 loco

1747 1787 2183 1851 (permutatione)
2235 1800 2446 1848 parare.
2466 1806 2489 1830 υ
2573 1786 2791 1836 Bentleii

1744 1861 2107 1924 interpretatio
2185 1862 2447 1917 «condita,
2528 1861 2790 1911 medicata

1745 1936 1963 1997 nardon,
2006 1939 2266 2001 repugnat
2298 1936 2664 1986 consuetudini
2698 1937 2793 1985 La-

1745 2012 1901 2061 tinae.
1956 2009 2130 2060 Altera
2166 2010 2322 2061 lectio
2355 2017 2412 2060 ut
2444 2012 2639 2072 aureis,
2675 2014 2790 2060 orta

1745 2099 1808 2135 ex
1828 2086 2160 2135 coniunctivo
2177 2087 2411 2146 exsiccet,
2442 2084 2629 2135 salsam
2653 2085 2792 2134 hanc

1744 2160 1898 2210 infert
1929 2161 2268 2210 sententiam:
2310 2159 2436 2210 «Alii
2470 2158 2683 2210 Calibus
2710 2159 2793 2209 vi-

1742 2236 1865 2283 neta
1900 2233 1968 2283 ad
2004 2248 2128 2284 eum
2165 2234 2327 2284 finem
2362 2233 2552 2293 colant,
2591 2235 2649 2283 ut
2673 2246 2793 2297 pre-

1743 2309 1876 2359 tiosa
1934 2308 2052 2358 vina
2110 2307 2344 2358 habeant
2401 2310 2789 2358 mercatores.»

1744 2382 2016 2435 Manifesto
2052 2383 2158 2432 duo
2181 2383 2316 2446 volgi
2351 2397 2548 2446 genera
2572 2379 2790 2453 xanaia-

1743 2453 1929 2523 λήλως
1982 2460 2277 2523 ponuntur,
2337 2458 2459 2507 hinc
2513 2458 2790 2508 vinearum

1741 2545 2112 2597 possessores,
2165 2530 2304 2582 illinc
2352 2531 2540 2583 divites
2582 2545 2791 2582 merca-

1743 2609 1904 2658 tores.

1812 2682 1891 2732 ⁴3.
1946 2682 2038 2732 Dis
2077 2696 2228 2731 carus
2269 2682 2403 2745 ipsis]
2446 2681 2585 2732 Κατ’
2627 2683 2788 2752 εἰρω-

1742 2757 1916 2806 νείαν.
1974 2757 2289 2807 «Mercatori
2336 2757 2420 2806 isti
2466 2755 2598 2806 deos
2633 2757 2787 2807 valde

1742 2832 1995 2895 propitios
2029 2844 2179 2892 esse,
2234 2831 2403 2893 magis
2446 2832 2590 2880 certe
2626 2844 2790 2894 quam

1740 2906 1960 2970 pauperi
1985 2908 2193 2969 poetae,
2231 2903 2354 2953 illud
2377 2904 2614 2968 profecto
2647 2903 2788 2955 clare

1742 2980 2099 3041 demonstrat,
2159 2979 2303 3043 quod
2359 2979 2641 3042 quotannis
2692 2979 2790 3030 ali-

1742 3055 1949 3118 quoties
2009 3055 2063 3103 in
2119 3057 2288 3104 terras
2342 3051 2497 3116 longe
2555 3057 2789 3104 remotas

1740 3130 1856 3179 sine
1899 3127 2002 3179 ulla
2043 3130 2244 3178 iactura
2280 3130 2334 3178 et
2366 3127 2480 3178 sine
2517 3129 2788 3192 naufragio

1739 3205 2000 3268 penetrat.
2060 3204 2168 3266 Ego
2212 3216 2340 3253 vero
2388 3201 2614 3264 deliciis,
2668 3203 2789 3266 qui-

1740 3279 1842 3331 bus
1898 3277 1983 3328 ille
2034 3278 2245 3338 fruitur,
2304 3279 2524 3342 spretiS,
2584 3277 2789 3342 simpli-

1741 3354 1967 3405 cissimis
2002 3353 2302 3417 quibusque
2338 3352 2471 3404 cibis
2504 3355 2677 3402 utor.»

1806 3430 1885 3478 ⁴5.
1955 3427 2275 3477 indicativus
2323 3432 2540 3489 pasc-unt
2588 3430 2643 3476 et
2690 3440 2788 3476 au-

1740 3504 1978 3552 ctoritate
2030 3501 2197 3553 Codd.
2247 3501 2680 3561 commendatur,
2734 3504 2791 3550 et

1741 3579 1852 3643 ipsa
1887 3577 2173 3637 sententia,
2227 3591 2364 3641 quae
2399 3577 2574 3640 potius
2609 3577 2791 3640 requi-

1739 3653 1807 3702 rit
1840 3665 1958 3702 rem
1992 3655 2222 3710 certam,
2265 3654 2504 3714 praestat
2534 3651 2786 3714 optativo.

1807 3728 1888 3778 ⁴6.
1941 3726 2183 3791 cichorea]
2230 3726 2388 3785 Quasi
2432 3739 2463 3774 a
2497 3729 2789 3795 κιχορεῖον

1739 3816 1838 3867 pro
1887 3799 2189 3872 κιχώριον,
2241 3799 2436 3863 volgari
2485 3801 2788 3849 Latinorum

1742 3878 2059 3942 pronuntiat.
2117 3876 2407 3926 cichorium.
2486 3872 2672 3925 Celsus
2729 3875 2785 3934 2,

1740 3951 1833 4003 24:
1880 3951 2128 4002 stmnacho
2161 3955 2287 4012 apta
2317 3954 2434 3998 sumt
2464 3949 2662 3998 intubus
2696 3949 2789 4010 (ci-

1742 4028 1905 4078 chorii
1930 4025 2179 4092 species),
2209 4025 2408 4074 lactuca
2430 4027 2533 4074 cet.
2565 4051 2618 4060 --
2645 4023 2786 4088 leves]

1745 4102 2110 4152 «stomachum
2146 4112 2248 4149 non
2284 4101 2591 4162 gravanteS,
2637 4097 2786 4148 facile

1742 4176 2220 4240 concoquendae.»
2289 4176 2382 4239 Ep.
2437 4177 2496 4235 2,
2549 4175 2638 4224 58:
2698 4179 2790 4223 aut

621 4248 904 4299 commode
938 4251 1166 4302 vendita.
1222 4252 1542 4303 monendum
1566 4253 1669 4303 hoe
1739 4251 1888 4316 mavi
1919 4252 2122 4301 Maleae
2153 4250 2375 4301 salubres
2406 4251 2620 4313 corpori.
2665 4247 2788 4299 Cel-
