3234 4975
1233 416 1354 465 Llss.
1394 417 1429 465 1.
1497 417 1553 465 C.
1594 416 1674 465 Xl.

2528 411 2612 475 69

1202 885 1877 948 cmxl-

463 1094 557 1158 Tu
600 1113 681 1157 ne
726 1090 1116 1180 quaesieriS,
1165 1090 1332 1157 scire
1374 1090 1584 1168 nefaS,
1634 1110 1831 1178 quem
1874 1090 2026 1156 mihi
2051 1142 2066 1168 ,
2115 1112 2312 1179 quem
2354 1092 2466 1159 tibi

464 1215 689 1280 Finem
733 1213 799 1279 di
843 1211 1168 1289 dederint,
1215 1213 1588 1287 Leuconoe,
1639 1232 1760 1278 nec
1801 1211 2191 1302 Babylonios

593 1412 674 1461 XI.

743 1411 907 1462 Inscr.
960 1408 1097 1474 volg.
1167 1410 1243 1460 Ad
1292 1410 1594 1460 Leuconoen.
1650 1436 1702 1443 —
1748 1409 1826 1459 Aa
1872 1410 1928 1460 L.
1982 1412 2195 1460 suadens
2242 1412 2562 1461 omittendam

528 1486 906 1536 mathematicen
940 1486 990 1535 S.
1028 1486 1143 1536 Om.
1170 1486 1224 1535 T.
1268 1512 1323 1521 —-
1361 1485 1409 1535 4.
1447 1485 1718 1547 quaesieris
1748 1485 1903 1548 scire,
1938 1486 2079 1549 nefas
2108 1487 2281 1538 LCtM.
2314 1514 2367 1522 —
2394 1488 2442 1538 2.
2480 1488 2562 1537 de-
2635 1517 2644 1526 -

532 1563 710 1612 denuit
740 1557 774 1609 δ
808 1563 862 1610 et
893 1574 974 1626 pr.
1013 1577 1064 1610 κ.

532 1738 615 1787 xl.
683 1738 946 1787 Leuconoe·
972 1735 1055 1798 (al.
1094 1736 1386 1801 Leucadiae)
1419 1750 1514 1787 no-

465 1825 595 1863 men
628 1813 809 1862 fictum
843 1813 975 1874 grati
998 1812 1130 1862 soni.
1181 1810 1514 1862 Obversaba-

466 1890 555 1936 tur
586 1890 776 1950 poetae
811 1888 985 1949 imago
1020 1885 1227 1950 puellae
1262 1885 1515 1949 supersti-

468 1962 665 2018 tiosae,
718 1974 880 2025 saepe
926 1960 1331 2010 mathematicos
1382 1972 1514 2009 con·

468 2034 715 2094 sulentis,
751 2049 781 2084 a
807 2048 912 2098 qua
935 2033 1147 2084 stultitia
1174 2047 1295 2084 eam
1317 2033 1386 2084 ad
1409 2032 1516 2083 lae-

467 2113 583 2159 tum
619 2110 755 2160 vitae
780 2123 937 2160 usum
960 2111 1163 2159 avocat.
1218 2109 1363 2158 Tunc
1386 2121 1517 2157 non-

472 2183 605 2233 dum
639 2182 783 2247 leges
817 2183 953 2233 latae
990 2185 1166 2243 erant,
1205 2182 1398 2246 quibus
1433 2195 1517 2232 se-

468 2258 749 2308 verissime
784 2257 1121 2308 interdictum
1155 2262 1270 2307 erat
1291 2255 1516 2307 astrolo-

469 2333 550 2396 gis
566 2372 578 2395 ,
616 2347 683 2384 ne
708 2336 849 2384 artes
871 2346 997 2383 suas
1021 2334 1357 2390 exercerent3
1395 2332 1517 2395 qui-

468 2407 574 2458 bus
629 2407 833 2470 legibus
894 2407 1172 2471 aliquoties
1240 2420 1306 2457 ex
1369 2404 1515 2456 Italia

472 2481 675 2547 expulsi
709 2486 847 2533 sunt.
906 2482 1050 2532 Suet.
1089 2481 1248 2545 Vesp.
1287 2480 1366 2532 44.
1421 2482 1517 2532 Ta-

470 2558 561 2606 cit.
600 2558 728 2607 Hist.
766 2558 813 2617 4,
851 2558 943 2607 22:
979 2569 1133 2619 penus
1164 2556 1515 2606 hominamin-

464 2633 642 2697 fidmn,
687 2630 995 2693 sperantibus
1032 2631 1200 2692 sallao:
1216 2669 1235 2692 ,
1288 2633 1419 2692 quod
1460 2631 1516 2679 iu

468 2708 671 2757 civitate
700 2712 875 2756 nostra
906 2712 954 2757 et
980 2706 1232 2757 vetabitur
1260 2720 1451 2769 sempor
1471 2711 1517 2756 et

468 2783 778 2832 retinebitur.
857 2782 1088 2846 Tempus
1139 2782 1388 2832 carminis
1432 2783 1515 2832 in-

470 2859 680 2907 certum
729 2858 838 2911 est;
892 2854 1126 2906 nonnulli
1178 2855 1415 2907 referunt
1446 2856 1515 2907 ad

472 2946 521 2981 a.
559 2944 613 2980 u.
651 2944 698 2981 c.
737 2931 850 2981 728.

538 3007 585 3056 4.
623 3008 758 3067 «Tu,
795 3008 907 3056 tam
942 3019 1066 3056 cara
1099 3006 1229 3056 mihi
1267 3005 1337 3069 (id
1372 3005 1516 3069 quod

470 3081 609 3132 inest
643 3081 695 3131 in
727 3095 814 3131 vv.
853 3095 997 3143 quem
1026 3082 1164 3141 mihi,
1208 3095 1354 3143 quem
1386 3080 1513 3145 tibi),

470 3157 581 3206 tam
664 3156 861 3207 florens
944 3154 1338 3205 adolescentula
1410 3153 1516 3205 noli

471 3232 722 3281 scrutari»
699 3233 874 3292 acet„
901 3244 1039 3295 quae
1062 3231 1364 3295 superstitio
1386 3231 1515 3280 tunc

469 3304 697 3368 vigebat.
780 3306 865 3355 Sic
915 3305 1075 3355 Tacit.
1129 3308 1263 3355 Ann.
1318 3305 1366 3365 3,
1420 3306 1510 3354 22:

471 3382 748 3442 quaesitum
780 3394 877 3443 per
919 3380 1189 3430 Chaldaeos
1228 3380 1283 3429 in
1315 3381 1516 3430 deinum

475 3456 718 3506 Caesaris.
791 3455 896 3506 Cl'r.
935 3453 1063 3504 ibid.
1103 3456 1184 3515 ⁴2,
1220 3455 1302 3504 52.
1361 3455 1515 3505 Sido-

468 3530 590 3580 nius
624 3527 933 3593 Apollinaris
975 3529 1024 3588 8,
1072 3529 1160 3577 ⁴⁴:
1228 3529 1358 3579 Illud
1396 3543 1517 3579 sane

470 3619 571 3654 non
618 3604 778 3653 solum
830 3603 1074 3666 culpabile
1121 3605 1177 3653 in
1225 3604 1515 3667 Lampridio

468 3680 566 3743 fuit
594 3679 678 3728 sed
702 3679 1094 3741 peremptorium
1129 3678 1337 3741 (nefas),
1385 3681 1516 3740 quod

469 3753 842 3803 machmatieos
873 3754 1127 3815 quondam
1151 3755 1212 3802 de
1230 3753 1364 3803 vitae
1395 3767 1515 3804 suae

468 3829 569 3891 fine
598 3827 859 3877 consuluit.
901 3855 956 3863 —
993 3828 1115 3892 Ipsa
1147 3840 1335 3879 versus
1384 3841 1516 3878 con-

470 3903 689 3953 structio
713 3901 859 3952 iubet
879 3915 976 3952 nos
998 3902 1215 3965 iungere
1240 3915 1346 3952 non
1367 3916 1519 3965 quae-

468 3976 614 4025 sieris
664 3976 816 4038 scire,
882 3976 982 4026 sed
1035 3976 1165 4025 seire
1222 3977 1397 4040 nefas,
1454 3980 1516 4028 ut

469 4049 638 4113 Epod.
680 4050 758 4110 40,
796 4049 884 4101 44;
921 4051 1065 4114 nefas
1093 4050 1276 4101 videre.
1314 4053 1510 4102 Lucan.

472 4125 521 4185 4,
578 4124 698 4173 ⁴26:
753 4127 863 4187 quis
908 4126 1086 4176 iustius
1132 4125 1294 4175 induit
1343 4139 1511 4188 arina,

470 4198 615 4247 Scire
645 4198 799 4261 nefas.
866 4201 1060 4250 Statius
1093 4198 1260 4250 Theb.
1297 4199 1346 4261 3,
1382 4202 1509 4251 562:

472 4270 595 4334 quid
634 4273 855 4325 crastina
892 4275 1109 4327 vomeret
1157 4280 1323 4337 aetas,
1375 4275 1515 4326 Scire

1581 1738 1725 1801 nefas
1754 1737 1956 1787 honusti.
2003 1736 2181 1801 (nefas,
2224 1738 2448 1789 vetitum
2481 1752 2511 1789 a
2546 1738 2630 1791 dis

1586 1814 1641 1862 et
1673 1825 1706 1862 a
1739 1812 1964 1875 natura.)
2002 1813 2282 1875 Quaesieris
2314 1815 2495 1863 autem
2529 1813 2631 1864 ab·

1586 1885 1783 1948 solute,
1829 1889 1889 1937 ut
1921 1887 2017 1938 Od.
2057 1889 2104 1949 4,
2143 1889 2192 1951 9,
2238 1888 2315 1938 43.
2387 1890 2625 1953 Propert.

1584 1964 1636 2021 2,
1673 1962 1755 2024 27,
1795 1965 1851 2011 4:
1887 1964 1950 2012 At
1980 1977 2068 2012 vos
2089 1964 2349 2022 incertam,
2373 1964 2628 2024 mortales,

1581 2037 1774 2100 funeris
1812 2037 1992 2087 horam
2042 2037 2312 2099 Quaeritis,
2356 2041 2402 2086 et
2434 2051 2538 2099 qua
2569 2041 2633 2086 sit

1582 2125 1721 2161 mors
1752 2112 1959 2160 aditura
1993 2112 2082 2161 via
2115 2111 2366 2174 Quaeritis
2398 2115 2444 2160 et
2488 2110 2629 2160 caelo

1582 2187 1877 2237 Phoenicum
1925 2188 2130 2236 inverita
2175 2199 2348 2236 sereno
2389 2187 2529 2247 Quae
2569 2187 2634 2235 sit

1584 2261 1728 2311 stella
1757 2262 1947 2311 homini
1968 2261 2227 2310 cmmoda
2249 2274 2473 2323 quaeque
2491 2260 2632 2310 mala

1587 2338 1691 2385 cet.
1716 2363 1770 2372 —
1794 2336 1889 2384 Vv.
1917 2347 2181 2397 quaerere,
2218 2335 2455 2395 scrutari,
2491 2347 2630 2384 στο-

1585 2406 1900 2472 χάζεσθαι,
1960 2411 2169 2473 propria
2223 2407 2626 2472 astrologorum,

1586 2498 1722 2549 quos
1757 2481 2098 2535 Philostratus
2134 2484 2193 2533 V.
2232 2483 2391 2547 Soph.
2427 2497 2481 2547 p.
2513 2480 2628 2534 480.

1587 2558 1816 2624 appellat
1846 2561 2077 2647 μυρίοις
2117 2554 2376 2630 ἀστέρων
2414 2573 2632 2619 στοχα-

1585 2636 1864 2699 ζομένους
1896 2633 1999 2686 τοῦ
2040 2629 2229 2697 ὄντος.

1631 2711 1679 2759 2.
1703 2709 1751 2759 3.
1788 2710 1975 2774 Finem]
1994 2710 2134 2760 vitae
2153 2709 2441 2759 decursum
2457 2720 2629 2770 usque

1587 2783 1657 2834 ad
1691 2783 1913 2833 obitum.
1955 2812 2009 2820 —
2050 2785 2181 2834 «Nec
2213 2782 2445 2847 positum
2477 2781 2630 2832 vides

1585 2857 1944 2922 praecedente
1977 2860 2114 2922 part.
2150 2871 2240 2918 ne,
2276 2855 2369 2906 ubi
2402 2868 2502 2905 neu
2534 2868 2630 2905 ex-

1586 2935 1853 2996 spectes.»
1907 2934 2091 2983 Reesi..
2175 2930 2453 2995 Reperitur
2499 2942 2631 2980 sane

1587 3008 1836 3059 omnibus
1878 3008 1930 3057 in
1975 3007 2122 3058 libris
2165 3006 2307 3070 apud
2350 3002 2633 3056 Aemilium

1588 3084 1820 3135 Probum
1856 3085 2077 3134 Pausan.
2114 3081 2164 3142 4,
2203 3081 2258 3131 6:
2303 3093 2366 3131 ne
2396 3080 2633 3129 enuntia-

1584 3165 1663 3209 ret
1693 3173 1782 3209 nec
1814 3172 1865 3208 se
1881 3160 2129 3220 proderet.
2169 3152 2471 3205 H.l.necB.
2499 3155 2551 3204 T.
2575 3169 2628 3204 η.

1588 3236 1672 3285 est
1713 3234 1865 3298 quasi
1907 3231 2217 3297 epexegesis
2257 3243 2343 3279 vv.
2379 3243 2442 3279 ne
2474 3242 2634 3291 quae—

1585 3310 1744 3370 sieris,
1782 3308 1927 3372 quod
1962 3305 2114 3357 aliter
2147 3305 2263 3355 fleri
2295 3317 2402 3354 non
2425 3304 2634 3367 poterat

1587 3384 1688 3434 nisi
1722 3380 1971 3433 consultis
2004 3378 2505 3431 mathematicorum
2538 3391 2635 3427 nu-

1586 3459 1768 3509 meris,
1789 3484 1844 3493 -
1864 3456 2197 3517 Babylonios-
2210 3453 2457 3516 nwneros]
2479 3450 2634 3502 Chal-

1586 3533 1845 3583 daeorum
1866 3527 2302 3594 (astrologorum),
2340 3526 2430 3589 qui
2453 3523 2633 3576 multis

1587 3603 2069 3670 computationibus
2122 3602 2273 3654 factis
2325 3613 2392 3650 ex
2439 3597 2632 3651 tabulis

1586 3678 1929 3745 genethliacis
1986 3680 2147 3741 atque
2198 3671 2633 3741 ephemeridibus

1587 3755 1656 3805 de
1702 3753 1940 3804 siderum
1989 3754 2128 3803 statu
2179 3752 2232 3799 et
2281 3749 2629 3812 oppositione,

1585 3828 1864 3878 hominum
1882 3827 1972 3890 qui
1991 3839 2086 3876 eos
2099 3822 2463 3885 consulebant,
2484 3824 2634 3889 γένε-

1585 3918 1681 3954 σιν
1715 3905 1770 3953 et
1789 3902 2165 3964 horoscopum,
2191 3900 2349 3961 atque
2371 3910 2469 3961 per
2489 3897 2634 3947 hunc

1584 3980 1723 4028 vitae
1806 3973 2195 4026 vicissitudines
2284 3971 2627 4023 definiebant.

1583 4053 1781 4102 Lucan.
1821 4053 1868 4112 4,
1906 4050 2026 4100 636;
2065 4048 2133 4099 de
2157 4047 2334 4111 Figulo
2365 4044 2630 4109 astrologo

1584 4125 1834 4191 loquens:
1927 4124 2245 4185 nwnnerisque
2326 4120 2631 4172 mentibus

1583 4207 1743 4250 astra.
1810 4200 1921 4249 lav,
1977 4199 2025 4259 6,
2074 4198 2198 4248 676:
2240 4197 2437 4247 numeri
2473 4196 2634 4245 Tho-a-

1582 4274 1721 4337 nulii,
1777 4273 2161 4333 mathematici;
2213 4267 2482 4336 ψηφῖδας
2533 4282 2629 4319 vo-
