3234 4975
1144 426 1262 476 Lm.
1301 425 1384 475 IV.
1456 426 1513 476 C.
1551 425 1682 475 vul.

2468 425 2591 489 579

679 585 818 650 Non
865 580 1159 650 incendia
1204 580 1608 668 Karthaginis
1655 581 1888 669 impiae

678 704 870 781 Eius,
918 704 1027 791 qui
1074 702 1313 769 domita
1356 723 1595 769 nomen
1641 702 1723 769 ab
1767 702 1977 769 Africa

684 828 996 893 Lucratus
1046 824 1264 901 rediit,
1314 823 1550 891 clarius
1596 823 1881 891 indicant

680 945 936 1013 Laudes
981 966 1177 1033 quam
1223 944 1534 1012 Calabrae
1582 945 1901 1012 Pierides:
1947 966 2204 1033 neque,

2512 949 2594 1013 20

682 1068 749 1134 Si
794 1067 1054 1134 chartae
1098 1066 1328 1133 sileant
1368 1067 1545 1154 quod
1590 1066 1762 1133 bene
1807 1066 2071 1141 seceris,

682 1188 1050 1256 Mercedem
1094 1187 1334 1253 tuleris.
1424 1188 1596 1267 Quid
1635 1186 1798 1254 soret
1842 1186 1994 1253 Iliae

608 1443 741 1492 .47.
779 1440 1069 1492 delendum
1102 1444 1429 1492 censuerunt
1469 1440 1766 1501 Bentleius‚
1818 1443 2101 1492 Buttmann
2147 1442 2351 1504 Mytlooz.
2391 1444 2437 1492 2.
2475 1457 2528 1506 p.

496 1518 647 1578 367.
684 1515 902 1567 seclusit
944 1517 1201 1566 Meineke.
1255 1541 1312 1551 -
1350 1516 1601 1579 impendia
1637 1516 1926 1578 Cuningh.,
1978 1517 2225 1578 stipendia
2273 1517 2527 1580 Doering‚

496 1591 755 1654 dispendia
788 1591 1143 1640 Hermannus.

430 1833 534 1884 bus
576 1830 743 1883 Codd.
806 1831 923 1894 (nisi
972 1831 1120 1894 quod
1150 1830 1322 1880 celeris
1351 1830 1479 1894 [uqa

432 1904 701 1969 nonnulli).
762 1903 896 1954 Vide
930 1904 1227 1954 Excursum
1274 1906 1326 1954 in
1373 1904 1477 1954 flue

432 1982 588 2032 huius
625 1979 892 2030 carminis.
978 1980 1150 2043 Fuqae
1190 1980 1301 2029 sive
1337 1978 1481 2030 celer

432 2056 700 2106 discessus
724 2051 1060 2113 HannibaliS,
1095 2066 1223 2103 sane
1248 2067 1313 2103 ex
1336 2052 1480 2104 Italia

435 2131 557 2192 (Liv.
586 2130 679 2189 30,
704 2129 834 2191 20.),
873 2140 978 2178 non
1014 2128 1134 2191 fuga
1167 2132 1319 2192 capta
1358 2131 1483 2192 post

434 2203 659 2265 cladem,
687 2215 850 2266 quam
868 2201 1011 2266 apud
1028 2204 1245 2253 Zamam
1262 2217 1484 2268 perpes-

434 2291 528 2330 sus
553 2279 682 2328 erat.
723 2304 778 2314 —
824 2278 1016 2343 minae]
1054 2290 1220 2341 «quas
1243 2279 1479 2337 iactarat,

433 2367 465 2404 a
516 2365 575 2403 se
615 2354 912 2401 Romanum
946 2352 1230 2416 imperium
1264 2351 1482 2402 tandem

435 2439 685 2477 eversum
717 2426 832 2475 iri.»
870 2452 925 2462 —·-
953 2427 1165 2475 reiectae
1182 2424 1481 2490 retrorsum]

434 2500 763 2565 «repulsae».
793 2501 946 2560 Quod
963 2500 1181 2562 addunt,
1212 2503 1295 2551 «in
1320 2502 1483 2565 ipsius

434 2579 596 2641 caput
626 2577 900 2625 reiectae»
925 2613 937 2635 ,
993 2576 1044 2624 in
1078 2578 1269 2639 poetae
1303 2575 1483 2625 verbis

382 2675 397 2684 -
434 2652 563 2715 ipsis
599 2652 746 2700 certe
781 2662 886 2699 non
922 2649 1093 2708 inest3
1150 2648 1247 2699 sed
1283 2648 1485 2698 dictum

437 2726 546 2785 est,
597 2726 658 2773 ut
690 2721 818 2773 Plin.
858 2724 919 2773 H.
958 2724 1020 2772 N.
1058 2723 1119 2783 9,
1154 2722 1235 2772 34.
1288 2727 1487 2771 retror-

433 2812 544 2847 sum
564 2799 752 2858 redire,
791 2799 845 2846 et
867 2798 995 2847 satis
1018 2797 1328 2861 frequenter
1350 2801 1485 2846 retro

434 2872 625 2932 redire,
670 2876 807 2920 retro
838 2872 1037 2934 roffredi
1058 2909 1070 2931 ‚
1117 2875 1254 2920 retro
1296 2870 1484 2934 referre

434 2958 617 3007 corpus
650 2946 865 3008 (Seneca
902 2945 1118 3006 Thyest.
1158 2944 1312 3006 449),
1348 2948 1485 2993 retro

433 3020 697 3082 respicere.
737 3017 867 3068 Plin.
895 3020 1088 3080 Paneg.
1115 3018 1178 3067 38
1201 3032 1212 3067 z
1250 3023 1386 3068 retro
1407 3030 1487 3067 re-

432 3106 653 3143 currere.
690 3092 831 3155 Virg.
849 3095 981 3143 Aen.
1002 3094 1052 3152 2,
1079 3092 1201 3142 378:
1229 3091 1489 3153 Obstupuit

432 3173 665 3229 retroque
680 3168 855 3229 pedem
876 3180 993 3216 cum
1011 3180 1128 3215 voce
1150 3166 1398 3227 repressit.

501 3243 561 3291 47
586 3269 617 3279 -
640 3242 722 3291 49.
775 3240 989 3305 irruptae]
1044 3241 1154 3291 Cic.
1192 3239 1261 3289 de
1295 3240 1391 3289 off.
1421 3240 1481 3300 4,

437 3317 529 3365 42:
580 3316 730 3364 Poeni
766 3315 1063 3378 foedifragi,
1100 3314 1313 3363 crudelis
1348 3315 1487 3363 Han—

434 3388 588 3437 nibal.
620 3414 676 3423 -
700 3402 883 3438 aovnen
905 3388 970 3437 ab
990 3387 1191 3451 Africa]
1230 3389 1335 3438 Sat.
1356 3391 1407 3449 2,
1434 3390 1483 3448 4,

437 3462 529 3511 65:
556 3461 757 3510 Laelius
780 3467 871 3510 aut
894 3462 981 3523 qui
1001 3462 1169 3511 Duxit
1192 3462 1255 3510 ab
1279 3476 1486 3524 oppres-

434 3547 495 3583 sa
532 3534 768 3583 meritum
801 3535 1114 3596 Karthaqine
1142 3548 1335 3583 nornen.
1375 3536 1481 3585 Liv.

435 3607 623 3668 30‚45:
660 3608 978 3657 Primus-hie
1001 3609 1276 3669 imperator
1290 3610 1488 3657 nomine

432 3684 596 3732 victae
627 3682 692 3731 ab
724 3695 774 3732 se
805 3682 965 3746 gentis
995 3686 1065 3730 est
1098 3680 1397 3731 nobilitatus.
1425 3705 1479 3716 —

435 3754 711 3819 Luci-atus]
764 3757 881 3805 «Ne
927 3756 1049 3818 quis
1092 3752 1290 3804 humile
1336 3757 1487 3818 putet

435 3844 487 3880 v.
512 3830 766 3890 lucratus,
804 3830 957 3880 sicuti
982 3828 1187 3893 putavit
1208 3829 1265 3877 T.
1294 3828 1483 3890 Faber,

434 3903 785 3955 recordemur
816 3904 1074 3967 Scipionis
1106 3901 1309 3952 dictum
1342 3904 1484 3966 apud

434 3977 608 4028 valer.
646 3979 780 4029 Max.
818 3978 875 4037 3,
902 3978 964 4039 7,
1005 3977 1066 4026 ⁴:
1106 3977 1229 4027 oum
1261 3977 1485 4039 Art-icam

1197 1615 1254 1625 —
1293 1591 1572 1653 σαντα-αἰπὺ
1604 1591 1662 1639 T
1706 1619 1760 1627 -
1797 1592 1880 1640 24.

1918 1591 2002 1641 Sic
2035 1597 2145 1642 arte
2178 1593 2234 1643 T.

1550 1828 1701 1880 lucra
1735 1830 2102 1895 spectabant.»
2158 1833 2370 1883 Horum«
2403 1835 2601 1883 Pneu-

1552 1918 1702 1954 nur.
1739 1906 1817 1955 De
1843 1906 2098 1970 Scipionis
2119 1907 2478 1956 monumentis
2503 1906 2596 1957 cfr.

1553 1979 1663 2029 Liv.
1702 1978 1802 2041 38,
1839 1981 1921 2030 56.

1617 2055 1701 2104 20.
1740 2055 1988 2106 Calabrae
2008 2054 2240 2119 Pierides]

1554 2142 1649 2179 sae
1674 2143 1717 2180 s.
1746 2132 2033 2181 carmina.»
2010 2128 2219 2179 οΟνίᾱ.
2241 2132 2301 2181 Α.
2321 2131 2382 2180 Α.
2404 2130 2452 2190 3,
2474 2129 2597 2181 409ε

1553 2205 1747 2254 Ennius
1779 2205 2011 2263 emeruit,
2062 2203 2290 2253 Calabris
2332 2205 2387 2252 in
2417 2205 2605 2254 moriti-

1555 2277 1646 2327 bus
1693 2282 1860 2337 ortm,
1915 2278 2186 2339 Contiguus
2218 2278 2374 2338 poni,
2435 2279 2602 2340 Scipio

1553 2364 1763 2415 mayne,
1789 2352 1892 2400 tibi.
1959 2350 2172 2409 Rudiis.
2212 2350 2487 2401 Calabriae
2511 2366 2606 2416 op-

1552 2426 1704 2491 pido,
1744 2428 1899 2476 natus
1923 2427 2038 2475 erat
2072 2426 2137 2489 (a.
2163 2437 2216 2474 u.
2244 2437 2291 2474 c.
2320 2425 2604 2490 545·584ι.),

1556 2500 1702 2550 unde
1749 2501 1864 2564 ipse
1908 2500 1977 2549 de
2020 2512 2114 2550 se:
2167 2501 2270 2550 Nos
2312 2502 2472 2549 sumu'
2507 2502 2604 2550 Ro-

1553 2577 1697 2625 mam·
1721 2614 1738 2635 ‚
1801 2575 1888 2635 qut
1949 2575 2171 2637 favimus
2232 2578 2349 2623 ante
2402 2576 2601 2624 Rudini.

1559 2651 1686 2711 (Cic.
1725 2649 1793 2699 de
1829 2650 1915 2698 Or.
1953 2649 2009 2709 3,
2035 2648 2138 2710 42.)
2180 2676 2234 2684 -
2272 2650 2332 2698 ln
2356 2649 2602 2712 Scipione

1556 2726 1740 2774 autem
1782 2736 1879 2773 suo
1928 2722 2038 2785 (cfr.
2076 2721 2275 2772 Lerscb
2318 2723 2371 2771 in
2416 2723 2601 2773 Museo

1558 2798 1725 2848 Rben.
1764 2798 1820 2858 5,
1859 2797 1905 2846 3.
1943 2809 1997 2859 p.
2035 2795 2170 2857 446.)
2227 2796 2364 2845 haec
2397 2797 2608 2859 scripsit

1558 2872 1790 2921 Ennius:
1865 2871 2119 2931 Quantam
2174 2875 2395 2919 statuam
2456 2871 2608 2933 faciet

1552 2945 1770 3008 populus
1823 2945 2103 3004 Romanus,
2166 2945 2419 3006 Quantam
2473 2945 2608 2994 colu·-

1556 3032 1748 3079 mnam,
1777 3030 1906 3079 quae
1921 3031 2003 3067 res
2024 3022 2141 3067 tuas
2155 3023 2319 3081 =qesta-<1
2334 3018 2609 3080 loquatur?

1623 3095 1705 3143 2⁴.
1757 3092 1979 3156 chartae]
2031 3094 2305 3155 poemata,
2342 3096 2403 3142 ut
2423 3094 2517 3143 Od.
2546 3094 2606 3156 4,

1558 3167 1615 3227 9,
1654 3166 1735 3216 34.
1791 3166 1939 3216 Ovid.
1979 3180 2044 3215 ex
2078 3168 2244 3216 Ponto
2279 3166 2336 3227 4»,
2376 3169 2468 3228 42,
2505 3169 2605 3218 27:

1556 3242 1804 3292 Maeoniis
1823 3267 1853 3277 -
1874 3267 1904 3278 ·
1924 3241 2128 3292 chartis
2171 3270 2225 3277 —-
2263 3242 2455 3307 sileant]
2516 3261 2540 3288 α
2557 3244 2609 3292 Sl

1559 3316 1731 3367 nullus
1782 3319 1940 3379 poeta
1992 3317 2300 3366 memorarit
2344 3319 2434 3365 tua
2468 3316 2608 3366 bene

1559 3391 1724 3453 facta,
1763 3394 1853 3441 tua
1898 3391 2114 3451 merita,
2169 3389 2349 3439 debita
2395 3403 2608 3439 merce-

1558 3465 1627 3515 de
1670 3468 1723 3515 in
1755 3466 2076 3529 perpetuum
2124 3464 2385 3513 carebis.»
2456 3463 2602 3513 Pind.

1557 3538 1766 3603 olymp.
1791 3539 1879 3598 44,
1908 3538 1988 3587 94.
2016 3539 2106 3586 B..
2147 3536 2258 3586 Καὶ
2293 3529 2435 3584 ὅταν
2457 3531 2607 3585 καλὰ

1556 3605 1750 3698 ἔρξαις
1786 3605 1992 3673 ἀοιδᾶς
2030 3604 2168 3681 ἄτερ
2188 3603 2602 3675 ,Ἁγησίδαμᾍ

1558 3689 1642 3749 εἰς
1669 3680 1819 3735 Ἀΐδα
1870 3626 2168 3749 maincove
2176 3678 2353 3823 Ἀνμτζςρ
2390 3681 2601 3747 ἵκηται,
2652 3728 2661 3739 ,

1557 3756 1726 3811 κενεὰ
1750 3755 2022 3821 πνεύσαις
2042 3751 2214 3828 επορε
2318 3756 2444 3823 γθῳ
2465 3755 2605 3828 βρα-

1557 3824 1634 3886 χύ
1674 3841 1727 3876 τι
1763 3822 2024 3896 τερπνόν.

1623 3899 1792 3952 22-24.
1812 3896 2270 3962 MercedemJPind.
2283 3898 2434 3947 Nem.
2450 3898 2500 3958 7,
2517 3897 2600 3948 ⁴4:

1543 3970 1772 4046 Ἔργοις
1820 3972 1883 4024 δὲ
1924 3966 2186 4035 ma0350'
2158 3986 2439 4042 εσοπτρον
2470 3969 2603 4021 ισα-

2278 2055 2458 2106 «Ennii
2487 2058 2605 2107 Mu-

435 4056 594 4103 totam
622 4052 862 4114 potestati
907 4056 1106 4101 vestrae
1156 4050 1479 4113 subiet-erim,
1554 4064 1663 4114 μεν
1696 4049 1781 4100 ἑνὶ
1815 4044 1924 4099 σὺν
1947 4043 2159 4136 τρόπῳ,
2194 4047 2266 4097 Εἰ
2283 4043 2602 4113 Μναμοσύ-

433 4127 559 4177 nihil
590 4140 657 4177 σω
689 4139 779 4189 ea,
833 4127 967 4189 quod
1008 4140 1176 4176 meum
1216 4126 1481 4187 diceretur,
1556 4139 1660 4186 νας
1682 4114 1843 4175 ἕκατι
1874 4118 2313 4195 λιπαράμπυκος
2344 4115 2601 4192 Εὕρηται

430 4207 636 4264 praeter
655 4215 928 4266 cognomen
958 4202 1145 4252 rettidi.
1217 4202 1328 4252 Hoc
1360 4201 1482 4251 uni·

1553 4192 1817 4249 ἄποινα
1855 4197 2102 4266 μόχθων
2141 4196 2373 4260 κλυταῖς
2416 4196 2599 4247 ἐπέων

437 4288 560 4326 cum
586 4279 704 4327 erat
724 4278 982 4341 Scipionis
1004 4276 1246 4327 lucrum·
1235 4312 1247 4337 ,
1274 4274 1358 4326 alii
1380 4274 1478 4325 alia
1552 4268 1899 4337 ἀοιδατςμ-
1841 4275 2070 4337 —Quid
2116 4274 2323 4338 foretJ«
2297 4271 2599 4323 «Obscurus
