3234 4975
1232 398 1351 447 ΗΒ.
1390 397 1449 446 11.
1523 398 1580 445 C.
1622 397 1704 445 lV.

786 550 1091 617 Thessalo
1136 553 1381 618 victore
1433 562 1499 617 et
1541 551 1885 638 ademptus
1931 552 2168 617 Hector

2491 392 2614 457 235

2539 546 2563 612 i
2577 552 2618 610 0

786 672 1070 739 Tradidit
1113 673 1302 740 fessis
1347 671 1592 739 leviora
1639 671 1770 737 tolli

1040 795 1351 881 Pergama
1392 794 1598 861 Grais.

787 951 1081 1026 Nescias,
1130 971 1211 1016 an
1256 960 1317 1017 te
1362 973 1674 1039 generum
1717 951 1886 1018 beati

785 1071 1095 1160 Phyllidis
1140 1070 1346 1138 flavae
1388 1072 1700 1139 decorent
1741 1084 2073 1160 parentes:

785 1193 1051 1279 Regium
1095 1203 1270 1260 certe
1315 1214 1521 1281 genus
1564 1205 1634 1260 et
1672 1204 1940 1282 penates

2540 1195 2620 1261 ⁴5

1039 1316 1281 1381 Maeret
1322 1314 1597 1402 iniquos.

582 1538 660 1587 ⁴2.
701 1538 853 1586 Grais
885 1538 961 1588 Τά
1000 1539 1101 1601 (De
1139 1541 1334 1590 ceteris
1369 1542 1504 1590 meis
1541 1553 1683 1590 nunc
1719 1553 1824 1590 non
1861 1541 2153 1604 memini.):
2193 1542 2365 1593 Graiis
2399 1542 2554 1603 Edd„

517 1613 676 1661 etiam
710 1612 756 1661 J.
801 1639 854 1648 —
897 1611 974 1663 ⁴4.
1014 1614 1251 1663 decorant
1284 1615 1339 1663 T.
1383 1642 1433 1650 —
1479 1615 1557 1664 45.
1588 1615 1791 1676 penatis
1822 1615 1879 1665 B.

451 1797 651 1857 berica,
689 1797 743 1847 id
768 1800 873 1857 est,
912 1798 1156 1861 Phrygia.
1200 1822 1256 1834 -·
1288 1799 1504 1849 cecidere

402 1908 417 1923 .
451 1871 678 1936 tunnas]
751 1870 1022 1932 cladibus,
1094 1885 1228 1935 quas
1296 1872 1503 1923 Troiani

451 1958 622 2009 usque
668 1945 736 1995 ad
770 1945 918 1996 urbis
961 1946 1228 1996 excidium
1260 1948 1502 2011 perpessi

458 2022 625 2070 erant.

522 2095 602 2144 40.
643 2095 866 2145 stes-talo
906 2096 1109 2159 victore]
1154 2096 1305 2145 Hunc
1340 2097 1504 2145 Grae-

459 2171 571 2219 ciae
606 2168 864 2234 populum
899 2172 1115 2234 praeter
1147 2173 1358 2219 eeteros
1393 2183 1507 2220 me-

454 2248 631 2294 morat
685 2245 739 2293 et
792 2247 1012 2308 propter
1065 2243 1351 2304 Achillem,
1411 2245 1503 2307 qui

456 2330 674 2380 magnas
716 2320 871 2368 antea
919 2320 1124 2380 strages
1156 2319 1295 2368 inter
1328 2319 1506 2368 Troia-

458 2406 557 2443 nos
612 2392 853 2442 ediderat
907 2393 1334 2456 Rectoremque,
1396 2393 1505 2443 belli

454 2480 678 2531 moram,
739 2467 1032 2529 occiderat,
1098 2469 1153 2519 et
1208 2470 1331 2533 quia
1387 2469 1502 2520 sine

454 2541 834 2607 Neoptolemo,
914 2543 1312 2606 Myrmidonum
1378 2545 1503 2593 tunc

453 2617 617 2677 duce,
672 2618 825 2667 Troia
859 2618 975 2682 capi
1011 2619 1229 2667 omnino
1264 2631 1369 2667 non
1403 2631 1505 2681 po-

457 2693 612 2740 terat.
655 2718 711 2726 —-
748 2692 1007 2754 adevnptus
1038 2692 1239 2755 Hector]
1277 2690 1404 2741 Iliad
1426 2707 1503 2752 ω,

456 2764 578 2815 243:
615 2758 891 2835 Ῥηῖτεροι
924 2762 1034 2835 γὰρ
1064 2751 1291 2831 μᾶλλον
1320 2759 1507 2825 Ἀχαι-

456 2844 611 2889 οῖσιν
634 2835 705 2903 δὴ
724 2833 930 2890 ἔσεσθε
951 2840 1158 2891 Κείνου
1184 2838 1506 2906 τεθνηῶτος

458 2914 771 2983 ἐναιρέμεν.
810 2914 987 2978 Eurip.
1027 2916 1154 2965 Hec.
1193 2917 1283 2965 2⁴:
1328 2916 1507 2985 Τροία

452 2989 508 3038 θ’
543 2981 823 3060 Ἕκτορός
856 2990 902 3037 τ’
955 2982 1275 3040 ἀπόλλυται
1314 2986 1503 3055 Ψυχή.

458 3089 511 3099 -
535 3064 741 3127 inspice
778 3066 1054 3114 certamen
1088 3065 1226 3114 inter
1246 3062 1506 3114 Achillem

457 3139 511 3187 et
553 3138 841 3188 Hectorem
889 3138 1128 3188 Gerhard
1175 3139 1382 3203 Vesana.
1420 3141 1505 3189 111.

457 3212 512 3262 T.
565 3213 690 3262 CCI.
742 3225 898 3275 seqq.
955 3213 1197 3263 Hectoris
1242 3213 1401 3263 funus
1456 3214 1509 3261 iu

462 3286 636 3335 Braun
670 3287 1257 3337 antikellsannorweffle.
1276 3289 1505 3338 Daca-si.

456 3361 728 3422 stuttgart.
768 3359 913 3410 4843.
953 3363 1015 3411 Ν.
1052 3361 1100 3410 9.

526 3435 607 3484 44.
683 3435 929 3499 Tradidit]
992 3438 1315 3500 «postquam
1374 3448 1509 3486 nece

457 3508 573 3557 eius
608 3507 860 3559 effectum
895 3510 1001 3570 est,
1040 3511 1099 3558 ut
1132 3507 1335 3559 facilius
1357 3510 1511 3559 Troia

459 3596 521 3631 ex
525 3586 878 3645 pugnaretur;
902 3584 1081 3647 itaque
1095 3583 1208 3646 ipse
1224 3596 1344 3633 eam
1359 3584 1516 3647 quasi

456 3659 667 3707 tradidit
701 3658 906 3708 Grais.»
949 3683 1004 3694 --
1039 3657 1196 3721 sessis]
1242 3658 1510 3716 «Quorum

457 3732 601 3781 vires
618 3745 716 3795 per
732 3731 1056 3781 decennium
1076 3727 1204 3780 illud
1222 3730 1369 3780 duris
1387 3729 1513 3781 belli

458 3803 731 3856 laboribus
772 3818 941 3869 prope
980 3804 1271 3855 exhaustae
1307 3808 1510 3855 erant.»

466 3904 519 3913 —
546 3878 751 3944 leviora]
788 3892 887 3944 pro
924 3878 1258 3940 «faciliora»,
1307 3881 1367 3929 ut
1400 3881 1508 3929 Liv.

456 3953 519 4012 ὅ,
573 3952 662 4002 23:
740 3955 943 4003 tandem
991 3968 1083 4015 eo,
1146 3955 1280 4015 quod
1327 3954 1517 4003 levissi-

456 4040 598 4076 mum
621 4027 909 4088 videbatur,
946 4029 1209 4078 decumam
1230 4032 1316 4079 est.
1358 4029 1517 4087 Quin-

457 4098 529 4149 til.
568 4102 625 4161 5,
666 4101 721 4160 6,
760 4101 817 4150 3:
855 4101 958 4152 teve
992 4117 1054 4152 ac
1084 4103 1250 4165 facile.
1294 4130 1349 4139 -
1394 4104 1515 4153 Tolli

457 4179 639 4226 autem
673 4176 728 4225 in
763 4188 922 4240 prosa
959 4180 1121 4228 orat.:
1164 4179 1311 4242 «capi
1336 4191 1399 4228 ac
1423 4178 1516 4228 de-

1578 1800 1686 1850 rica
1705 1838 1717 1860 ,
1755 1800 2070 1850 immoratur
2103 1802 2155 1851 in
2189 1801 2414 1864 imagine
2437 1802 2623 1852 Troiae

1579 1878 1938 1938 expugnatae,
1986 1888 2148 1939 quam
2182 1875 2456 1938 quomodo
2488 1889 2626 1927 non-

1578 1962 1741 1999 nemo
1764 1951 1824 1998 ut
1846 1951 2061 2000 Horatio
2085 1949 2353 2013 indignam
2376 1963 2625 2002 resecare

1576 2021 1834 2084 voluerit,
1873 2024 2126 2087 equidem
2167 2037 2275 2075 non
2309 2022 2558 2087 intelligo.

1646 2097 1724 2146 43.
1765 2096 1845 2147 44.
1883 2099 2116 2160 Νοεοᾶαε,
2153 2099 2239 2163 an]
2279 2111 2402 2159 «an,
2442 2102 2625 2150 contra

1578 2182 1743 2233 quam
1777 2174 1834 2220 tu
1871 2172 2092 2223 fortasse
2128 2187 2270 2223 nunc
2302 2175 2458 2237 putas
2488 2177 2624 2223 cet.»

1580 2245 1717 2294 «Nos
1739 2246 2014 2308 vertimus,
2040 2248 2191 2309 quasi
2216 2249 2360 2297 esset
2382 2261 2452 2296 an
2473 2262 2627 2297 non.»

1578 2316 1730 2368 Hand
1781 2320 1929 2379 Turs.
1984 2320 2023 2368 1.
2076 2333 2129 2383 p.
2180 2320 2293 2369 305.
2380 2319 2630 2372 «Inclinat

1578 2389 1648 2439 ad
1682 2390 2144 2443 affirmationem.»
2180 2393 2314 2444 lbid.
2341 2408 2394 2458 p.
2422 2395 2537 2444 320.
2569 2422 2624 2431 —

1580 2467 1855 2518 «Fortasse
1891 2466 2175 2531 aliquando
2209 2468 2447 2533 reperies
2471 2466 2630 2520 nobi-

1578 2541 1811 2593 lissimos
1845 2555 1908 2591 ac
1941 2542 2234 2606 locupletes
2258 2541 2511 2605 Phyllidis
2538 2557 2631 2609 pa-

1578 2618 1761 2666 rentes
1812 2615 1906 2665 tibi
1956 2616 2138 2666 decori
2186 2629 2334 2676 esse,
2389 2616 2526 2667 adeo
2573 2619 2632 2667 ut

1579 2692 1694 2741 sine
1747 2688 1850 2739 ulla
1900 2691 2287 2753 vituperatione
2336 2690 2440 2739 iam
2487 2703 2630 2741 nunc

1579 2778 1679 2829 pro
1697 2778 1863 2814 uxore
1881 2765 2084 2815 habeas
2108 2765 2245 2814 hanc
2268 2765 2626 2828 peregrinam,

1580 2841 1740 2903 atque
1778 2840 1847 2888 ita
1881 2837 2089 2888 illorum
2123 2840 2196 2890 sis
2231 2841 2506 2901 tamquam
2537 2852 2633 2902 ge·

1580 2927 1731 2964 ner.»
1800 2915 1903 2962 Per
1933 2914 2112 2964 iocum
2147 2915 2321 2964 omnia
2358 2914 2494 2964 haec
2528 2912 2633 2964 dici

1582 2986 1925 3038 manifestum
1976 2989 2073 3037 est.
2125 3015 2178 3022 —
2225 2988 2410 3050 Phyllis
2451 2989 2632 3039 autem

1580 3064 1762 3111 utrum
1799 3061 1989 3112 eadem
2024 3062 2115 3122 sit,
2155 3074 2317 3125 quam
2347 3062 2443 3113 Od.
2470 3062 2520 3123 4,
2548 3063 2629 3124 44,

1582 3136 1664 3185 34.
1719 3149 1927 3185 suorum
1973 3138 2124 3199 finevn
2172 3150 2408 3186 amonem
2456 3139 2631 3197 vocat,

1584 3223 1774 3270 necne,
1812 3209 1972 3260 stulte
2007 3224 2038 3259 a
2071 3210 2395 3274 quibusdam
2429 3212 2635 3275 disqui-

1584 3284 1744 3334 situm
1779 3287 1886 3342 est;
1939 3285 2075 3335 haec
2117 3286 2372 3336 Xanthiae
2413 3299 2631 3347 servae,

1584 3357 1670 3408 illa
1688 3357 1917 3429 ἑταίρας
1935 3358 2157 3410 libertae
2183 3363 2365 3425 partes
2388 3361 2630 3410 sustinet.

1653 3433 1732 3482 45.
1773 3433 1852 3482 46.
1892 3435 2110 3484 Summa
2145 3447 2330 3484 rursus
2363 3435 2551 3483 iocatio
2581 3434 2635 3484 in

1586 3519 1739 3570 seqq.
1786 3508 1945 3558 inest:
2002 3509 2190 3557 «Certe
2234 3508 2373 3571 regis
2416 3505 2637 3558 alicuius

1586 3579 1856 3632 orientalis
1903 3580 2006 3631 filia
2054 3583 2137 3632 est
2182 3584 2237 3631 et
2281 3581 2523 3644 queritur
2568 3579 2635 3631 de

1586 3653 1694 3704 fato
1718 3655 1916 3718 iniquo,
1939 3657 2091 3706 cuius
2107 3655 2326 3707 saevitia
2356 3668 2420 3703 ex
2437 3653 2560 3704 aula
2580 3654 2634 3704 in

1586 3730 1902 3780 servitutem
1938 3730 2155 3781 detrusa
2180 3731 2311 3779 est.»
2354 3755 2408 3764 —
2443 3727 2526 3777 Ad
2547 3741 2634 3778 vv.

1585 3804 1784 3866 reyium
1814 3817 1972 3867 aeuus
2003 3802 2108 3853 noli
2132 3800 2382 3866 supplere
2406 3806 2500 3862 ost,
2539 3802 2639 3853 sed

1586 3878 1788 3941 pendet
1807 3891 1837 3928 a
1856 3893 1905 3928 v.
1925 3883 2132 3936 maeret3
2160 3879 2474 3941 «propterea
2491 3889 2638 3927 mae-

1588 3954 1668 4001 sta
1707 3955 1820 4012 est,
1860 3951 2004 4016 quod
2038 3951 2244 4013 regium
2278 3964 2437 4002 suum
2467 3964 2638 4014 genus

1588 4028 1726 4078 adeo
1762 4027 2095 4092 deprensum
2130 4039 2194 4077 ac
2230 4030 2454 4091 propter
2474 4026 2640 4077 servi-

1588 4103 1758 4152 tutem
1800 4101 2021 4165 pristina
2064 4100 2316 4164 dignitate
2351 4099 2637 4165 spoliatum

1588 4178 1708 4227 sit.»
1771 4175 2009 4241 Apollon.
2049 4176 2219 4227 Rhod.
2256 4175 2313 4238 4,
2361 4174 2451 4226 34:
2502 4172 2636 4235 βλε-

456 4247 602 4299 leri.»
656 4250 814 4300 Brevi
858 4250 1215 4314 digressione,
1260 4265 1389 4302 vere
1429 4250 1513 4314 ly·
1591 4246 1797 4322 φάρων
1859 4248 1923 4300 δὲ
1976 4245 2101 4301 κάτ’
2165 4244 2359 4322 ἀθρόα
2414 4245 2638 4322 δάκρυα
