3234 4975
648 384 773 448 234

1418 388 1674 437 HORATll
1712 389 2047 441 CARMINUM

987 542 1260 608 Xanthia
1304 541 1593 608 Phoceu!
1642 544 1828 609 Prius
1875 544 2252 611 insolentem

989 663 1194 729 Serva
1239 663 1479 729 Briseis
1525 665 1715 730 niveo
1761 664 1979 730 colore

1252 784 1446 849 Movit
1488 784 1832 863 Achillem3

985 941 1179 1007 Movit
1219 942 1479 1007 Aiacem
1524 942 1865 1010 Telamone
1911 955 2129 1011 natum
2770 949 2809 1011 5

983 1066 1214 1130 Forma
1259 1064 1551 1151 captivae
1596 1063 1928 1130 dominum
1973 1068 2389 1146 Tecmessae3

983 1186 1153 1250 Arsit
1194 1184 1459 1265 Atrides⁸
1494 1184 1708 1250 medio
1753 1186 1816 1249 in
1861 1185 2184 1272 triumpho

1235 1306 1492 1393 Virgine
1538 1317 1721 1392 rapta
1737 1358 1750 1381 ‚

980 1464 1307 1531 Barbarae
1351 1474 1699 1551 postquam
1743 1464 2042 1531 cecidere
2088 1475 2335 1533 turmae

773 1636 820 1685 2.
857 1636 1105 1685 Xancthia
1137 1637 1191 1685 T.

707 1776 756 1823 2.
794 1774 1093 1838 insolentem]
1131 1777 1190 1825 A.
1216 1777 1271 1824 Ρ.
1301 1776 1421 1825 ⁴22:
1458 1772 1688 1825 Achilles

640 1850 765 1899 Iura
796 1854 937 1912 neget
969 1849 1062 1897 sibi
1093 1854 1243 1909 nata,
1291 1849 1416 1898 nihil
1455 1863 1556 1898 non
1594 1862 1688 1897 ar-

638 1928 782 1987 roget
803 1924 976 1973 amis.
1022 1924 1304 1987 Egregium
1326 1925 1506 1973 autem
1529 1923 1688 1974 huius

641 1996 951 2047 insolentiae
993 1996 1300 2061 exemplum
1343 1995 1469 2048 olim
1507 2000 1689 2049 exsta-

638 2070 732 2120 bat
781 2072 834 2120 in
881 2072 1172 2123 Aristarchi
1222 2073 1403 2135 tragici
1451 2071 1683 2132 Achille,

638 2145 731 2195 ubi
764 2147 835 2195 ita
869 2144 1095 2209 loquens
1128 2146 1508 2197 inducebatur:
1555 2147 1686 2196 Sile-

638 2226 781 2281 toque
812 2226 859 2270 et
891 2226 1047 2271 tacete
1078 2226 1230 2282 atque
1258 2222 1485 2271 ananum
1507 2222 1687 2271 adver-

641 2296 757 2353 tite‚·
816 2294 1005 2344 Audire
1059 2309 1148 2344 vos
1199 2295 1332 2347 iubet
1386 2296 1682 2358 imperator.

637 2368 803 2418 Plaut.
841 2371 1002 2419 Poen.
1042 2368 1179 2419 Prol.
1210 2371 1322 2420 init.
1363 2397 1418 2407 —
1457 2371 1517 2420 V.
1540 2372 1687 2432 prius

637 2443 869 2508 pertinet
912 2442 982 2493 ad
1017 2445 1182 2494 totam
1216 2445 1373 2496 istam
1407 2444 1687 2510 exemplo-

638 2530 759 2567 rum
809 2518 1033 2568 seriem:
1090 2520 1239 2569 «lam
1289 2518 1415 2569 olim
1460 2521 1583 2570 ante
1630 2523 1683 2570 te

635 2592 833 2642 heroes
855 2592 1163 2643 ancillarum
1179 2593 1451 2644 amoribus
1468 2593 1686 2645 obnoxii

638 2664 917 2726 fuerunt»;
966 2680 1074 2717 non
1106 2681 1261 2718 vero:
1290 2670 1441 2730 prius
1469 2669 1686 2719 insolen—

635 2745 761 2803 tem,
801 2744 1119 2805 «antequam
1152 2742 1389 2794 Briseida
1423 2747 1680 2795 amaret.»

636 2816 741 2865 Sed
774 2816 827 2866 in
862 2817 966 2867 hoc
989 2818 1106 2879 ipso
1130 2817 1270 2867 inest
1290 2831 1501 2868 summa
1523 2819 1682 2870 huius

635 2891 885 2940 carminis
908 2890 1179 2954 festivitas,
1217 2891 1364 2954 quod
1388 2892 1535 2954 fingit
1554 2893 1685 2942 ami-

635 2977 759 3013 cum
826 2963 987 3013 veluti
1053 2965 1282 3015 heroicis
1348 2965 1683 3028 temporibus

635 3051 817 3087 amare
876 3039 1158 3101 captivam.
1221 3065 1276 3073 —
1337 3039 1501 3089 Simili
1556 3053 1682 3091 cum

634 3112 893 3180 εἰρωνείᾳ
935 3113 1030 3160 1)ἰο
1066 3111 1341 3173 Chrysost.
1380 3113 1466 3162 Or.
1506 3114 1585 3163 45.
1626 3127 1678 3178 p.

633 3184 731 3236 446
755 3185 844 3235 R.:
884 3179 963 3236 Οὐ
990 3182 1194 3234 πολλοὶ
1210 3177 1526 3251 Ἀθηναίων
1549 3203 1684 3254 συγ·-

631 3261 889 3327 γίνονται
929 3258 1306 3347 θεραπαίναις
1347 3255 1569 3320 αὐτῶν,
1623 3263 1686 3312 οἱ

629 3334 740 3400 μέν
748 3347 920 3419 ,τινες
950 3330 1178 3423 κρύφα,
1228 3333 1290 3383 οἱ
1328 3331 1391 3385 δὲ
1422 3335 1522 3386 καὶ
1560 3351 1679 3397 φα-

630 3406 840 3480 νερῶς,·
897 3403 967 3461 οὗ
1018 3404 1131 3479 γὰρ
1178 3405 1368 3475 δήπου
1416 3408 1680 3474 βελτίους

629 3486 745 3536 εἰσὶ
788 3480 996 3547 πάντες
1037 3481 1142 3535 τοῦ
1183 3477 1558 3554 ’,Ηρακλέους
1611 3481 1679 3549 ὃς

629 3554 765 3612 οὐδὲ
808 3559 878 3632 τῇ
908 3554 1202 3631 Ἰαρδάνου
1248 3557 1428 3650 δούλῃ
1471 3576 1679 3629 συγγε-

629 3635 835 3687 νέσθαι
839 3615 1208 3703 ἀπηξίωσεν,
1232 3625 1358 3699 ἐξ*
1318 3652 1390 3701 ης
1412 3636 1679 3702 ἐγένοντο

629 3710 690 3760 οἱ
720 3708 984 3782 Σαρδέων
1017 3707 1293 3771 βασιλεῖς.

691 3785 741 3834 3.
769 3785 816 3836 4.
853 3787 1012 3850 niveo]
1040 3787 1388 3850 Frequentius
1409 3787 1555 3850 apud
1577 3787 1679 3837 La-

627 3859 764 3909 tinos
815 3872 977 3922 quam
1033 3860 1178 3924 apud
1229 3862 1491 3922 Graecos,
1551 3874 1678 3910 cum

626 3936 688 3982 ut
726 3931 994 3984 insolitum
1036 3937 1250 3986 notetur
1294 3934 1361 3984 ab
1409 3935 1678 3997 Hesychio

626 4003 919 4069 νιφόεσσα
957 4002 1182 4074 Ἑλ,ένη
1230 4003 1361 4060 ἀντὶ
1404 4005 1508 4059 τοῦ
1544 4007 1677 4061 λευ-

626 4079 732 4146 κή,
772 4074 902 4132 ’Ἰων
951 4082 998 4132 Φ
1000 4097 1110 4169 ρου
1106 4089 1249 4154 ρο.ῖς
1309 4110 1364 4121 -
1424 4084 1675 4149 Achillem]

625 4155 771 4207 Iliad.
809 4173 858 4218 ι,
893 4099 1034 4208 3429.
1065 4151 1146 4220 ὥς
1106 4099 1275 4209 ροκοιὶ
1310 4155 1420 4225 ἐγώ
1456 4155 1562 4224 τὴν
1578 4153 1677 4209 Εκ

625 4229 821 4296 θυμοῦ
877 4230 1081 4296 φίλεον
1138 4229 1521 4304 δουρικτήτην
1573 4249 1678 4305 περ

1759 1770 1995 1826 ἐοῦσαν.
2049 1777 2198 1826 ovid.
2220 1781 2338 1828 Am.
2362 1780 2409 1838 4,
2435 1781 2484 1838 9,
2511 1779 2607 1828 33:
2657 1782 2809 1831 Ardet

1760 1850 1813 1899 in
1848 1850 2063 1900 abducta
2095 1851 2318 1901 Briseide
2347 1864 2564 1915 maanus
2582 1854 2804 1904 Achilles.

1759 1922 1986 1975 Achilles
2041 1925 2337 1977 Briseidem
2394 1930 2808 1990 Agamemnonis

1755 1998 2113 2062 praeconibus
2152 2000 2370 2051 tradens
2408 2003 2718 2065 exprimitur
2753 2004 2806 2055 in

1757 2074 1962 2136 pictura
2026 2076 2346 2138 Pompeiana
2414 2076 2557 2140 apud
2614 2078 2808 2129 Raoui-

1759 2148 2015 2198 Rochette
2037 2150 2176 2197 Mon.
2203 2149 2335 2199 incid.
2363 2151 2400 2200 1.
2430 2151 2486 2201 Τ.
2515 2152 2594 2201 49.
2622 2151 2808 2203 Milller

1756 2222 1965 2272 Donkm.
2000 2223 2062 2271 V.
2100 2225 2160 2272 N.
2199 2223 2313 2274 423.

1824 2296 1872 2345 6.
1913 2296 2202 2361 Tecmessae]
2237 2298 2367 2347 Hinc
2394 2298 2446 2348 in
2470 2298 2632 2362 Soph.
2661 2301 2802 2351 Aiac.

1755 2371 1870 2419 244.
1910 2370 2117 2421 Chorus
2159 2371 2228 2420 ad
2264 2373 2632 2423 Tecmessam:
2684 2372 2809 2426 ἐπεί

1757 2458 1825 2494 σε
1880 2442 2052 2507 λέχος
2090 2441 2495 2532 ,δουριάλωτον
2555 2444 2806 2520 Στέρξας

1755 2512 1952 2578 ἀνέχει
1991 2517 2230 2591 θούριος
2274 2519 2443 2584 Αἴ·ας
2499 2526 2556 2573 et
2593 2536 2645 2573 v,
2684 2523 2800 2575 485.

1757 2593 2033 2645 dominum
2089 2597 2165 2645 sic
2221 2594 2504 2659 alloquitur
2558 2598 2697 2662 ipsa:
2758 2591 2806 2647 ὦ

1755 2666 1981 2719 δέσποτ’
2017 2665 2187 2732 Αἴας·
2223 2697 2255 2707 -
2276 2697 2307 2707 -
2326 2664 2465 2735 Ἐγώ
2499 2668 2548 2720 δ’
2583 2670 2806 2723 ἐλευθέ-

1755 2757 1860 2813 ρου
1892 2740 2002 2808 μὲν
2034 2735 2245 2806 ἐξέφυν
2268 2740 2491 2829 πατρὸς
2513 2743 2638 2809 (τοῦ
2663 2747 2806 2816 Φρυ-

1753 2818 1881 2883 γίου
1941 2814 2402 2883 Τελεύταντος)-
2373 2816 2529 2870 -νῦν
2582 2818 2629 2869 δ’
2682 2823 2804 2886 εἰμι

1753 2889 1949 2958 δούλη.

1820 2969 1868 3017 7.
1914 2967 2127 3032 Atrides]
2175 2970 2314 3019 Dum
2360 2970 2513 3019 Troia
2563 2972 2799 3034 capitur,

1754 3043 1882 3091 Aiax
1915 3041 2044 3092 Oilei
2080 3043 2434 3094 Cassandram
2469 3057 2535 3093 ex
2579 3044 2804 3097 Palladis

1753 3114 1953 3179 templo
1999 3119 2174 3180 rapuit
2219 3130 2283 3168 ac
2333 3118 2560 3176 vitiavit3
2613 3122 2800 3182 postea

1753 3190 1806 3240 in
1841 3190 2073 3254 praedae
2110 3191 2369 3242 divisione
2415 3195 2801 3254 Agamemnoni

1753 3266 1940 3326 cessit,
1989 3278 2019 3313 a
2054 3278 2162 3328 quo
2207 3267 2461 3328 Mycenas
2496 3266 2657 3316 ducta
2697 3270 2797 3328 est,

1751 3337 1844 3387 ubi
1895 3351 2015 3388 eam
2068 3338 2490 3402 Clytaemnestra
2537 3353 2639 3390 una
2676 3353 2801 3392 cum

1752 3415 2149 3475 Agamemnone
2181 3412 2475 3463 trucidavit.
2529 3413 2721 3477 odyss,
2747 3412 2798 3476 λ,

1750 3486 1866 3538 424.
1947 3486 2245 3550 Aeschylus
2292 3500 2393 3551 per
2442 3489 2612 3538 totum
2662 3492 2802 3553 Aga-

1747 3574 2116 3612 memnonem.
2173 3561 2321 3610 ovid.
2361 3563 2476 3611 Am.
2515 3564 2570 3622 4,
2608 3564 2667 3625 9,
2705 3564 2797 3613 37;

1751 3631 1961 3686 Samma
1982 3638 2167 3686 ducum
2186 3636 2381 3686 Atrides
2398 3636 2510 3685 visa
2523 3637 2804 3690 Priameide

1748 3712 1912 3774 fertur
1965 3712 2230 3763 Maenadis
2278 3711 2447 3773 omisis
2499 3710 2804 3775 obstupuisse

1749 3786 1918 3836 comis.
1941 3812 1995 3823 —-
2010 3786 2107 3836 Vv.
2126 3787 2288 3836 meio
2305 3786 2360 3834 in
2376 3785 2627 3848 triunpho
2645 3788 2801 3852 iunge

1753 3873 1876 3910 cum
1911 3873 1961 3909 v.
2001 3861 2144 3920 arsit,
2183 3873 2291 3912 non
2326 3872 2450 3911 cum
2482 3873 2567 3911 vv.
2603 3861 2801 3927 vir-qino

1749 3943 1919 3998 rapta.

1815 4010 1863 4060 9.
1901 4009 2183 4076 Barbarae]
2221 4011 2672 4073 Frequentissimo
2699 4023 2800 4060 usu

1750 4085 1894 4150 apud
1944 4085 2170 4148 tragicos
2219 4087 2452 4136 Graecos
2507 4087 2564 4134 et
2609 4086 2797 4147 poetas

1751 4160 1963 4210 Latinos
1996 4173 2094 4223 pro
2121 4160 2365 4222 Ρὴηιρίὲε.
2435 4157 2635 4208 Ennius
2655 4156 2798 4221 apud

1752 4234 1863 4285 Cic.
1901 4234 2055 4283 Tusc.
2094 4234 2150 4292 4,
2189 4233 2276 4283 35:
2316 4237 2513 4283 astante
2545 4244 2638 4294 opo
2675 4231 2798 4280 bar-
