3234 4975
635 375 756 443 ⁴24

1400 380 1658 432 HORATII
1694 381 2032 434 CARMINUM
2097 441 2100 444 ⁴

974 534 1346 603 Caecubum
1388 544 1453 602 et
1494 534 1679 623 prelo
1723 535 2028 602 domitam
2073 535 2310 604 Caleno

968 660 1060 723 Tu
1102 655 1289 724 bibes
1331 678 1556 724 uvam:
1602 679 1751 724 mea
1793 679 1916 725 nec
1958 657 2269 725 Falernae

2714 659 2794 724 lo

967 780 1349 887 Temperant
1389 778 1551 846 vites
1594 800 1808 867 neque
1853 780 2172 847 Formiani

1216 899 1455 967 Pocula
1498 899 1716 967 colles

760 1102 808 1151 9.
848 1100 1124 1151 Gaea-ubam
1156 1111 1281 1150 cum
1316 1099 1483 1151 Codd.
1522 1101 1761 1153 Lambini
1796 1104 1848 1154 F.
1892 1130 1945 1139 —-
1985 1101 2063 1151 40.
2106 1100 2191 1165 Tu]
2232 1100 2352 1151 Tum
2384 1100 2719 1163 Doederlein,

696 1176 808 1225 Non
842 1174 1115 1226 Schwenk.
1165 1199 1220 1211 -
1256 1174 1493 1238 soronam·
1525 1176 1583 1226 T.

629 1351 1003 1404 concedebant
1086 1354 1296 1416 poetae.
1416 1351 1671 1416 Exempla

627 1426 904 1492 complura
956 1425 1165 1490 collegit
1204 1427 1417 1477 Iahnius
1463 1427 1531 1476 ad
1572 1428 1668 1479 Od.

628 1501 678 1561 3,
716 1501 764 1562 4,
803 1502 882 1551 40.
956 1500 1078 1564 (Cfr.
1130 1502 1291 1551 etiam
1332 1501 1566 1564 Bottiger
1600 1501 1668 1551 kl.

628 1576 874 1639 semum
905 1576 944 1624 1.
982 1588 1035 1639 p.
1079 1574 1213 1638 335.)

693 1677 740 1727 9.
807 1677 965 1740 prelo]
1037 1678 1149 1727 Hac
1204 1679 1495 1742 scriptura,
1564 1692 1672 1729 non

620 1752 814 1816 prael„
867 1753 1102 1814 Wagner
1141 1753 1282 1814 Virg.
1330 1755 1420 1803 Ge.
1464 1754 1513 1815 2,
1551 1751 1666 1804 242.

630 1854 685 1864 --
724 1825 977 1890 domitam]
1021 1826 1074 1876 in
1107 1839 1267 1891 prosa
1301 1830 1434 1878 orat.
1475 1841 1671 1892 «pres-

627 1914 795 1952 sam.»

692 2003 773 2053 40.
814 2003 885 2052 Tu
916 2002 1058 2066 bibes]
1093 2004 1392 2053 Sententiae
1427 2005 1505 2055 sic
1539 2018 1670 2069 pro-

627 2078 850 2129 cedunt:
899 2079 1081 2128 «Domi
1114 2091 1268 2128 meae
1303 2092 1400 2143 pro
1435 2081 1669 2130 amicitia

627 2156 715 2203 tua
738 2152 866 2203 mihi
890 2154 1103 2216 penitus
1125 2156 1248 2203 nota
1282 2156 1335 2203 te
1358 2157 1669 2205 contentum

626 2227 739 2278 sore
781 2227 909 2277 satis
952 2227 1064 2277 scio
1104 2228 1226 2277 vino
1268 2226 1488 2288 Sabino;
1542 2242 1669 2279 nam

627 2303 970 2365 generosiora
1007 2301 1250 2364 (quorum
1286 2306 1537 2366 quattuor
1557 2317 1672 2354 me-

627 2377 817 2439 morat)
854 2388 959 2425 non
993 2374 1196 2437 habeo,
1235 2376 1410 2440 qualia
1443 2382 1499 2428 tu
1523 2378 1670 2428 domi

627 2454 752 2501 tuae
784 2448 974 2501 bibere
1010 2449 1203 2502 soles.»
1270 2452 1403 2503 Vide
1437 2451 1664 2503 Liibker.

623 2526 767 2576 Bibas
815 2528 994 2577 autem
1039 2525 1349 2591 simpliciter
1393 2531 1476 2579 est
1525 2530 1669 2579 futu-

626 2614 748 2651 rum
793 2602 1188 2652 concessivum:
1240 2603 1327 2653 Du
1364 2608 1531 2668 myst
1568 2604 1669 2653 im-

621 2676 814 2726 merhin
862 2680 996 2725 sonst
1046 2677 1256 2728 airikon.
1347 2680 1423 2729 Ac
1478 2678 1667 2728 similia

624 2755 750 2802 sunt
782 2751 954 2801 futura
999 2752 1093 2802 Od.
1144 2752 1192 2810 4,
1229 2753 1277 2813 6,
1316 2755 1371 2802 ⁴:
1427 2753 1671 2803 Scriberis

626 2827 778 2875 Vario
809 2826 972 2890 fortis.
1042 2826 1136 2876 Od.
1176 2826 1224 2887 i,
1261 2827 1311 2887 7,
1350 2828 1406 2876 ⁴:
1457 2828 1667 2877 Lauda-

621 2901 742 2951 bunt
789 2901 881 2950 alii
927 2902 1123 2950 claram
1170 2901 1388 2951 Rhodon.
1466 2902 1561 2953 od.
1611 2902 1662 2964 3,

620 2975 704 3035 23,
750 2976 837 3025 ⁴3:
898 2976 1108 3024 Victima
1143 2977 1436 3039 pontific-mn
1475 2990 1667 3026 secures

620 3051 801 3112 tinge&
851 3050 980 3098 item
1028 3048 1224 3112 Virgilii
1267 3050 1395 3099 illud
1435 3053 1565 3101 Aen.
1611 3051 1660 3112 6,

623 3122 747 3175 848:
783 3124 1046 3172 Excudent
1077 3124 1167 3173 alii
1199 3125 1450 3186 spirantia
1467 3125 1667 3174 mollius

622 3209 777 3256 aer-cu
813 3196 1444 3248 Orabwtt·--Describent
1473 3224 1551 3235 --
1583 3200 1666 3248 di-

622 3275 748 3321 cent.
791 3298 848 3307 —
885 3271 1136 3322 Caecubus
1182 3285 1308 3336 ager
1349 3274 1477 3323 Latii
1520 3275 1664 3324 iuxta

619 3345 832 3397 Fundos
866 3346 935 3397 ad
969 3347 1109 3396 viam
1143 3348 1387 3411 Appiam.
1431 3374 1487 3384 —-
1525 3349 1667 3398 Cales

621 3422 941 3485 Campaniae
977 3420 1260 3486 oppidum,
1297 3421 1458 3473 hodie
1493 3423 1660 3482 Calvi;

619 3508 749 3559 ager
795 3496 1039 3546 Falernus
1089 3496 1217 3546 item
1265 3496 1320 3546 in
1372 3497 1662 3560 Campania

619 3569 689 3620 ad
737 3570 947 3622 radices
996 3571 1209 3622 Massici
1259 3572 1479 3630 montis;
1531 3572 1663 3620 For-

615 3647 751 3696 miae
781 3647 911 3696 Latii
943 3646 1289 3710 municipium
1323 3647 1376 3696 in
1398 3646 1662 3696 Auruncis

618 3733 787 3785 prope
855 3721 1124 3783 Caietam,
1196 3720 1353 3771 hodie
1407 3722 1547 3771 Mola
1608 3719 1662 3768 di

685 3886 763 3935 44.
840 3886 1145 3952 Temperavit]
1198 3887 1538 3954 «producunt
1579 3888 1661 3937 vi-

1745 1365 1901 1415 num,
1948 1352 2095 1417 quod
2135 1354 2270 1403 meis
2317 1354 2371 1403 in
2415 1353 2621 1417 poculis
2663 1367 2786 1405 cum

1747 1441 1884 1491 aqua
1941 1432 2267 1491 temeretur,
2322 1429 2665 1479 misceatur.»
2727 1458 2781 1466 -

1744 1502 2158 1565 lnterpunctioni
2212 1515 2243 1552 a
2285 1501 2471 1552 Bothio
2517 1504 2787 1566 excogita-

1744 1576 1856 1638 tae,
1915 1577 2017 1625 Vile
2056 1575 2257 1638 potabis
2292 1602 2323 1615 ·
2362 1603 2392 1614 -
2434 1576 2641 1640 imago?
2691 1580 2786 1650 «ut

1743 1652 1970 1713 quaerat
2023 1651 2296 1712 Horatius,
2368 1664 2434 1701 an
2504 1653 2784 1703 contentus

1742 1726 2024 1775 Maecenas
2058 1726 2127 1775 sit
2159 1725 2367 1776 futurus
2412 1727 2534 1776 vino
2568 1725 2654 1776 vili
2688 1728 2785 1777 Sa-

1742 1797 1893 1859 bino;
1941 1799 2040 1848 sed
2082 1800 2262 1850 statim
2304 1812 2491 1850 secum
2528 1804 2783 1865 reputans

1741 1871 1897 1937 plane
1931 1872 2205 1936 indignum
2239 1874 2343 1925 hoc
2366 1888 2486 1925 esse
2510 1876 2786 1925 Maecena-

1741 1950 1824 2009 te,
1870 1947 2040 1997 addit:
2088 1948 2400 1999 Caecubum
2439 1952 2494 1999 et
2528 1948 2783 1999 Calenum

1742 2022 1883 2087 apud
1908 2036 1995 2073 me
2017 2022 2203 2081 bibes;
2241 2024 2467 2085 curabo,
2493 2028 2554 2073 ut
2575 2038 2640 2074 ea
2660 2026 2783 2074 vina

1741 2097 1940 2158 adsint,
1978 2111 2103 2148 cum
2136 2100 2346 2158 venies;
2385 2111 2510 2148 nam
2541 2100 2627 2148 hic
2662 2100 2783 2162 qui-

1741 2171 1867 2221 dem
1902 2186 2006 2222 non
2050 2176 2369 2223 crescunttn
2411 2199 2466 2209 -
2502 2173 2655 2234 huic,
2700 2174 2783 2223 in-

1742 2259 1923 2309 quam,
1960 2247 2369 2311 interpunctioni
2391 2250 2654 2310 repugnat
2673 2248 2783 2297 tota

1741 2319 2009 2371 clausulae
2085 2322 2432 2371 conformatio
2505 2323 2780 2385 magisque

1741 2397 1903 2445 etiam
1937 2397 2215 2455 sententia,
2253 2408 2392 2459 quae
2416 2397 2529 2445 tum
2552 2397 2628 2445 sic
2661 2409 2783 2460 pro-

1741 2471 1983 2522 cederet:
2025 2470 2166 2522 «vile
2203 2469 2459 2522 Sabinum
2490 2484 2672 2523 meum
2693 2473 2781 2522 vix

1739 2546 1973 2612 potabis:
2028 2545 2170 2597 dabo
2222 2545 2314 2596 tibi
2357 2545 2624 2609 aliquanto
2662 2560 2780 2597 me-

1738 2621 1855 2682 lius,
1882 2621 1979 2671 sed
2002 2622 2164 2672 medii
2186 2625 2365 2671 tamen
2389 2622 2617 2685 generiS‚
2643 2623 2780 2672 Cae-

1739 2696 1938 2746 cubum
1975 2698 2028 2746 et
2049 2696 2323 2756 Calenum,
2362 2698 2558 2760 quippe
2581 2697 2665 2745 cui
2688 2709 2780 2745 ne—

1739 2773 1857 2834 gata
1892 2772 1998 2821 sint
2018 2772 2236 2835 optima,
2273 2769 2553 2821 Falernum
2576 2773 2630 2821 et
2650 2772 2778 2820 For-

1737 2848 2035 2896 mianum:»
2095 2859 2219 2898 cum
2273 2849 2452 2895 tamen
2498 2845 2777 2895 manifesto

1736 2920 1828 2970 uni
1859 2921 1983 2969 vino
2017 2919 2211 2969 Sabino
2245 2922 2588 2984 opponantur
2621 2921 2777 2981 quat—

1736 2996 1858 3044 tuor
1888 2992 2042 3057 longe
2067 2995 2423 3056 generosiora.
2477 2994 2585 3044 Nec
2607 2994 2774 3056 magis

1737 3070 1793 3118 et
1826 3067 2231 3118 familiaritatem
2267 3071 2321 3119 et
2356 3070 2531 3118 iocum
2571 3069 2774 3131 spirare

1736 3144 1904 3193 totam
1937 3143 2076 3193 hanc
2119 3145 2515 3194 excusationem
2555 3144 2654 3192 Vile
2686 3169 2714 3178 -
2745 3169 2775 3180 -

1734 3217 1879 3266 colles
1924 3219 2199 3281 perspexit
2244 3220 2317 3280 iS,
2363 3219 2452 3280 qui
2498 3218 2776 3282 proposuit

1735 3293 1875 3342 dulce
1907 3304 2005 3355 pro
2037 3292 2150 3342 vile.
2225 3291 2591 3355 (Doederleinii
2634 3292 2770 3341 coni.

1734 3366 1855 3416 vide
1904 3367 1966 3416 11.
2019 3367 2315 3430 Sammlunq
2361 3380 2414 3431 p.
2468 3366 2582 3417 2⁴3.
2655 3366 2776 3415 Tum

1735 3439 1888 3501 illud,
1925 3442 1986 3490 ut
2017 3442 2114 3501 ait,
2152 3442 2432 3504 significat:
2473 3443 2633 3504 «post
2669 3439 2771 3490 vile

1733 3515 1988 3566 Sabinum
2009 3515 2153 3579 apud
2174 3529 2261 3565 me
2283 3515 2440 3565 bibes
2462 3515 2771 3578 pretiosiora

1731 3592 1855 3640 vina
1889 3592 1944 3639 et
1976 3588 2152 3653 palato
2188 3589 2622 3654 respondentia.»
2674 3590 2775 3638 Ve—

1732 3677 1852 3714 rum
1889 3665 2023 3714 mira
2058 3664 2192 3713 haec
2226 3663 2419 3713 accidit
2458 3663 2601 3727 apud
2643 3662 2773 3727 lyri-

1734 3751 1858 3788 cum
1891 3741 2106 3803 poetam
2141 3739 2399 3788 narratio:
2457 3739 2610 3787 «Duo
2652 3737 2773 3800 qui-

1732 3813 1857 3863 dem
1877 3815 1997 3863 vina
2021 3826 2281 3876 generosa
2304 3812 2506 3872 habe03
2545 3812 2651 3863 duo
2672 3810 2771 3861 alia

1731 3902 1888 3939 non.»
