3234 4975
658 373 782 439 706

1462 373 1719 423 HORATII
1754 372 2009 424 EPODON

906 528 1277 594 Fervidiore
1325 549 1506 594 mero
1554 548 1794 593 arcana
1836 538 2165 614 promorat
2213 528 2374 594 loco.

824 648 1070 729 Quodsi
1117 649 1281 716 meis
1326 649 1648 715 inaestuet
1693 648 2094 735 praecordiis

2744 648 2824 712 15

905 769 1137 837 Libera
1179 768 1356 844 bilis,
1404 779 1474 835 ut
1517 768 1680 835 baec
1725 768 1969 855 ingrata
2014 769 2220 835 ventis
2265 768 2508 835 dividat

820 893 1126 957 Fomenta
1168 889 1398 956 volnus
1442 888 1527 954 nil
1572 888 1812 956 malum
1857 888 2133 955 levantia
2157 941 2171 964 ‚

903 1012 1170 1078 Desinet
1212 1010 1564 1098 imparibus
1609 1020 1862 1076 certare
1904 1019 2262 1076 summotus
2306 1009 2540 1097 pudor.

821 1131 939 1198 Ubi
984 1130 1146 1197 haec
1188 1150 1459 1197 severus
1502 1140 1566 1196 te
1611 1128 1825 1217 palam
1872 1130 2321 1206 laudaveram,

780 1344 860 1396 ⁴4.
900 1344 1195 1395 Fet-vidiora
1225 1342 1464 1394 Aldinae.
1505 1371 1560 1380 —

1615 1346 1698 1394 45.
1734 1346 1986 1394 inaestuat
2017 1343 2107 1394 bc.
2151 1372 2204 1380 —
2251 1345 2333 1395 46.
2368 1350 2542 1395 ventas
2576 1345 2745 1396 Codd.

714 1418 836 1483 aliq.
862 1456 874 1479 ,
914 1419 1075 1469 Venus
1106 1419 1241 1468 Pott.
1280 1418 1334 1477 4,
1372 1417 1429 1479 3,
1466 1417 1549 1467 22.
1589 1419 1672 1481 (nt
1704 1431 1804 1468 nos
1828 1457 1839 1478 ,
1878 1418 2082 1480 nostri.)
2114 1445 2167 1455 -
2207 1419 2288 1468 47.
2324 1419 2597 1470 numantia
2631 1433 2754 1470 cum

710 1492 877 1544 Codd.
915 1491 1035 1556 aliq.
1075 1491 1380 1542 Glareanus.
1424 1516 1477 1528 —
1517 1492 1782 1553 inparibus
1815 1494 1884 1542 T.

646 1697 820 1748 omnis
850 1695 1176 1746 verecundia
1217 1694 1495 1745 elabitur.»
1548 1695 1693 1744 Con-

645 1772 865 1822 trarium
890 1782 988 1820 suo
1023 1769 1141 1819 loco
1164 1771 1247 1819 est
1279 1768 1375 1819 Od.
1406 1768 1462 1829 4,
1500 1769 1591 1829 27,
1630 1767 1688 1818 3:

642 1846 1071 1906 verecundamque
1118 1843 1383 1892 Bacchum.
1439 1866 1494 1878 —
1549 1842 1690 1906 loco]

644 1931 743 1968 «ex
777 1918 961 1966 intimo
989 1917 1196 1976 animo,
1232 1915 1326 1965 ubi
1360 1916 1468 1965 mei
1493 1915 1692 1965 amoris

644 2002 840 2041 arcana
873 1989 1084 2039 condita
1118 1991 1322 2039 erant.»

1772 1693 1932 1743 Verba
1961 1695 2130 1757 ferunt
2168 1697 2271 1745 cet.
2332 1695 2455 1745 Her.
2484 1696 2576 1756 45,
2612 1696 2736 1746 208ε
2774 1702 2821 1746 et

1766 1767 1977 1829 Zephyri
2029 1768 2184 1818 verba
2245 1769 2439 1818 caduca
2489 1770 2659 1832 ferunt
2676 1769 2704 1818 ἶ)
2760 1798 2815 1807 -

1767 1841 2031 1904 Fomenta]
2078 1843 2295 1906 Proprie
2348 1843 2449 1893 hoc
2483 1842 2819 1893 medicorum

1766 1912 2030 1963 vocabulo
2114 1914 2378 1979 (Verband
2396 1954 2414 1977 ,
2505 1916 2819 1979 Umschlayo)

1766 1999 1899 2040 usus
1951 1989 2032 2037 est
2080 1988 2213 2052 Epp.
2262 1989 2321 2049 4,
2357 1991 2416 2049 2,
2452 1991 2540 2040 52:
2596 1991 2821 2053 fomenta

712 2063 916 2113 45-48.
969 2064 1231 2124 inaestuet]
1282 2061 1691 2124 «incandescat,
1760 2062 2073 2123 podayram,
2111 2062 2333 2125 figurate
2368 2076 2554 2114 rursus
2587 2065 2719 2128 Epp.
2760 2067 2814 2125 4,

644 2138 912 2186 commota
952 2136 1161 2187 suerit.»
1197 2138 1381 2186 Senot..
1423 2163 1478 2172 —
1513 2137 1696 2187 Libera

644 2209 770 2274 bilis]
810 2209 976 2274 Epod.
1016 2209 1074 2272 4,
1111 2210 1200 2259 4οε
1245 2209 1526 2259 Liberi-ima
1557 2211 1696 2260 iadi-

641 2284 831 2349 matio.
865 2308 920 2320 —
950 2285 1094 2334 «Hoc
1129 2282 1224 2334 tibi
1249 2285 1374 2333 tuuc
1397 2283 1575 2334 dicere
1599 2297 1693 2335 so-

642 2356 852 2408 lebam:
909 2357 1108 2418 Quodsi
1143 2355 1427 2420 aliquando
1471 2359 1579 2408 tam
1628 2356 1693 2407 li-

643 2431 775 2482 bera
819 2431 1174 2494 indignatione
1218 2433 1378 2496 atque
1420 2431 1691 2481 iracundia

644 2519 898 2557 exarsere
915 2544 928 2567 ,
965 2509 1025 2555 ut
1047 2506 1315 2556 exsecrari
1350 2507 1462 2569 ipse
1485 2507 1691 2569 possim

641 2592 807 2629 vanas
860 2592 987 2643 spes
1044 2580 1098 2628 et
1159 2577 1434 2642 quereias,
1494 2578 1691 2641 quibus

641 2652 805 2702 veluti
855 2652 1103 2702 fomentis
1154 2653 1301 2714 gravi
1358 2652 1557 2703 amoris
1607 2653 1692 2703 in-

643 2726 808 2778 felicis
853 2723 1058 2776 volneri
1101 2725 1308 2775 mederi
1353 2725 1548 2776 frustra
1592 2726 1693 2775 ad-

642 2802 748 2851 huc
782 2803 1006 2851 conatus
1045 2813 1194 2861 sum,
1233 2800 1411 2862 itaque
1447 2813 1571 2860 eas,
1609 2802 1693 2850 ut-

641 2879 765 2940 pote
802 2873 926 2925 nihil
969 2887 1055 2924 me
1099 2874 1369 2931 iuvantes,
1415 2874 1468 2923 in
1503 2876 1693 2924 ventos

643 2950 946 3013 dispergam
963 2986 975 3008 ,
1031 2949 1122 3011 qui
1174 2961 1267 2998 eas
1314 2960 1500 2998 secum
1540 2948 1695 2998 aufe-

640 3025 789 3083 rant,
825 3023 902 3072 sic
935 3021 1179 3071 Inachiae
1205 3020 1516 3085 superbiam
1539 3021 1695 3071 dete-

645 3097 814 3147 status
876 3107 996 3145 eam
1060 3107 1242 3145 amare
1304 3094 1522 3145 tandem
1593 3094 1694 3145 de-

642 3169 865 3219 sinam.»
890 3193 946 3203 —
982 3167 1205 3231 inarata]
1243 3180 1530 3230 «quorum,
1568 3169 1692 3231 qnia

641 3242 834 3293 frustra
868 3240 1085 3290 admota
1124 3242 1272 3301 sunt,
1311 3253 1399 3290 me
1439 3242 1546 3291 iam
1575 3244 1692 3292 tae-

643 3315 738 3367 det
783 3315 1087 3379 pigetque.»
1162 3315 1277 3364 Non
1328 3316 1463 3364 tam:
1523 3313 1693 3365 «nihil

640 3390 840 3453 gratiae
881 3388 1024 3453 apud
1070 3387 1338 3438 Inachiam
1387 3387 1689 3447 habentia»,

639 3465 701 3514 ut
738 3461 848 3514 volt
890 3460 1095 3523 Schol.,
1148 3473 1336 3525 quam:
1397 3462 1556 3512 «nihil
1602 3475 1691 3512 me

641 3537 873 3588 iuvantia
889 3574 901 3598 ,
980 3536 1154 3586 inania
1169 3573 1182 3597 ,
1257 3548 1659 3600 supervacanea
1676 3573 1688 3595 ‚

639 3603 981 3682 ἀχάριστα.»
1058 3607 1260 3659 Gallim.
1314 3610 1435 3659 Cer.
1474 3610 1563 3659 90:
1617 3602 1692 3658 τὰ

639 3684 688 3735 δ’
732 3685 793 3749 ἐς
839 3680 1030 3745 βυθὸν
1076 3676 1175 3733 οἷα
1211 3679 1517 3749 θαλάσσης
1545 3677 1694 3733 Ἀλε-

638 3755 836 3825 μάτως
857 3752 1149 3829 ἀχάριστα
1170 3751 1487 3827 meppea.
1520 3756 1687 3809 Plaut.

644 3833 787 3884 Asin.
816 3832 875 3894 4,
901 3833 959 3893 2,
989 3833 1080 3882 4οι
1117 3832 1332 3895 [noram
1363 3837 1513 3894 atqua
1539 3831 1695 3881 irrim

641 3918 742 3956 osse
778 3905 952 3955 munia
990 3905 1227 3969 meuiqo.
1271 3932 1324 3941 —
1364 3906 1523 3955 ventis
1559 3906 1693 3956 divi-

1767 2133 1827 2194 3,
1853 2135 1944 2183 26:
1998 2148 2242 2185 aaronem
2261 2136 2507 2199 fomenta,
2547 2138 2819 2188 «remedia

1767 2209 1823 2257 et
1875 2206 2122 2258 solatia.»
2200 2209 2461 2273 Doering:
2540 2211 2691 2261 «haec
2733 2213 2821 2274 fo-

1764 2286 1957 2341 menta,
2012 2280 2239 2345 intellige
2281 2295 2462 2347 spem,
2514 2297 2651 2347 quae
2700 2286 2819 2337 eius

1766 2354 1820 2403 in
1853 2354 2123 2405 Inachiam
2158 2368 2400 2407 amorem
2435 2356 2610 2407 adhuc
2646 2361 2821 2409 nutri-

1764 2430 1945 2487 verat3
2001 2432 2313 2493 speraverat
2361 2432 2505 2481 enim
2558 2432 2704 2494 iore,
2757 2437 2822 2484 ut

1764 2503 1976 2553 Inachia
2030 2503 2316 2554 candidum
2368 2507 2622 2570 pauperis
2664 2508 2820 2571 iuge-

1766 2577 1913 2627 nium
1951 2577 2199 2627 ditiorum
2236 2578 2551 2630 muneribus
2574 2582 2820 2644 praeier-

1766 2651 1901 2699 ret.»
1978 2652 2153 2713 Longe
2203 2652 2449 2715 pinguius
2498 2653 2630 2704 HR:
2686 2656 2820 2705 «Fo-

1763 2729 1933 2774 menta
1955 2726 2078 2775 sunt
2103 2725 2220 2787 ipsa
2243 2727 2505 2786 convivia,
2544 2727 2812 2789 solatium,

1767 2798 1911 2862 quod
1955 2811 2019 2848 ex
2066 2799 2321 2849 conviviis
2372 2799 2617 2863 petebat,
2675 2815 2816 2865 quae

1767 2872 1838 2924 ad
1893 2885 2135 2923 amorem
2198 2873 2509 2938 pellendum
2572 2875 2818 2927 celebra-

1767 2947 1910 2997 bat.»
1971 2947 2173 2997 Verum
2220 2948 2493 3011 quomodo
2540 2953 2817 3014 compota—

1766 3021 1939 3071 tiones
1970 3022 2130 3070 ventis
2160 3022 2353 3071 dividat
2384 3021 2611 3086 aliquis?
2644 3025 2817 3074 immo

1766 3097 1891 3145 sunt
1952 3092 2359 3146 lamentationes
2427 3095 2496 3146 de
2568 3097 2816 3148 Inachiae

1767 3165 2104 3229 crudelitate,
2144 3167 2339 3230 quibus
2386 3169 2493 3218 iam
2541 3171 2817 3221 renuntia-

1766 3242 1945 3290 turum
1979 3252 2039 3289 se
2074 3240 2355 3304 profitetur
2386 3245 2563 3306 poeta.
2603 3269 2659 3280 —
2709 3246 2820 3296 De-

1765 3313 1891 3363 sinet
1913 3313 2036 3375 oet.]
2075 3315 2269 3377 ulam»,
2307 3315 2503 3379 inquit,
2542 3315 2819 3369 «desinam

1767 3390 1973 3438 certare
2022 3401 2147 3438 cum
2207 3388 2488 3452 rivalibus,
2548 3392 2639 3453 qui
2684 3392 2819 3441 mihi

1765 3462 1975 3525 ingenio
2009 3464 2155 3512 certe
2192 3463 2266 3526 (v.
2306 3464 2416 3527 42.)
2451 3465 2695 3527 impares,
2730 3467 2819 3516 in-

1765 3534 1987 3586 feriores
2035 3548 2199 3599 quam
2235 3550 2332 3601 ego
2355 3541 2481 3589 sunt
2516 3540 2592 3601 (ut
2623 3539 2818 3589 dicitur

1764 3623 1944 3673 quaero
1964 3611 2153 3673 impar,
2188 3611 2323 3662 nicht
2353 3610 2665 3677 obenbiirtiq,
2703 3615 2821 3675 qui-

1765 3682 1869 3735 bus
1902 3684 2113 3748 ingenio
2165 3686 2221 3735 et
2264 3680 2467 3755 χάρισι
2524 3684 2678 3749 longe
2722 3699 2821 3737 su-

1766 3759 1945 3822 perior
1965 3759 2125 3821 sum),
2160 3760 2332 3823 iisque
2354 3759 2640 3821 Inachiam,
2676 3772 2821 3822 quae

1767 3843 1856 3881 me
1873 3834 2157 3895 aspernata
2181 3833 2281 3893 est,
2307 3830 2448 3882 ultro
2465 3832 2819 3883 concedam.»

1767 3906 1973 3957 certare
2004 3905 2159 3955 alicui
2194 3905 2335 3955 haud
2368 3918 2492 3956 raro
2524 3906 2667 3970 apud
2689 3912 2823 3971 poe·

639 3977 744 4041 dat]
780 3979 864 4029 «in
888 3992 1047 4030 auras
1070 3978 1356 4044 dispergat,
1394 3978 1538 4029 nihili
1561 3992 1694 4044 pen·
1768 3980 1849 4035 tas
1884 3978 2167 4028 invenitur.
2225 3980 2334 4029 Sat.
2371 3980 2432 4041 2,
2469 3980 2531 4041 5,
2569 3979 2658 4030 49;
2704 3994 2822 4030 cer-

638 4053 782 4105 dat.»
858 4052 1027 4104 Conui.
1076 4054 1165 4103 Ca.
1220 4052 1315 4103 Od.
1375 4054 1431 4114 4,
1483 4054 1574 4111 26,
1629 4056 1690 4103 4ι

1767 4058 1882 4102 eam
1896 4052 2234 4103 -moaonbm,
2261 4052 2381 4104 vid.
2396 4052 2467 4103 aa
2483 4053 2650 4117 Epod.
2666 4054 2717 4115 ε,
2732 4055 2815 4104 20.

635 4125 939 4179 mittam-
965 4126 1184 4177 Tradam
1203 4153 1233 4163 -
1258 4127 1469 4177 Portare
1515 4127 1689 4176 ventis.
1771 4126 2103 4177 Reiiciendae
2153 4128 2334 4178 autem
2384 4128 2596 4177 ceterae
2653 4127 2823 4176 iuter—

637 4201 786 4252 ovid.
825 4201 949 4253 Met.
973 4201 1006 4250 8
1029 4237 1042 4260 ,
1070 4199 1165 4250 ⁴34
1189 4215 1199 4247 z
1252 4214 1322 4250 an
1352 4200 1531 4250 inania
1560 4201 1698 4250 venii

1770 4201 2119 4264 pretationes:
2148 4201 2192 4264 4)
2216 4212 2372 4251 acum
2389 4198 2641 4251 rivalibus
2658 4201 2818 4261 meis,
