<?xml version="1.0" encoding="UTF-8"?>
<!DOCTYPE html PUBLIC "-//W3C//DTD XHTML 1.0 Transitional//EN"
    "http://www.w3.org/TR/xhtml1/DTD/xhtml1-transitional.dtd">
<html xmlns="http://www.w3.org/1999/xhtml" xml:lang="en" lang="en">
 <head>
  <title>
</title>
<meta http-equiv="Content-Type" content="text/html;charset=utf-8" />
  <meta name='ocr-system' content='tesseract 3.04.00' />
  <meta name='ocr-capabilities' content='ocr_page ocr_carea ocr_par ocr_line ocrx_word'/>
</head>
<body>
  <div class='ocr_page' id='page_1' title='image "./qhoratiusflaccu05baitgoog_0127.png"; bbox 0 0 3234 4975; ppageno 0'>
   <div class='ocr_carea' id='block_1_1' title="bbox 1183 412 1695 464">
    <p class='ocr_par' dir='ltr' id='par_1_1' title="bbox 1183 412 1695 464">
     <span class='ocr_line' id='line_1_1' title="bbox 1183 412 1695 464; baseline -0.006 0"><span class='ocrx_word' id='word_1_1' title='bbox 1183 414 1300 464; x_wconf 80' lang='lat' dir='ltr'>Lm.</span> <span class='ocrx_word' id='word_1_2' title='bbox 1340 414 1377 463; x_wconf 92' lang='lat'>1.</span> <span class='ocrx_word' id='word_1_3' title='bbox 1449 412 1506 463; x_wconf 91' lang='lat' dir='ltr'>C.</span> <span class='ocrx_word' id='word_1_4' title='bbox 1545 412 1695 463; x_wconf 82' lang='lat' dir='ltr'><strong>XVII.</strong></span> 
     </span>
    </p>
   </div>
   <div class='ocr_carea' id='block_1_2' title="bbox 2438 404 2562 469">
    <p class='ocr_par' dir='ltr' id='par_1_2' title="bbox 2438 404 2562 469">
     <span class='ocr_line' id='line_1_2' title="bbox 2438 404 2562 469; baseline -0.016 0"><span class='ocrx_word' id='word_1_5' title='bbox 2438 404 2562 469; x_wconf 66' lang='lat'>⁴09</span> 
     </span>
    </p>
   </div>
   <div class='ocr_carea' id='block_1_3' title="bbox 819 567 2099 765">
    <p class='ocr_par' dir='ltr' id='par_1_3' title="bbox 819 567 2099 765">
     <span class='ocr_line' id='line_1_3' title="bbox 819 567 2099 659; baseline -0.002 -24"><span class='ocrx_word' id='word_1_6' title='bbox 819 572 1150 650; x_wconf 87' lang='lat' dir='ltr'>Quaerunt</span> <span class='ocrx_word' id='word_1_7' title='bbox 1190 570 1459 637; x_wconf 81' lang='lat' dir='ltr'>latentes</span> <span class='ocrx_word' id='word_1_8' title='bbox 1502 580 1566 635; x_wconf 89' lang='lat' dir='ltr'>et</span> <span class='ocrx_word' id='word_1_9' title='bbox 1609 567 1828 659; x_wconf 82' lang='lat' dir='ltr'>thyma</span> <span class='ocrx_word' id='word_1_10' title='bbox 1871 567 2099 634; x_wconf 84' lang='lat' dir='ltr'>deviae</span> 
     </span>
     <span class='ocr_line' id='line_1_4' title="bbox 905 689 1717 765; baseline -0.006 -6"><span class='ocrx_word' id='word_1_11' title='bbox 905 690 1152 759; x_wconf 88' lang='lat' dir='ltr'>Olentis</span> <span class='ocrx_word' id='word_1_12' title='bbox 1195 711 1431 756; x_wconf 84' lang='lat' dir='ltr'>uxores</span> <span class='ocrx_word' id='word_1_13' title='bbox 1475 689 1717 765; x_wconf 88' lang='lat' dir='ltr'>mariti,</span> 
     </span>
    </p>
   </div>
   <div class='ocr_carea' id='block_1_4' title="bbox 984 810 2103 887">
    <p class='ocr_par' dir='ltr' id='par_1_4' title="bbox 984 810 2103 887">
     <span class='ocr_line' id='line_1_5' title="bbox 984 810 2103 887; baseline -0.003 -9"><span class='ocrx_word' id='word_1_14' title='bbox 984 813 1117 879; x_wconf 90' lang='lat' dir='ltr'>Nec</span> <span class='ocrx_word' id='word_1_15' title='bbox 1159 811 1399 878; x_wconf 88' lang='lat' dir='ltr'>virides</span> <span class='ocrx_word' id='word_1_16' title='bbox 1443 821 1733 877; x_wconf 88' lang='lat' dir='ltr'>metuunt</span> <span class='ocrx_word' id='word_1_17' title='bbox 1776 810 2103 887; x_wconf 77' lang='lat' dir='ltr'>colubraS,</span> 
     </span>
    </p>
   </div>
   <div class='ocr_carea' id='block_1_5' title="bbox 817 967 1942 1057">
    <p class='ocr_par' dir='ltr' id='par_1_5' title="bbox 817 967 1942 1057">
     <span class='ocr_line' id='line_1_6' title="bbox 817 967 1942 1057; baseline -0.003 -20"><span class='ocrx_word' id='word_1_18' title='bbox 817 972 949 1037; x_wconf 90' lang='lat' dir='ltr'>Nec</span> <span class='ocrx_word' id='word_1_19' title='bbox 989 969 1306 1036; x_wconf 83' lang='lat' dir='ltr'><strong>Martiales</strong></span> <span class='ocrx_word' id='word_1_20' title='bbox 1350 968 1681 1036; x_wconf 88' lang='lat' dir='ltr'>Haediliae</span> <span class='ocrx_word' id='word_1_21' title='bbox 1723 967 1942 1057; x_wconf 76' lang='lat' dir='ltr'>lupoS,</span> 
     </span>
    </p>
   </div>
   <div class='ocr_carea' id='block_1_6' title="bbox 820 1088 2017 1180">
    <p class='ocr_par' dir='ltr' id='par_1_6' title="bbox 820 1088 2017 1180">
     <span class='ocr_line' id='line_1_7' title="bbox 820 1088 2017 1180; baseline -0.003 -22"><span class='ocrx_word' id='word_1_22' title='bbox 820 1092 1155 1180; x_wconf 86' lang='lat' dir='ltr'>Utcunque</span> <span class='ocrx_word' id='word_1_23' title='bbox 1198 1089 1399 1169; x_wconf 92' lang='lat' dir='ltr'>dulci,</span> <span class='ocrx_word' id='word_1_24' title='bbox 1447 1089 1758 1179; x_wconf 78' lang='lat' dir='ltr'>Tyndari,</span> <span class='ocrx_word' id='word_1_25' title='bbox 1806 1088 2017 1156; x_wconf 85' lang='lat' dir='ltr'>fistula</span> 
     </span>
    </p>
   </div>
   <div class='ocr_carea' id='block_1_7' title="bbox 2486 1089 2567 1154">
    <p class='ocr_par' dir='ltr' id='par_1_7' title="bbox 2486 1089 2567 1154">
     <span class='ocr_line' id='line_1_8' title="bbox 2486 1089 2567 1154; baseline 0 0"><span class='ocrx_word' id='word_1_26' title='bbox 2486 1089 2567 1154; x_wconf 73' lang='grc'>40</span> 
     </span>
    </p>
   </div>
   <div class='ocr_carea' id='block_1_8' title="bbox 463 1312 2549 1526">
    <p class='ocr_par' dir='ltr' id='par_1_8' title="bbox 463 1312 2549 1526">
     <span class='ocr_line' id='line_1_9' title="bbox 530 1312 2549 1368; baseline -0 -2"><span class='ocrx_word' id='word_1_27' title='bbox 530 1317 578 1366; x_wconf 90' lang='grc'>8.</span> <span class='ocrx_word' id='word_1_28' title='bbox 601 1317 780 1367; x_wconf 73' lang='lat' dir='ltr'>viridis</span> <span class='ocrx_word' id='word_1_29' title='bbox 810 1318 909 1368; x_wconf 85' lang='lat' dir='ltr'>BT.</span> <span class='ocrx_word' id='word_1_30' title='bbox 930 1344 984 1361; x_wconf 55' lang='lat'>«—</span> <span class='ocrx_word' id='word_1_31' title='bbox 1006 1316 1233 1366; x_wconf 75' lang='lat' dir='ltr'>colubros</span> <span class='ocrx_word' id='word_1_32' title='bbox 1265 1315 1429 1366; x_wconf 88' lang='lat' dir='ltr'>C3dd.</span> <span class='ocrx_word' id='word_1_33' title='bbox 1467 1314 1742 1365; x_wconf 84' lang='lat' dir='ltr'>Vanderb.</span> <span class='ocrx_word' id='word_1_34' title='bbox 1781 1317 1836 1365; x_wconf 87' lang='lat' dir='ltr'>et</span> <span class='ocrx_word' id='word_1_35' title='bbox 1873 1316 2202 1366; x_wconf 86' lang='lat' dir='ltr'>recentiores</span> <span class='ocrx_word' id='word_1_36' title='bbox 2238 1315 2300 1366; x_wconf 89' lang='lat' dir='ltr'>H.</span> <span class='ocrx_word' id='word_1_37' title='bbox 2328 1315 2504 1366; x_wconf 88' lang='lat' dir='ltr'>Peerl-</span> <span class='ocrx_word' id='word_1_38' title='bbox 2542 1312 2549 1319; x_wconf 87' lang='lat'>&#39;</span> 
     </span>
     <span class='ocr_line' id='line_1_10' title="bbox 463 1387 2496 1456; baseline -0 -16"><span class='ocrx_word' id='word_1_39' title='bbox 463 1392 676 1455; x_wconf 85' lang='lat' dir='ltr'>kampii.</span> <span class='ocrx_word' id='word_1_40' title='bbox 714 1419 769 1427; x_wconf 85' lang='lat'><em>-</em></span> <span class='ocrx_word' id='word_1_41' title='bbox 806 1391 854 1440; x_wconf 86' lang='grc'><strong>9.</strong></span> <span class='ocrx_word' id='word_1_42' title='bbox 879 1391 1132 1440; x_wconf 75' lang='lat' dir='ltr'>martialis</span> <span class='ocrx_word' id='word_1_43' title='bbox 1162 1392 1262 1441; x_wconf 82' lang='lat' dir='ltr'>BT.</span> <span class='ocrx_word' id='word_1_44' title='bbox 1298 1417 1353 1426; x_wconf 93' lang='lat'><strong>—</strong></span> <span class='ocrx_word' id='word_1_45' title='bbox 1384 1390 1643 1440; x_wconf 77' lang='lat' dir='ltr'>Haediliae</span> <span class='ocrx_word' id='word_1_46' title='bbox 1663 1387 1894 1456; x_wconf 66' lang='lat' dir='ltr'>Bhssyx,</span> <span class='ocrx_word' id='word_1_47' title='bbox 1922 1391 2153 1441; x_wconf 81' lang='lat' dir='ltr'>Pottierii</span> <span class='ocrx_word' id='word_1_48' title='bbox 2175 1391 2225 1450; x_wconf 78' lang='lat'>2,</span> <span class='ocrx_word' id='word_1_49' title='bbox 2252 1390 2301 1451; x_wconf 90' lang='lat'>3,</span> <span class='ocrx_word' id='word_1_50' title='bbox 2331 1389 2381 1451; x_wconf 76' lang='lat'>4,</span> <span class='ocrx_word' id='word_1_51' title='bbox 2412 1390 2496 1440; x_wconf 76' lang='lat'>43.</span> 
     </span>
     <span class='ocr_line' id='line_1_11' title="bbox 465 1463 2495 1526; baseline -0 -11"><span class='ocrx_word' id='word_1_52' title='bbox 465 1465 554 1517; x_wconf 75' lang='lat'>⁴4:</span> <span class='ocrx_word' id='word_1_53' title='bbox 603 1466 820 1514; x_wconf 66' lang='lat' dir='ltr'>modilia</span> <span class='ocrx_word' id='word_1_54' title='bbox 862 1465 1139 1525; x_wconf 88' lang='lat' dir='ltr'>STcd‚LT,</span> <span class='ocrx_word' id='word_1_55' title='bbox 1190 1464 1451 1514; x_wconf 69' lang='grc' dir='ltr'>ὴαοάυἱίαο</span> <span class='ocrx_word' id='word_1_56' title='bbox 1494 1464 1565 1526; x_wconf 83' lang='lat' dir='ltr'>C,</span> <span class='ocrx_word' id='word_1_57' title='bbox 1617 1465 1885 1515; x_wconf 64' lang='lat' dir='ltr'>haedulum</span> <span class='ocrx_word' id='word_1_58' title='bbox 1916 1463 2083 1517; x_wconf 83' lang='lat' dir='ltr'>Bentl.</span> <span class='ocrx_word' id='word_1_59' title='bbox 2124 1466 2259 1516; x_wconf 90' lang='lat' dir='ltr'>coni.</span> <span class='ocrx_word' id='word_1_60' title='bbox 2305 1467 2357 1514; x_wconf 80' lang='lat' dir='ltr'>ei</span> <span class='ocrx_word' id='word_1_61' title='bbox 2390 1466 2495 1516; x_wconf 71' lang='grc' dir='ltr'><strong>ΡΜ.</strong></span> 
     </span>
    </p>
   </div>
   <div class='ocr_carea' id='block_1_9' title="bbox 464 1539 1461 1604">
    <p class='ocr_par' dir='ltr' id='par_1_9' title="bbox 464 1539 1461 1604">
     <span class='ocr_line' id='line_1_12' title="bbox 464 1539 1461 1604; baseline -0.001 -15"><span class='ocrx_word' id='word_1_62' title='bbox 464 1540 743 1604; x_wconf 66' lang='lat' dir='ltr'>(Haedilia-9</span> <span class='ocrx_word' id='word_1_63' title='bbox 776 1552 989 1589; x_wconf 87' lang='lat' dir='ltr'>mecum</span> <span class='ocrx_word' id='word_1_64' title='bbox 1020 1539 1088 1602; x_wconf 85' lang='lat' dir='ltr'>J.)</span> <span class='ocrx_word' id='word_1_65' title='bbox 1130 1566 1184 1575; x_wconf 93' lang='lat'>-—</span> <span class='ocrx_word' id='word_1_66' title='bbox 1221 1540 1372 1602; x_wconf 78' lang='lat' dir='ltr'>lupus</span> <span class='ocrx_word' id='word_1_67' title='bbox 1405 1540 1461 1588; x_wconf 79' lang='lat' dir='ltr'>T.</span> 
     </span>
    </p>
   </div>
   <div class='ocr_carea' id='block_1_10' title="bbox 401 1744 1452 2926">
    <p class='ocr_par' dir='ltr' id='par_1_10' title="bbox 401 1744 1452 2926">
     <span class='ocr_line' id='line_1_13' title="bbox 401 1744 1447 1808; baseline -0.001 -14"><span class='ocrx_word' id='word_1_68' title='bbox 401 1745 742 1796; x_wconf 86' lang='lat' dir='ltr'>securitatem</span> <span class='ocrx_word' id='word_1_69' title='bbox 787 1745 1049 1808; x_wconf 83' lang='lat' dir='ltr'>exprimit.</span> <span class='ocrx_word' id='word_1_70' title='bbox 1131 1744 1447 1794; x_wconf 76' lang='lat' dir='ltr'>pedestrem</span> 
     </span>
     <span class='ocr_line' id='line_1_14' title="bbox 402 1818 1450 1869; baseline -0.002 -1"><span class='ocrx_word' id='word_1_71' title='bbox 402 1820 696 1869; x_wconf 85' lang='lat' dir='ltr'>orationem</span> <span class='ocrx_word' id='word_1_72' title='bbox 724 1818 931 1869; x_wconf 78' lang='lat' dir='ltr'>redolet</span> <span class='ocrx_word' id='word_1_73' title='bbox 960 1825 1117 1869; x_wconf 78' lang='lat' dir='ltr'>tot-um</span> <span class='ocrx_word' id='word_1_74' title='bbox 1130 1832 1317 1869; x_wconf 66' lang='lat' dir='ltr'>nomm.</span> <span class='ocrx_word' id='word_1_75' title='bbox 1360 1818 1450 1867; x_wconf 85' lang='lat' dir='ltr'>To-</span> 
     </span>
     <span class='ocr_line' id='line_1_15' title="bbox 401 1892 1443 1958; baseline 0.001 -16"><span class='ocrx_word' id='word_1_76' title='bbox 401 1900 507 1943; x_wconf 73' lang='lat' dir='ltr'>tum</span> <span class='ocrx_word' id='word_1_77' title='bbox 570 1894 789 1956; x_wconf 88' lang='lat' dir='ltr'>quidem</span> <span class='ocrx_word' id='word_1_78' title='bbox 845 1892 1094 1958; x_wconf 85' lang='lat' dir='ltr'>praetulit</span> <span class='ocrx_word' id='word_1_79' title='bbox 1158 1892 1443 1953; x_wconf 87' lang='lat' dir='ltr'>Bentleius,</span> 
     </span>
     <span class='ocr_line' id='line_1_16' title="bbox 401 1967 1449 2032; baseline -0.001 -14"><span class='ocrx_word' id='word_1_80' title='bbox 401 1969 524 2032; x_wconf 89' lang='lat' dir='ltr'>quia</span> <span class='ocrx_word' id='word_1_81' title='bbox 573 1967 644 2017; x_wconf 90' lang='lat' dir='ltr'>nil</span> <span class='ocrx_word' id='word_1_82' title='bbox 685 1969 879 2018; x_wconf 87' lang='lat' dir='ltr'>mirum</span> <span class='ocrx_word' id='word_1_83' title='bbox 924 1969 991 2017; x_wconf 89' lang='lat' dir='ltr'>sit</span> <span class='ocrx_word' id='word_1_84' title='bbox 1035 1968 1250 2032; x_wconf 88' lang='lat' dir='ltr'>impune</span> <span class='ocrx_word' id='word_1_85' title='bbox 1289 1981 1320 2018; x_wconf 90' lang='lat' dir='ltr'>a</span> <span class='ocrx_word' id='word_1_86' title='bbox 1356 1981 1449 2017; x_wconf 86' lang='lat' dir='ltr'>ca-</span> 
     </span>
     <span class='ocr_line' id='line_1_17' title="bbox 401 2042 1443 2107; baseline 0 -14"><span class='ocrx_word' id='word_1_87' title='bbox 401 2043 553 2107; x_wconf 89' lang='lat' dir='ltr'>pellis</span> <span class='ocrx_word' id='word_1_88' title='bbox 585 2042 805 2093; x_wconf 88' lang='lat' dir='ltr'>arbutos</span> <span class='ocrx_word' id='word_1_89' title='bbox 836 2043 1045 2106; x_wconf 85' lang='lat' dir='ltr'>quaeri,</span> <span class='ocrx_word' id='word_1_90' title='bbox 1089 2043 1134 2092; x_wconf 87' lang='lat' dir='ltr'>si</span> <span class='ocrx_word' id='word_1_91' title='bbox 1166 2047 1328 2092; x_wconf 63' lang='lat' dir='ltr'>cutiam</span> <span class='ocrx_word' id='word_1_92' title='bbox 1359 2043 1443 2093; x_wconf 82' lang='lat' dir='ltr'>sit.</span> 
     </span>
     <span class='ocr_line' id='line_1_18' title="bbox 403 2116 1448 2182; baseline 0 -15"><span class='ocrx_word' id='word_1_93' title='bbox 403 2118 506 2168; x_wconf 89' lang='lat' dir='ltr'>Sed</span> <span class='ocrx_word' id='word_1_94' title='bbox 557 2116 626 2167; x_wconf 88' lang='lat' dir='ltr'>nil</span> <span class='ocrx_word' id='word_1_95' title='bbox 659 2117 988 2181; x_wconf 82' lang='lat' dir='ltr'>frequentius</span> <span class='ocrx_word' id='word_1_96' title='bbox 1031 2119 1230 2181; x_wconf 72' lang='lat' dir='ltr'>poetis,</span> <span class='ocrx_word' id='word_1_97' title='bbox 1283 2130 1448 2182; x_wconf 87' lang='lat' dir='ltr'>quam</span> 
     </span>
     <span class='ocr_line' id='line_1_19' title="bbox 403 2189 1450 2242; baseline 0.001 -1"><span class='ocrx_word' id='word_1_98' title='bbox 403 2193 661 2241; x_wconf 82' lang='lat' dir='ltr'>rationem</span> <span class='ocrx_word' id='word_1_99' title='bbox 705 2190 857 2241; x_wconf 78' lang='lat' dir='ltr'>verbi</span> <span class='ocrx_word' id='word_1_100' title='bbox 905 2189 989 2241; x_wconf 85' lang='lat' dir='ltr'>vel</span> <span class='ocrx_word' id='word_1_101' title='bbox 1036 2192 1275 2241; x_wconf 84' lang='lat' dir='ltr'>adverbii</span> <span class='ocrx_word' id='word_1_102' title='bbox 1322 2192 1450 2242; x_wconf 87' lang='lat' dir='ltr'>red·-</span> 
     </span>
     <span class='ocr_line' id='line_1_20' title="bbox 404 2265 1447 2332; baseline -0.001 -16"><span class='ocrx_word' id='word_1_103' title='bbox 404 2266 532 2316; x_wconf 91' lang='lat' dir='ltr'>dere</span> <span class='ocrx_word' id='word_1_104' title='bbox 567 2266 654 2316; x_wconf 84' lang='lat' dir='ltr'>tali</span> <span class='ocrx_word' id='word_1_105' title='bbox 682 2265 940 2332; x_wconf 74' lang='grc' dir='ltr'><strong>ἕπιθέτῳ.</strong></span> <span class='ocrx_word' id='word_1_106' title='bbox 1003 2265 1108 2316; x_wconf 80' lang='lat' dir='ltr'>Ctr.</span> <span class='ocrx_word' id='word_1_107' title='bbox 1143 2267 1348 2318; x_wconf 88' lang='lat' dir='ltr'>lanium</span> <span class='ocrx_word' id='word_1_108' title='bbox 1377 2267 1447 2316; x_wconf 86' lang='lat' dir='ltr'>ad</span> 
     </span>
     <span class='ocr_line' id='line_1_21' title="bbox 402 2339 1452 2405; baseline 0 -15"><span class='ocrx_word' id='word_1_109' title='bbox 402 2341 457 2391; x_wconf 89' lang='lat' dir='ltr'>h.</span> <span class='ocrx_word' id='word_1_110' title='bbox 484 2339 518 2389; x_wconf 90' lang='lat' dir='ltr'>l.</span> <span class='ocrx_word' id='word_1_111' title='bbox 544 2342 730 2390; x_wconf 70' lang='lat' dir='ltr'>Rscm..</span> <span class='ocrx_word' id='word_1_112' title='bbox 772 2368 826 2376; x_wconf 91' lang='lat'>—</span> <span class='ocrx_word' id='word_1_113' title='bbox 864 2340 1350 2405; x_wconf 73' lang='lat' dir='ltr'>arbutos-latomos]</span> <span class='ocrx_word' id='word_1_114' title='bbox 1376 2343 1452 2390; x_wconf 92' lang='lat' dir='ltr'>in-</span> 
     </span>
     <span class='ocr_line' id='line_1_22' title="bbox 405 2414 1451 2478; baseline 0 -13"><span class='ocrx_word' id='word_1_115' title='bbox 405 2418 487 2465; x_wconf 83' lang='lat' dir='ltr'>ter</span> <span class='ocrx_word' id='word_1_116' title='bbox 518 2414 646 2464; x_wconf 86' lang='lat' dir='ltr'>alias</span> <span class='ocrx_word' id='word_1_117' title='bbox 678 2415 901 2466; x_wconf 89' lang='lat' dir='ltr'>arbores</span> <span class='ocrx_word' id='word_1_118' title='bbox 918 2415 1054 2478; x_wconf 92' lang='lat' dir='ltr'>picei</span> <span class='ocrx_word' id='word_1_119' title='bbox 1085 2418 1313 2478; x_wconf 85' lang='lat' dir='ltr'>generis,</span> <span class='ocrx_word' id='word_1_120' title='bbox 1353 2429 1451 2465; x_wconf 87' lang='lat' dir='ltr'>cu-</span> 
     </span>
     <span class='ocr_line' id='line_1_23' title="bbox 404 2493 1452 2556; baseline 0.001 -16"><span class='ocrx_word' id='word_1_121' title='bbox 404 2503 624 2555; x_wconf 83' lang='lat' dir='ltr'>pressos</span> <span class='ocrx_word' id='word_1_122' title='bbox 648 2528 661 2550; x_wconf 93' lang='lat'>,</span> <span class='ocrx_word' id='word_1_123' title='bbox 712 2493 864 2540; x_wconf 85' lang='lat' dir='ltr'>taxos</span> <span class='ocrx_word' id='word_1_124' title='bbox 885 2528 898 2551; x_wconf 95' lang='lat'>,</span> <span class='ocrx_word' id='word_1_125' title='bbox 952 2503 1086 2554; x_wconf 88' lang='lat' dir='ltr'>quas</span> <span class='ocrx_word' id='word_1_126' title='bbox 1132 2504 1323 2556; x_wconf 86' lang='lat' dir='ltr'>caprae</span> <span class='ocrx_word' id='word_1_127' title='bbox 1363 2504 1452 2541; x_wconf 90' lang='lat' dir='ltr'>re-</span> 
     </span>
     <span class='ocr_line' id='line_1_24' title="bbox 403 2564 1447 2629; baseline 0.002 -15"><span class='ocrx_word' id='word_1_128' title='bbox 403 2567 617 2629; x_wconf 83' lang='lat' dir='ltr'>spuunt,</span> <span class='ocrx_word' id='word_1_129' title='bbox 656 2564 943 2627; x_wconf 86' lang='lat' dir='ltr'>dispersas.</span> <span class='ocrx_word' id='word_1_130' title='bbox 981 2565 1121 2628; x_wconf 83' lang='lat' dir='ltr'>virg.</span> <span class='ocrx_word' id='word_1_131' title='bbox 1145 2568 1235 2615; x_wconf 90' lang='lat' dir='ltr'>Ge.</span> <span class='ocrx_word' id='word_1_132' title='bbox 1257 2567 1305 2626; x_wconf 87' lang='grc'>3,</span> <span class='ocrx_word' id='word_1_133' title='bbox 1327 2566 1447 2616; x_wconf 83' lang='grc' dir='ltr'>30οε</span> 
     </span>
     <span class='ocr_line' id='line_1_25' title="bbox 402 2639 1452 2705; baseline 0 -16"><span class='ocrx_word' id='word_1_134' title='bbox 402 2640 543 2689; x_wconf 71' lang='lat' dir='ltr'>iubeo</span> <span class='ocrx_word' id='word_1_135' title='bbox 573 2639 860 2702; x_wconf 69' lang='lat' dir='ltr'>frondmtia</span> <span class='ocrx_word' id='word_1_136' title='bbox 881 2640 1050 2700; x_wconf 79' lang='lat' dir='ltr'>capris</span> <span class='ocrx_word' id='word_1_137' title='bbox 1080 2639 1278 2689; x_wconf 75' lang='lat' dir='ltr'>Arbuta</span> <span class='ocrx_word' id='word_1_138' title='bbox 1309 2640 1452 2705; x_wconf 70' lang='lat' dir='ltr'>suffl-</span> 
     </span>
     <span class='ocr_line' id='line_1_26' title="bbox 402 2713 1452 2764; baseline 0.001 -1"><span class='ocrx_word' id='word_1_139' title='bbox 402 2727 529 2764; x_wconf 75' lang='lat' dir='ltr'>cere.</span> <span class='ocrx_word' id='word_1_140' title='bbox 601 2715 853 2764; x_wconf 77' lang='lat' dir='ltr'>Ceterum</span> <span class='ocrx_word' id='word_1_141' title='bbox 908 2713 1098 2764; x_wconf 87' lang='lat' dir='ltr'>eadem</span> <span class='ocrx_word' id='word_1_142' title='bbox 1149 2716 1452 2764; x_wconf 80' lang='lat' dir='ltr'>etiamnunc</span> 
     </span>
     <span class='ocr_line' id='line_1_27' title="bbox 409 2788 1449 2848; baseline 0.001 -11"><span class='ocrx_word' id='word_1_143' title='bbox 409 2788 572 2838; x_wconf 74' lang='lat' dir='ltr'>facies</span> <span class='ocrx_word' id='word_1_144' title='bbox 625 2790 709 2838; x_wconf 85' lang='lat' dir='ltr'>est</span> <span class='ocrx_word' id='word_1_145' title='bbox 768 2789 1004 2837; x_wconf 86' lang='lat' dir='ltr'>nemoris</span> <span class='ocrx_word' id='word_1_146' title='bbox 1069 2790 1449 2848; x_wconf 79' lang='lat' dir='ltr'>amoenissimi,</span> 
     </span>
     <span class='ocr_line' id='line_1_28' title="bbox 406 2860 1452 2926; baseline 0.001 -14"><span class='ocrx_word' id='word_1_147' title='bbox 406 2862 632 2922; x_wconf 87' lang='lat' dir='ltr'>arbutis,</span> <span class='ocrx_word' id='word_1_148' title='bbox 685 2860 845 2911; x_wconf 82' lang='lat' dir='ltr'>lauris</span> <span class='ocrx_word' id='word_1_149' title='bbox 863 2899 875 2922; x_wconf 87' lang='lat'>,</span> <span class='ocrx_word' id='word_1_150' title='bbox 921 2861 1228 2922; x_wconf 76' lang='lat' dir='ltr'>lavendula,</span> <span class='ocrx_word' id='word_1_151' title='bbox 1267 2863 1452 2926; x_wconf 77' lang='lat' dir='ltr'>thymo</span> 
     </span>
    </p>
   </div>
   <div class='ocr_carea' id='block_1_11' title="bbox 335 2937 614 2987">
    <p class='ocr_par' dir='ltr' id='par_1_11' title="bbox 335 2937 614 2987">
     <span class='ocr_line' id='line_1_29' title="bbox 335 2937 614 2987; baseline -0.011 1"><span class='ocrx_word' id='word_1_152' title='bbox 335 2947 348 2952; x_wconf 88' lang='grc'><em>·</em></span> <span class='ocrx_word' id='word_1_153' title='bbox 409 2937 614 2987; x_wconf 85' lang='lat' dir='ltr'>consiti.</span> 
     </span>
    </p>
   </div>
   <div class='ocr_carea' id='block_1_12' title="bbox 405 3003 1461 4110">
    <p class='ocr_par' dir='ltr' id='par_1_12' title="bbox 405 3003 1461 4110">
     <span class='ocr_line' id='line_1_30' title="bbox 476 3003 1454 3073; baseline -0.001 -13"><span class='ocrx_word' id='word_1_154' title='bbox 476 3012 525 3060; x_wconf 84' lang='lat'>7.</span> <span class='ocrx_word' id='word_1_155' title='bbox 562 3011 610 3060; x_wconf 91' lang='grc'>8.</span> <span class='ocrx_word' id='word_1_156' title='bbox 681 3010 884 3073; x_wconf 68' lang='lat' dir='ltr'>umores]</span> <span class='ocrx_word' id='word_1_157' title='bbox 922 3011 1142 3062; x_wconf 86' lang='lat' dir='ltr'>Theocr.</span> <span class='ocrx_word' id='word_1_158' title='bbox 1179 3013 1227 3073; x_wconf 89' lang='lat'>8,</span> <span class='ocrx_word' id='word_1_159' title='bbox 1266 3012 1356 3064; x_wconf 74' lang='lat'>49:</span> <span class='ocrx_word' id='word_1_160' title='bbox 1405 3003 1454 3060; x_wconf 75' lang='grc' dir='ltr'><em>ὦ</em></span> 
     </span>
     <span class='ocr_line' id='line_1_31' title="bbox 405 3080 1449 3158; baseline 0.003 -24"><span class='ocrx_word' id='word_1_161' title='bbox 405 3080 578 3155; x_wconf 74' lang='grc' dir='ltr'><em>τράγε</em></span> <span class='ocrx_word' id='word_1_162' title='bbox 595 3121 611 3146; x_wconf 84' lang='grc'><em>,</em></span> <span class='ocrx_word' id='word_1_163' title='bbox 657 3083 763 3136; x_wconf 77' lang='grc' dir='ltr'>τᾶν</span> <span class='ocrx_word' id='word_1_164' title='bbox 812 3081 1020 3136; x_wconf 75' lang='grc' dir='ltr'><strong><em>λευκᾶν</em></strong></span> <span class='ocrx_word' id='word_1_165' title='bbox 1068 3084 1239 3153; x_wconf 75' lang='grc' dir='ltr'><em>αἰγᾶν</em></span> <span class='ocrx_word' id='word_1_166' title='bbox 1288 3081 1449 3158; x_wconf 76' lang='grc' dir='ltr'><strong>ἆνερ.</strong></span> 
     </span>
     <span class='ocr_line' id='line_1_32' title="bbox 408 3160 1455 3226; baseline 0.004 -17"><span class='ocrx_word' id='word_1_167' title='bbox 408 3160 668 3210; x_wconf 85' lang='lat' dir='ltr'>Leonidas</span> <span class='ocrx_word' id='word_1_168' title='bbox 716 3161 832 3210; x_wconf 84' lang='lat' dir='ltr'>Tar.</span> <span class='ocrx_word' id='word_1_169' title='bbox 875 3161 970 3224; x_wconf 89' lang='lat' dir='ltr'>Ep.</span> <span class='ocrx_word' id='word_1_170' title='bbox 1013 3161 1094 3223; x_wconf 76' lang='lat'>64,</span> <span class='ocrx_word' id='word_1_171' title='bbox 1148 3163 1205 3212; x_wconf 70' lang='lat'>⁴:</span> <span class='ocrx_word' id='word_1_172' title='bbox 1257 3160 1455 3226; x_wconf 73' lang='grc' dir='ltr'><strong><em>ἴξαλος</em></strong></span> 
     </span>
     <span class='ocr_line' id='line_1_33' title="bbox 413 3227 1450 3302; baseline 0.004 -18"><span class='ocrx_word' id='word_1_173' title='bbox 413 3227 685 3302; x_wconf 76' lang='grc' dir='ltr'><em>εὖπώγων</em></span> <span class='ocrx_word' id='word_1_174' title='bbox 719 3230 885 3302; x_wconf 77' lang='grc' dir='ltr'><strong><em>αἰγὸς</em></strong></span> <span class='ocrx_word' id='word_1_175' title='bbox 918 3231 1105 3299; x_wconf 80' lang='grc' dir='ltr'><strong>πόσις.</strong></span> <span class='ocrx_word' id='word_1_176' title='bbox 1165 3238 1303 3301; x_wconf 82' lang='lat' dir='ltr'>Virg.</span> <span class='ocrx_word' id='word_1_177' title='bbox 1342 3238 1450 3288; x_wconf 90' lang='lat' dir='ltr'>Ecl.</span> 
     </span>
     <span class='ocr_line' id='line_1_34' title="bbox 407 3308 1450 3375; baseline 0.005 -17"><span class='ocrx_word' id='word_1_178' title='bbox 407 3310 458 3370; x_wconf 80' lang='lat'>7,</span> <span class='ocrx_word' id='word_1_179' title='bbox 493 3308 551 3357; x_wconf 85' lang='lat'>7:</span> <span class='ocrx_word' id='word_1_180' title='bbox 615 3311 704 3360; x_wconf 76' lang='lat' dir='ltr'>Vir</span> <span class='ocrx_word' id='word_1_181' title='bbox 729 3311 897 3374; x_wconf 58' lang='lat' dir='ltr'>gregis</span> <span class='ocrx_word' id='word_1_182' title='bbox 927 3311 1032 3373; x_wconf 76' lang='lat' dir='ltr'>ipse</span> <span class='ocrx_word' id='word_1_183' title='bbox 1062 3325 1231 3375; x_wconf 69' lang='lat' dir='ltr'>caper.</span> <span class='ocrx_word' id='word_1_184' title='bbox 1302 3313 1450 3363; x_wconf 87' lang='lat' dir='ltr'>Ovid.</span> 
     </span>
     <span class='ocr_line' id='line_1_35' title="bbox 409 3383 1453 3451; baseline 0.006 -19"><span class='ocrx_word' id='word_1_185' title='bbox 409 3383 544 3433; x_wconf 84' lang='lat' dir='ltr'>Fast.</span> <span class='ocrx_word' id='word_1_186' title='bbox 566 3384 613 3444; x_wconf 77' lang='grc'>4,</span> <span class='ocrx_word' id='word_1_187' title='bbox 634 3384 757 3435; x_wconf 69' lang='grc' dir='ltr'>334ῑ</span> <span class='ocrx_word' id='word_1_188' title='bbox 784 3385 1042 3448; x_wconf 63' lang='lat' dir='ltr'>lanigerae</span> <span class='ocrx_word' id='word_1_189' title='bbox 1062 3387 1270 3451; x_wconf 61' lang='lat' dir='ltr'>coniuge</span> <span class='ocrx_word' id='word_1_190' title='bbox 1285 3415 1315 3425; x_wconf 89' lang='lat'>-</span> <span class='ocrx_word' id='word_1_191' title='bbox 1332 3390 1453 3438; x_wconf 80' lang='lat' dir='ltr'>ovis.</span> 
     </span>
     <span class='ocr_line' id='line_1_36' title="bbox 415 3459 1461 3512; baseline 0.006 -6"><span class='ocrx_word' id='word_1_192' title='bbox 415 3485 470 3493; x_wconf 90' lang='lat'>—</span> <span class='ocrx_word' id='word_1_193' title='bbox 517 3459 577 3507; x_wconf 90' lang='lat' dir='ltr'>In</span> <span class='ocrx_word' id='word_1_194' title='bbox 612 3472 660 3507; x_wconf 84' lang='lat' dir='ltr'>v.</span> <span class='ocrx_word' id='word_1_195' title='bbox 703 3460 887 3509; x_wconf 74' lang='lat' dir='ltr'>Olentis</span> <span class='ocrx_word' id='word_1_196' title='bbox 927 3462 1255 3511; x_wconf 83' lang='lat' dir='ltr'>recentiores</span> <span class='ocrx_word' id='word_1_197' title='bbox 1297 3464 1461 3512; x_wconf 90' lang='lat' dir='ltr'>inter-</span> 
     </span>
     <span class='ocr_line' id='line_1_37' title="bbox 409 3533 1456 3596; baseline 0.007 -15"><span class='ocrx_word' id='word_1_198' title='bbox 409 3535 591 3596; x_wconf 84' lang='lat' dir='ltr'>pretes</span> <span class='ocrx_word' id='word_1_199' title='bbox 642 3533 752 3583; x_wconf 80' lang='lat' dir='ltr'>fere</span> <span class='ocrx_word' id='word_1_200' title='bbox 795 3533 1096 3594; x_wconf 74' lang='lat' dir='ltr'>offendunt3</span> <span class='ocrx_word' id='word_1_201' title='bbox 1151 3550 1214 3587; x_wconf 84' lang='lat' dir='ltr'>ex</span> <span class='ocrx_word' id='word_1_202' title='bbox 1260 3538 1456 3588; x_wconf 83' lang='lat' dir='ltr'>Horatii</span> 
     </span>
     <span class='ocr_line' id='line_1_38' title="bbox 411 3608 1458 3676; baseline 0.007 -21"><span class='ocrx_word' id='word_1_203' title='bbox 411 3620 540 3657; x_wconf 90' lang='lat' dir='ltr'>vero</span> <span class='ocrx_word' id='word_1_204' title='bbox 574 3608 787 3667; x_wconf 86' lang='lat' dir='ltr'>iudicio,</span> <span class='ocrx_word' id='word_1_205' title='bbox 825 3610 876 3659; x_wconf 90' lang='lat' dir='ltr'>in</span> <span class='ocrx_word' id='word_1_206' title='bbox 907 3622 1013 3672; x_wconf 89' lang='lat' dir='ltr'>quo</span> <span class='ocrx_word' id='word_1_207' title='bbox 1055 3610 1203 3660; x_wconf 79' lang='lat' dir='ltr'>facile</span> <span class='ocrx_word' id='word_1_208' title='bbox 1238 3614 1458 3676; x_wconf 88' lang='lat' dir='ltr'>acquie-</span> 
     </span>
     <span class='ocr_line' id='line_1_39' title="bbox 412 3683 1458 3746; baseline 0.007 -15"><span class='ocrx_word' id='word_1_209' title='bbox 412 3695 563 3732; x_wconf 87' lang='lat' dir='ltr'>scere</span> <span class='ocrx_word' id='word_1_210' title='bbox 595 3695 914 3746; x_wconf 90' lang='lat' dir='ltr'>possumus,</span> <span class='ocrx_word' id='word_1_211' title='bbox 952 3683 1080 3734; x_wconf 88' lang='lat' dir='ltr'>nihil</span> <span class='ocrx_word' id='word_1_212' title='bbox 1114 3685 1348 3737; x_wconf 88' lang='lat' dir='ltr'>habebat</span> <span class='ocrx_word' id='word_1_213' title='bbox 1374 3688 1458 3738; x_wconf 88' lang='lat' dir='ltr'>in-</span> 
     </span>
     <span class='ocr_line' id='line_1_40' title="bbox 413 3756 1456 3818; baseline 0.008 -14"><span class='ocrx_word' id='word_1_214' title='bbox 413 3757 519 3818; x_wconf 85' lang='lat' dir='ltr'>epti</span> <span class='ocrx_word' id='word_1_215' title='bbox 547 3759 639 3805; x_wconf 85' lang='lat' dir='ltr'>aut</span> <span class='ocrx_word' id='word_1_216' title='bbox 669 3756 895 3807; x_wconf 87' lang='lat' dir='ltr'>molesti.</span> <span class='ocrx_word' id='word_1_217' title='bbox 957 3759 1075 3810; x_wconf 87' lang='lat' dir='ltr'>Scil.</span> <span class='ocrx_word' id='word_1_218' title='bbox 1115 3763 1199 3810; x_wconf 88' lang='lat' dir='ltr'>est</span> <span class='ocrx_word' id='word_1_219' title='bbox 1227 3762 1456 3812; x_wconf 81' lang='lat' dir='ltr'>verbum</span> 
     </span>
     <span class='ocr_line' id='line_1_41' title="bbox 413 3830 1458 3896; baseline 0.006 -17"><span class='ocrx_word' id='word_1_220' title='bbox 413 3830 650 3881; x_wconf 89' lang='lat' dir='ltr'>medium</span> <span class='ocrx_word' id='word_1_221' title='bbox 685 3844 874 3882; x_wconf 87' lang='lat' dir='ltr'>omnes</span> <span class='ocrx_word' id='word_1_222' title='bbox 908 3834 963 3882; x_wconf 82' lang='lat' dir='ltr'>et</span> <span class='ocrx_word' id='word_1_223' title='bbox 995 3837 1174 3896; x_wconf 81' lang='lat' dir='ltr'>gratos</span> <span class='ocrx_word' id='word_1_224' title='bbox 1214 3838 1268 3886; x_wconf 83' lang='lat' dir='ltr'>et</span> <span class='ocrx_word' id='word_1_225' title='bbox 1303 3836 1458 3886; x_wconf 82' lang='lat' dir='ltr'>foeti-</span> 
     </span>
     <span class='ocr_line' id='line_1_42' title="bbox 415 3903 1456 3975; baseline 0.008 -22"><span class='ocrx_word' id='word_1_226' title='bbox 415 3903 512 3955; x_wconf 87' lang='lat' dir='ltr'>dos</span> <span class='ocrx_word' id='word_1_227' title='bbox 545 3905 740 3956; x_wconf 89' lang='lat' dir='ltr'>odores</span> <span class='ocrx_word' id='word_1_228' title='bbox 780 3906 1095 3969; x_wconf 81' lang='lat' dir='ltr'>significans.</span> <span class='ocrx_word' id='word_1_229' title='bbox 1154 3938 1208 3947; x_wconf 89' lang='lat'>—</span> <span class='ocrx_word' id='word_1_230' title='bbox 1255 3912 1456 3975; x_wconf 75' lang='lat' dir='ltr'>virides]</span> 
     </span>
     <span class='ocr_line' id='line_1_43' title="bbox 415 3979 1458 4035; baseline 0.007 -7"><span class='ocrx_word' id='word_1_231' title='bbox 415 3979 566 4030; x_wconf 87' lang='lat' dir='ltr'>Haud</span> <span class='ocrx_word' id='word_1_232' title='bbox 612 3979 882 4031; x_wconf 87' lang='lat' dir='ltr'>insolitum</span> <span class='ocrx_word' id='word_1_233' title='bbox 921 3986 1306 4034; x_wconf 81' lang='lat' dir='ltr'>venenatorum</span> <span class='ocrx_word' id='word_1_234' title='bbox 1342 3987 1458 4035; x_wconf 87' lang='lat' dir='ltr'>ani-</span> 
     </span>
     <span class='ocr_line' id='line_1_44' title="bbox 415 4052 1460 4110; baseline 0.006 -6"><span class='ocrx_word' id='word_1_235' title='bbox 415 4052 631 4104; x_wconf 87' lang='lat' dir='ltr'>malium</span> <span class='ocrx_word' id='word_1_236' title='bbox 662 4053 944 4106; x_wconf 75' lang='grc' dir='ltr'><strong>ἐπίθετον.</strong></span> <span class='ocrx_word' id='word_1_237' title='bbox 984 4056 1253 4109; x_wconf 83' lang='lat' dir='ltr'>claudian.</span> <span class='ocrx_word' id='word_1_238' title='bbox 1281 4060 1334 4109; x_wconf 89' lang='lat' dir='ltr'>in</span> <span class='ocrx_word' id='word_1_239' title='bbox 1359 4061 1460 4110; x_wconf 81' lang='lat' dir='ltr'>Ru-</span> 
     </span>
    </p>
   </div>
   <div class='ocr_carea' id='block_1_13' title="bbox 1521 1741 2578 4127">
    <p class='ocr_par' dir='ltr' id='par_1_13' title="bbox 1521 1741 2577 3673">
     <span class='ocr_line' id='line_1_45' title="bbox 1523 1741 2570 1806; baseline 0.001 -14"><span class='ocrx_word' id='word_1_240' title='bbox 1523 1744 1751 1806; x_wconf 88' lang='lat' dir='ltr'>quisque</span> <span class='ocrx_word' id='word_1_241' title='bbox 1795 1741 1998 1793; x_wconf 83' lang='lat' dir='ltr'>habent</span> <span class='ocrx_word' id='word_1_242' title='bbox 2028 1744 2167 1794; x_wconf 85' lang='lat' dir='ltr'>inter</span> <span class='ocrx_word' id='word_1_243' title='bbox 2212 1742 2455 1794; x_wconf 88' lang='lat' dir='ltr'>animalia</span> <span class='ocrx_word' id='word_1_244' title='bbox 2495 1744 2570 1793; x_wconf 80' lang='lat' dir='ltr'>fa-</span> 
     </span>
     <span class='ocr_line' id='line_1_46' title="bbox 1525 1816 2568 1879; baseline 0.003 -13"><span class='ocrx_word' id='word_1_245' title='bbox 1525 1816 1760 1877; x_wconf 89' lang='lat' dir='ltr'>mulum,</span> <span class='ocrx_word' id='word_1_246' title='bbox 1810 1819 2136 1879; x_wconf 86' lang='lat' dir='ltr'>ministrum,</span> <span class='ocrx_word' id='word_1_247' title='bbox 2185 1820 2262 1868; x_wconf 89' lang='lat' dir='ltr'>sic</span> <span class='ocrx_word' id='word_1_248' title='bbox 2303 1820 2444 1870; x_wconf 76' lang='lat' dir='ltr'>Mars</span> <span class='ocrx_word' id='word_1_249' title='bbox 2484 1816 2568 1869; x_wconf 90' lang='lat' dir='ltr'>lu-</span> 
     </span>
     <span class='ocr_line' id='line_1_47' title="bbox 1521 1891 2570 1955; baseline 0.003 -15"><span class='ocrx_word' id='word_1_250' title='bbox 1521 1904 1669 1954; x_wconf 89' lang='lat' dir='ltr'>pum.</span> <span class='ocrx_word' id='word_1_251' title='bbox 1702 1891 1842 1955; x_wconf 78' lang='lat' dir='ltr'>Virg.</span> <span class='ocrx_word' id='word_1_252' title='bbox 1869 1895 1999 1943; x_wconf 82' lang='lat' dir='ltr'>Aen.</span> <span class='ocrx_word' id='word_1_253' title='bbox 2032 1893 2080 1952; x_wconf 82' lang='lat'>9,</span> <span class='ocrx_word' id='word_1_254' title='bbox 2112 1895 2161 1951; x_wconf 81' lang='lat'>5,</span> <span class='ocrx_word' id='word_1_255' title='bbox 2188 1894 2313 1943; x_wconf 80' lang='lat'>563:</span> <span class='ocrx_word' id='word_1_256' title='bbox 2350 1894 2570 1943; x_wconf 58' lang='lat' dir='ltr'>Martii&amp;</span> 
     </span>
     <span class='ocr_line' id='line_1_48' title="bbox 1522 1966 2570 2030; baseline 0.005 -17"><span class='ocrx_word' id='word_1_257' title='bbox 1522 1992 1551 2001; x_wconf 93' lang='lat'>-</span> <span class='ocrx_word' id='word_1_258' title='bbox 1571 1992 1602 2002; x_wconf 88' lang='lat'>-</span> <span class='ocrx_word' id='word_1_259' title='bbox 1624 1966 1785 2027; x_wconf 75' lang='lat' dir='ltr'>lupus.</span> <span class='ocrx_word' id='word_1_260' title='bbox 1811 1995 1866 2003; x_wconf 85' lang='lat'><em>-</em></span> <span class='ocrx_word' id='word_1_261' title='bbox 1885 1967 2158 2030; x_wconf 74' lang='lat' dir='ltr'>Haediliae]</span> <span class='ocrx_word' id='word_1_262' title='bbox 2177 1968 2393 2018; x_wconf 86' lang='lat' dir='ltr'>Restitui</span> <span class='ocrx_word' id='word_1_263' title='bbox 2410 1966 2570 2018; x_wconf 88' lang='lat' dir='ltr'>libro—</span> 
     </span>
     <span class='ocr_line' id='line_1_49' title="bbox 1522 2040 2569 2105; baseline 0.003 -15"><span class='ocrx_word' id='word_1_264' title='bbox 1522 2053 1643 2090; x_wconf 84' lang='lat' dir='ltr'>rum</span> <span class='ocrx_word' id='word_1_265' title='bbox 1691 2040 1975 2091; x_wconf 83' lang='lat' dir='ltr'>lectionem</span> <span class='ocrx_word' id='word_1_266' title='bbox 1997 2081 2008 2103; x_wconf 87' lang='lat'>,</span> <span class='ocrx_word' id='word_1_267' title='bbox 2074 2045 2289 2093; x_wconf 88' lang='lat' dir='ltr'>secutus</span> <span class='ocrx_word' id='word_1_268' title='bbox 2335 2042 2569 2105; x_wconf 80' lang='lat' dir='ltr'>glossam</span> 
     </span>
     <span class='ocr_line' id='line_1_50' title="bbox 1523 2117 2570 2183; baseline 0.003 -18"><span class='ocrx_word' id='word_1_269' title='bbox 1523 2118 1873 2180; x_wconf 86' lang='lat' dir='ltr'>antiquissimi</span> <span class='ocrx_word' id='word_1_270' title='bbox 1909 2117 2040 2168; x_wconf 90' lang='lat' dir='ltr'>Cod.</span> <span class='ocrx_word' id='word_1_271' title='bbox 2075 2119 2134 2167; x_wconf 88' lang='lat' dir='ltr'>B.</span> <span class='ocrx_word' id='word_1_272' title='bbox 2176 2132 2387 2168; x_wconf 71' lang='lat' dir='ltr'>«mons»</span> <span class='ocrx_word' id='word_1_273' title='bbox 2437 2120 2570 2183; x_wconf 78' lang='lat' dir='ltr'>(sive</span> 
     </span>
     <span class='ocr_line' id='line_1_51' title="bbox 1523 2190 2570 2253; baseline 0.005 -14"><span class='ocrx_word' id='word_1_274' title='bbox 1523 2190 1654 2240; x_wconf 82' lang='lat' dir='ltr'>silva</span> <span class='ocrx_word' id='word_1_275' title='bbox 1689 2192 1814 2253; x_wconf 83' lang='lat' dir='ltr'>fuit,</span> <span class='ocrx_word' id='word_1_276' title='bbox 1869 2194 1928 2242; x_wconf 84' lang='lat' dir='ltr'>ut</span> <span class='ocrx_word' id='word_1_277' title='bbox 1959 2193 2139 2242; x_wconf 85' lang='lat' dir='ltr'>Litana</span> <span class='ocrx_word' id='word_1_278' title='bbox 2168 2194 2317 2253; x_wconf 63' lang='lat' dir='ltr'>cet),</span> <span class='ocrx_word' id='word_1_279' title='bbox 2369 2196 2570 2244; x_wconf 90' lang='lat' dir='ltr'>Lucre-</span> 
     </span>
     <span class='ocr_line' id='line_1_52' title="bbox 1524 2263 2571 2325; baseline 0.004 -11"><span class='ocrx_word' id='word_1_280' title='bbox 1524 2263 1596 2314; x_wconf 83' lang='lat' dir='ltr'>tili</span> <span class='ocrx_word' id='word_1_281' title='bbox 1628 2266 1682 2314; x_wconf 88' lang='lat' dir='ltr'>et</span> <span class='ocrx_word' id='word_1_282' title='bbox 1716 2267 1918 2318; x_wconf 84' lang='lat' dir='ltr'>Usticae</span> <span class='ocrx_word' id='word_1_283' title='bbox 1950 2267 2186 2325; x_wconf 77' lang='lat' dir='ltr'>vicinu83</span> <span class='ocrx_word' id='word_1_284' title='bbox 2227 2270 2282 2316; x_wconf 90' lang='lat' dir='ltr'>et</span> <span class='ocrx_word' id='word_1_285' title='bbox 2312 2268 2571 2319; x_wconf 61' lang='lat' dir='ltr'>[laoditiae</span> 
     </span>
     <span class='ocr_line' id='line_1_53' title="bbox 1523 2340 2572 2403; baseline 0.004 -15"><span class='ocrx_word' id='word_1_286' title='bbox 1523 2340 1647 2401; x_wconf 67' lang='lat' dir='ltr'>lupi,</span> <span class='ocrx_word' id='word_1_287' title='bbox 1684 2340 1775 2403; x_wconf 88' lang='lat' dir='ltr'>qui</span> <span class='ocrx_word' id='word_1_288' title='bbox 1809 2342 1860 2390; x_wconf 89' lang='lat' dir='ltr'>in</span> <span class='ocrx_word' id='word_1_289' title='bbox 1895 2340 2126 2390; x_wconf 89' lang='lat' dir='ltr'>Haedilia</span> <span class='ocrx_word' id='word_1_290' title='bbox 2156 2355 2252 2392; x_wconf 89' lang='lat' dir='ltr'>sua</span> <span class='ocrx_word' id='word_1_291' title='bbox 2280 2340 2444 2392; x_wconf 85' lang='lat' dir='ltr'>lustra</span> <span class='ocrx_word' id='word_1_292' title='bbox 2478 2343 2572 2391; x_wconf 89' lang='lat' dir='ltr'>ha-</span> 
     </span>
     <span class='ocr_line' id='line_1_54' title="bbox 1524 2414 2571 2478; baseline 0.002 -15"><span class='ocrx_word' id='word_1_293' title='bbox 1524 2414 1673 2464; x_wconf 86' lang='lat' dir='ltr'>bent.</span> <span class='ocrx_word' id='word_1_294' title='bbox 1757 2415 2016 2464; x_wconf 74' lang='lat' dir='ltr'>Haediliae</span> <span class='ocrx_word' id='word_1_295' title='bbox 2067 2415 2195 2478; x_wconf 88' lang='lat' dir='ltr'>quid</span> <span class='ocrx_word' id='word_1_296' title='bbox 2250 2416 2571 2478; x_wconf 81' lang='lat' dir='ltr'>significaret</span> 
     </span>
     <span class='ocr_line' id='line_1_55' title="bbox 1526 2492 2572 2554; baseline 0.002 -16"><span class='ocrx_word' id='word_1_297' title='bbox 1526 2502 1652 2539; x_wconf 90' lang='lat' dir='ltr'>cum</span> <span class='ocrx_word' id='word_1_298' title='bbox 1677 2503 1900 2554; x_wconf 85' lang='lat' dir='ltr'>prorsus</span> <span class='ocrx_word' id='word_1_299' title='bbox 1934 2492 2257 2552; x_wconf 88' lang='lat' dir='ltr'>nesciretur,</span> <span class='ocrx_word' id='word_1_300' title='bbox 2309 2492 2572 2542; x_wconf 71' lang='lat' dir='ltr'>hinnuloae</span> 
     </span>
     <span class='ocr_line' id='line_1_56' title="bbox 1526 2563 2573 2629; baseline 0.001 -15"><span class='ocrx_word' id='word_1_301' title='bbox 1526 2563 1850 2614; x_wconf 81' lang='lat' dir='ltr'>substituere</span> <span class='ocrx_word' id='word_1_302' title='bbox 1869 2564 2154 2626; x_wconf 84' lang='lat' dir='ltr'>malebant,</span> <span class='ocrx_word' id='word_1_303' title='bbox 2182 2565 2324 2614; x_wconf 89' lang='lat' dir='ltr'>haud</span> <span class='ocrx_word' id='word_1_304' title='bbox 2342 2567 2573 2629; x_wconf 79' lang='lat' dir='ltr'>cogitan-</span> 
     </span>
     <span class='ocr_line' id='line_1_57' title="bbox 1525 2638 2571 2700; baseline 0.002 -12"><span class='ocrx_word' id='word_1_305' title='bbox 1525 2640 1609 2688; x_wconf 88' lang='lat' dir='ltr'>tes</span> <span class='ocrx_word' id='word_1_306' title='bbox 1654 2639 1722 2687; x_wconf 90' lang='lat' dir='ltr'>de</span> <span class='ocrx_word' id='word_1_307' title='bbox 1758 2638 2024 2689; x_wconf 89' lang='lat' dir='ltr'>cicuribus</span> <span class='ocrx_word' id='word_1_308' title='bbox 2068 2639 2412 2700; x_wconf 85' lang='lat' dir='ltr'>animalibus,</span> <span class='ocrx_word' id='word_1_309' title='bbox 2462 2653 2571 2690; x_wconf 89' lang='lat' dir='ltr'>non</span> 
     </span>
     <span class='ocr_line' id='line_1_58' title="bbox 1527 2712 2571 2776; baseline 0.002 -14"><span class='ocrx_word' id='word_1_310' title='bbox 1527 2712 1594 2762; x_wconf 91' lang='lat' dir='ltr'>de</span> <span class='ocrx_word' id='word_1_311' title='bbox 1633 2713 1774 2773; x_wconf 79' lang='lat' dir='ltr'>seris,</span> <span class='ocrx_word' id='word_1_312' title='bbox 1818 2713 1905 2763; x_wconf 85' lang='lat' dir='ltr'>hic</span> <span class='ocrx_word' id='word_1_313' title='bbox 1936 2715 2036 2775; x_wconf 81' lang='lat' dir='ltr'>agi.</span> <span class='ocrx_word' id='word_1_314' title='bbox 2073 2715 2400 2776; x_wconf 82' lang='lat' dir='ltr'>Ingeniosius</span> <span class='ocrx_word' id='word_1_315' title='bbox 2439 2727 2571 2764; x_wconf 91' lang='lat' dir='ltr'>sane</span> 
     </span>
     <span class='ocr_line' id='line_1_59' title="bbox 1525 2786 2573 2850; baseline 0 -13"><span class='ocrx_word' id='word_1_316' title='bbox 1525 2786 1794 2838; x_wconf 85' lang='lat' dir='ltr'>Bentleius</span> <span class='ocrx_word' id='word_1_317' title='bbox 1837 2787 1906 2837; x_wconf 89' lang='lat' dir='ltr'>ad</span> <span class='ocrx_word' id='word_1_318' title='bbox 1954 2786 2251 2850; x_wconf 84' lang='lat' dir='ltr'>analogiam</span> <span class='ocrx_word' id='word_1_319' title='bbox 2293 2802 2344 2838; x_wconf 80' lang='lat' dir='ltr'>V.</span> <span class='ocrx_word' id='word_1_320' title='bbox 2386 2789 2573 2837; x_wconf 72' lang='lat' dir='ltr'>hinnu-</span> 
     </span>
     <span class='ocr_line' id='line_1_60' title="bbox 1525 2861 2568 2924; baseline 0.002 -14"><span class='ocrx_word' id='word_1_321' title='bbox 1525 2862 1630 2910; x_wconf 74' lang='lat' dir='ltr'>lou-³</span> <span class='ocrx_word' id='word_1_322' title='bbox 1673 2874 1870 2911; x_wconf 88' lang='lat' dir='ltr'>novum</span> <span class='ocrx_word' id='word_1_323' title='bbox 1925 2875 2045 2912; x_wconf 86' lang='lat' dir='ltr'>voc.</span> <span class='ocrx_word' id='word_1_324' title='bbox 2094 2861 2238 2912; x_wconf 85' lang='lat' dir='ltr'>finxit</span> <span class='ocrx_word' id='word_1_325' title='bbox 2283 2862 2568 2924; x_wconf 71' lang='lat' dir='ltr'>haedtaleao,</span> 
     </span>
     <span class='ocr_line' id='line_1_61' title="bbox 1527 2936 2575 3000; baseline 0.001 -15"><span class='ocrx_word' id='word_1_326' title='bbox 1527 2949 1625 2999; x_wconf 90' lang='lat' dir='ltr'>pro</span> <span class='ocrx_word' id='word_1_327' title='bbox 1660 2936 1978 2999; x_wconf 85' lang='lat' dir='ltr'>simpliciore</span> <span class='ocrx_word' id='word_1_328' title='bbox 2010 2937 2178 2987; x_wconf 82' lang='lat' dir='ltr'>forma</span> <span class='ocrx_word' id='word_1_329' title='bbox 2205 2937 2444 2986; x_wconf 75' lang='lat' dir='ltr'>haedulus</span> <span class='ocrx_word' id='word_1_330' title='bbox 2477 2937 2575 3000; x_wconf 90' lang='lat' dir='ltr'>(lu-</span> 
     </span>
     <span class='ocr_line' id='line_1_62' title="bbox 1527 3011 2573 3074; baseline 0.001 -14"><span class='ocrx_word' id='word_1_331' title='bbox 1527 3025 1650 3061; x_wconf 85' lang='lat' dir='ltr'>ven.</span> <span class='ocrx_word' id='word_1_332' title='bbox 1705 3012 1785 3071; x_wconf 75' lang='lat'>44,</span> <span class='ocrx_word' id='word_1_333' title='bbox 1838 3011 1938 3074; x_wconf 81' lang='lat'>65.)</span> <span class='ocrx_word' id='word_1_334' title='bbox 1976 3014 2030 3061; x_wconf 81' lang='lat' dir='ltr'>et</span> <span class='ocrx_word' id='word_1_335' title='bbox 2056 3012 2270 3061; x_wconf 79' lang='lat' dir='ltr'>haedula</span> <span class='ocrx_word' id='word_1_336' title='bbox 2317 3013 2448 3074; x_wconf 87' lang='lat' dir='ltr'>(Not.</span> <span class='ocrx_word' id='word_1_337' title='bbox 2485 3012 2573 3061; x_wconf 87' lang='lat' dir='ltr'>Ti-</span> 
     </span>
     <span class='ocr_line' id='line_1_63' title="bbox 1528 3085 2572 3150; baseline -0.001 -14"><span class='ocrx_word' id='word_1_338' title='bbox 1528 3087 1683 3150; x_wconf 89' lang='lat' dir='ltr'>ron.).</span> <span class='ocrx_word' id='word_1_339' title='bbox 1763 3087 1829 3136; x_wconf 79' lang='lat' dir='ltr'>At</span> <span class='ocrx_word' id='word_1_340' title='bbox 1878 3087 2008 3136; x_wconf 89' lang='lat' dir='ltr'>mihi</span> <span class='ocrx_word' id='word_1_341' title='bbox 2054 3088 2199 3136; x_wconf 84' lang='lat' dir='ltr'>certe</span> <span class='ocrx_word' id='word_1_342' title='bbox 2240 3085 2572 3136; x_wconf 87' lang='lat' dir='ltr'>intolerabile</span> 
     </span>
     <span class='ocr_line' id='line_1_64' title="bbox 1527 3161 2574 3224; baseline 0.001 -15"><span class='ocrx_word' id='word_1_343' title='bbox 1527 3161 1740 3211; x_wconf 85' lang='lat' dir='ltr'>videtur</span> <span class='ocrx_word' id='word_1_344' title='bbox 1795 3163 1878 3211; x_wconf 86' lang='lat' dir='ltr'>ter</span> <span class='ocrx_word' id='word_1_345' title='bbox 1935 3163 2012 3211; x_wconf 89' lang='lat' dir='ltr'>sic</span> <span class='ocrx_word' id='word_1_346' title='bbox 2063 3162 2226 3223; x_wconf 80' lang='lat' dir='ltr'>ingeri</span> <span class='ocrx_word' id='word_1_347' title='bbox 2297 3161 2574 3224; x_wconf 86' lang='lat' dir='ltr'>caprinum</span> 
     </span>
     <span class='ocr_line' id='line_1_65' title="bbox 1527 3236 2576 3301; baseline -0.001 -15"><span class='ocrx_word' id='word_1_348' title='bbox 1527 3249 1722 3301; x_wconf 85' lang='lat' dir='ltr'>pecus:</span> <span class='ocrx_word' id='word_1_349' title='bbox 1775 3236 1993 3298; x_wconf 62' lang='lat' dir='ltr'>capelli-5,</span> <span class='ocrx_word' id='word_1_350' title='bbox 2030 3237 2203 3286; x_wconf 74' lang='lat' dir='ltr'>olentis</span> <span class='ocrx_word' id='word_1_351' title='bbox 2226 3237 2419 3297; x_wconf 63' lang='lat' dir='ltr'>marui,</span> <span class='ocrx_word' id='word_1_352' title='bbox 2458 3236 2576 3285; x_wconf 79' lang='lat' dir='ltr'>hao-</span> 
     </span>
     <span class='ocr_line' id='line_1_66' title="bbox 1528 3310 2577 3374; baseline -0.002 -14"><span class='ocrx_word' id='word_1_353' title='bbox 1528 3313 1718 3360; x_wconf 79' lang='lat' dir='ltr'>duleae.</span> <span class='ocrx_word' id='word_1_354' title='bbox 1779 3310 2079 3361; x_wconf 88' lang='lat' dir='ltr'>Schreiberi</span> <span class='ocrx_word' id='word_1_355' title='bbox 2111 3313 2292 3360; x_wconf 85' lang='lat' dir='ltr'>autem</span> <span class='ocrx_word' id='word_1_356' title='bbox 2319 3311 2577 3374; x_wconf 87' lang='lat' dir='ltr'>interpre-</span> 
     </span>
     <span class='ocr_line' id='line_1_67' title="bbox 1530 3383 2575 3449; baseline -0.003 -14"><span class='ocrx_word' id='word_1_357' title='bbox 1530 3387 1675 3446; x_wconf 79' lang='lat' dir='ltr'>tatio,</span> <span class='ocrx_word' id='word_1_358' title='bbox 1712 3386 1772 3434; x_wconf 81' lang='lat' dir='ltr'>ut</span> <span class='ocrx_word' id='word_1_359' title='bbox 1801 3385 2062 3435; x_wconf 72' lang='lat' dir='ltr'>haedtcliae</span> <span class='ocrx_word' id='word_1_360' title='bbox 2102 3383 2575 3449; x_wconf 87' lang='lat' dir='ltr'>(quemadmodum</span> 
     </span>
     <span class='ocr_line' id='line_1_68' title="bbox 1531 3457 2575 3524; baseline -0.003 -15"><span class='ocrx_word' id='word_1_361' title='bbox 1531 3460 1788 3523; x_wconf 85' lang='lat' dir='ltr'>scriptum</span> <span class='ocrx_word' id='word_1_362' title='bbox 1806 3460 1928 3524; x_wconf 86' lang='lat' dir='ltr'>volt)</span> <span class='ocrx_word' id='word_1_363' title='bbox 1963 3460 2225 3523; x_wconf 80' lang='lat' dir='ltr'>significet</span> <span class='ocrx_word' id='word_1_364' title='bbox 2249 3457 2575 3507; x_wconf 61' lang='lat' dir='ltr'>“haedorum</span> 
     </span>
     <span class='ocr_line' id='line_1_69' title="bbox 1530 3532 2572 3597; baseline -0.006 -12"><span class='ocrx_word' id='word_1_365' title='bbox 1530 3532 1797 3596; x_wconf 74' lang='lat' dir='ltr'>stabula»,</span> <span class='ocrx_word' id='word_1_366' title='bbox 1848 3536 1935 3584; x_wconf 84' lang='lat' dir='ltr'>vix</span> <span class='ocrx_word' id='word_1_367' title='bbox 1984 3534 2073 3585; x_wconf 89' lang='lat' dir='ltr'>ulli</span> <span class='ocrx_word' id='word_1_368' title='bbox 2122 3533 2337 3597; x_wconf 86' lang='lat' dir='ltr'>probari</span> <span class='ocrx_word' id='word_1_369' title='bbox 2374 3532 2572 3594; x_wconf 84' lang='lat' dir='ltr'>potest,</span> 
     </span>
     <span class='ocr_line' id='line_1_70' title="bbox 1532 3609 2275 3673; baseline -0.003 -15"><span class='ocrx_word' id='word_1_370' title='bbox 1532 3610 1727 3673; x_wconf 91' lang='lat' dir='ltr'>quippe</span> <span class='ocrx_word' id='word_1_371' title='bbox 1761 3622 1984 3673; x_wconf 88' lang='lat' dir='ltr'>prorsus</span> <span class='ocrx_word' id='word_1_372' title='bbox 2018 3609 2275 3672; x_wconf 85' lang='lat' dir='ltr'>precaria.</span> 
     </span>
    </p>

    <p class='ocr_par' dir='ltr' id='par_1_14' title="bbox 1528 3674 2578 4127">
     <span class='ocr_line' id='line_1_71' title="bbox 1596 3674 2578 3746; baseline -0.006 -13"><span class='ocrx_word' id='word_1_373' title='bbox 1596 3684 1677 3734; x_wconf 76' lang='lat'>⁴0.</span> <span class='ocrx_word' id='word_1_374' title='bbox 1721 3683 1985 3746; x_wconf 73' lang='lat' dir='ltr'>Utcunque]</span> <span class='ocrx_word' id='word_1_375' title='bbox 2026 3674 2471 3746; x_wconf 83' lang='lat' dir='ltr'>quandocunque,</span> <span class='ocrx_word' id='word_1_376' title='bbox 2509 3679 2578 3728; x_wconf 76' lang='lat' dir='ltr'>si-</span> 
     </span>
     <span class='ocr_line' id='line_1_72' title="bbox 1529 3754 2572 3827; baseline -0.005 -16"><span class='ocrx_word' id='word_1_377' title='bbox 1529 3760 1642 3810; x_wconf 90' lang='lat' dir='ltr'>mul</span> <span class='ocrx_word' id='word_1_378' title='bbox 1672 3773 1736 3810; x_wconf 90' lang='lat' dir='ltr'>ac</span> <span class='ocrx_word' id='word_1_379' title='bbox 1770 3762 1929 3810; x_wconf 88' lang='lat' dir='ltr'>Fauni</span> <span class='ocrx_word' id='word_1_380' title='bbox 1968 3760 2163 3823; x_wconf 74' lang='lat' dir='ltr'>fistula,</span> <span class='ocrx_word' id='word_1_381' title='bbox 2200 3754 2424 3827; x_wconf 76' lang='grc' dir='ltr'><em>σύριγγι</em></span> <span class='ocrx_word' id='word_1_382' title='bbox 2466 3758 2572 3806; x_wconf 83' lang='lat' dir='ltr'>cet.</span> 
     </span>
     <span class='ocr_line' id='line_1_73' title="bbox 1531 3832 2577 3898; baseline -0.003 -15"><span class='ocrx_word' id='word_1_383' title='bbox 1531 3835 1670 3898; x_wconf 81' lang='lat' dir='ltr'>Virg.</span> <span class='ocrx_word' id='word_1_384' title='bbox 1708 3834 1815 3885; x_wconf 89' lang='lat' dir='ltr'>Ecl.</span> <span class='ocrx_word' id='word_1_385' title='bbox 1851 3836 1901 3896; x_wconf 71' lang='lat'>2,</span> <span class='ocrx_word' id='word_1_386' title='bbox 1933 3836 2024 3884; x_wconf 74' lang='lat'>82:</span> <span class='ocrx_word' id='word_1_387' title='bbox 2072 3835 2181 3883; x_wconf 75' lang='lat' dir='ltr'>Pan</span> <span class='ocrx_word' id='word_1_388' title='bbox 2206 3833 2406 3895; x_wconf 68' lang='lat' dir='ltr'>primm</span> <span class='ocrx_word' id='word_1_389' title='bbox 2431 3832 2577 3881; x_wconf 78' lang='lat' dir='ltr'>cala—</span> 
     </span>
     <span class='ocr_line' id='line_1_74' title="bbox 1528 3906 2573 3971; baseline -0.002 -12"><span class='ocrx_word' id='word_1_390' title='bbox 1528 3922 1638 3959; x_wconf 80' lang='lat' dir='ltr'>mos</span> <span class='ocrx_word' id='word_1_391' title='bbox 1662 3921 1782 3958; x_wconf 77' lang='lat' dir='ltr'>cera</span> <span class='ocrx_word' id='word_1_392' title='bbox 1800 3910 2099 3971; x_wconf 63' lang='lat' dir='ltr'>coniungere</span> <span class='ocrx_word' id='word_1_393' title='bbox 2133 3908 2306 3969; x_wconf 79' lang='lat' dir='ltr'>plures</span> <span class='ocrx_word' id='word_1_394' title='bbox 2339 3906 2573 3957; x_wconf 70' lang='lat' dir='ltr'>Instituit.</span> 
     </span>
     <span class='ocr_line' id='line_1_75' title="bbox 1531 3981 2577 4050; baseline -0.005 -18"><span class='ocrx_word' id='word_1_395' title='bbox 1531 3984 1707 4046; x_wconf 91' lang='lat' dir='ltr'>Eurip.</span> <span class='ocrx_word' id='word_1_396' title='bbox 1748 3983 1861 4047; x_wconf 85' lang='lat' dir='ltr'>Iph.</span> <span class='ocrx_word' id='word_1_397' title='bbox 1908 3984 2060 4031; x_wconf 84' lang='lat' dir='ltr'>Taur.</span> <span class='ocrx_word' id='word_1_398' title='bbox 2118 3981 2273 4032; x_wconf 75' lang='lat'><strong>4052:</strong></span> <span class='ocrx_word' id='word_1_399' title='bbox 2326 3981 2577 4050; x_wconf 78' lang='grc' dir='ltr'><strong><em>Συρίζων</em></strong></span> 
     </span>
     <span class='ocr_line' id='line_1_76' title="bbox 1528 4048 2575 4127; baseline 0 -22"><span class='ocrx_word' id='word_1_400' title='bbox 1528 4054 1576 4105; x_wconf 82' lang='grc' dir='ltr'>δ’</span> <span class='ocrx_word' id='word_1_401' title='bbox 1613 4051 1649 4106; x_wconf 87' lang='grc' dir='ltr'>ὁ</span> <span class='ocrx_word' id='word_1_402' title='bbox 1684 4054 1995 4127; x_wconf 73' lang='grc' dir='ltr'><strong><em>κηροδέτας</em></strong></span> <span class='ocrx_word' id='word_1_403' title='bbox 2028 4052 2304 4121; x_wconf 79' lang='grc' dir='ltr'><strong><em>Κάλαμος</em></strong></span> <span class='ocrx_word' id='word_1_404' title='bbox 2345 4048 2575 4125; x_wconf 77' lang='grc' dir='ltr'><strong><em>οὐρείου</em></strong></span> 
     </span>
    </p>
   </div>
   <div class='ocr_carea' id='block_1_14' title="bbox 416 4126 2577 4195">
    <p class='ocr_par' dir='ltr' id='par_1_15' title="bbox 416 4126 2577 4195">
     <span class='ocr_line' id='line_1_77' title="bbox 416 4126 2577 4195; baseline 0.001 -18"><span class='ocrx_word' id='word_1_405' title='bbox 416 4127 580 4179; x_wconf 85' lang='lat' dir='ltr'>finum</span> <span class='ocrx_word' id='word_1_406' title='bbox 616 4131 675 4191; x_wconf 77' lang='grc'>4,</span> <span class='ocrx_word' id='word_1_407' title='bbox 719 4130 842 4181; x_wconf 78' lang='lat'>290:</span> <span class='ocrx_word' id='word_1_408' title='bbox 890 4131 1263 4195; x_wconf 71' lang='lat' dir='ltr'>Lernaeamque</span> <span class='ocrx_word' id='word_1_409' title='bbox 1293 4134 1459 4183; x_wconf 69' lang='lat' dir='ltr'>virens</span> <span class='ocrx_word' id='word_1_410' title='bbox 1531 4126 1728 4193; x_wconf 79' lang='grc' dir='ltr'><strong><em>Πανὸς</em></strong></span> <span class='ocrx_word' id='word_1_411' title='bbox 1793 4128 1911 4180; x_wconf 80' lang='grc' dir='ltr'><strong>κτλ.</strong></span> <span class='ocrx_word' id='word_1_412' title='bbox 1972 4159 2026 4167; x_wconf 91' lang='lat'>—-</span> <span class='ocrx_word' id='word_1_413' title='bbox 2098 4132 2343 4194; x_wconf 55' lang='lat' dir='ltr'>Tyndaris</span> <span class='ocrx_word' id='word_1_414' title='bbox 2396 4133 2577 4180; x_wconf 87' lang='lat' dir='ltr'>autem</span> 
     </span>
    </p>
   </div>
   <div class='ocr_carea' id='block_1_15' title="bbox 417 4202 1136 4267">
    <p class='ocr_par' dir='ltr' id='par_1_16' title="bbox 417 4202 1136 4267">
     <span class='ocr_line' id='line_1_78' title="bbox 417 4202 1136 4267; baseline 0.006 -15"><span class='ocrx_word' id='word_1_415' title='bbox 417 4202 670 4254; x_wconf 68' lang='lat' dir='ltr'>obsederat</span> <span class='ocrx_word' id='word_1_416' title='bbox 695 4204 859 4266; x_wconf 60' lang='lat' dir='ltr'>hydra</span> <span class='ocrx_word' id='word_1_417' title='bbox 884 4206 1136 4267; x_wconf 60' lang='lat' dir='ltr'>pandam.</span> 
     </span>
    </p>
   </div>
   <div class='ocr_carea' id='block_1_16' title="bbox 1532 4204 2580 4270">
    <p class='ocr_par' dir='ltr' id='par_1_17' title="bbox 1532 4204 2580 4270">
     <span class='ocr_line' id='line_1_79' title="bbox 1532 4204 2580 4270; baseline -0.003 -13"><span class='ocrx_word' id='word_1_418' title='bbox 1532 4208 1684 4270; x_wconf 85' lang='lat' dir='ltr'>quasi</span> <span class='ocrx_word' id='word_1_419' title='bbox 1722 4204 1924 4256; x_wconf 73' lang='lat' dir='ltr'>«altera</span> <span class='ocrx_word' id='word_1_420' title='bbox 1956 4206 2214 4265; x_wconf 78' lang='lat' dir='ltr'>Helena»,</span> <span class='ocrx_word' id='word_1_421' title='bbox 2249 4219 2446 4257; x_wconf 88' lang='lat' dir='ltr'>nomen</span> <span class='ocrx_word' id='word_1_422' title='bbox 2477 4204 2580 4254; x_wconf 91' lang='lat' dir='ltr'>uti-</span> 
     </span>
    </p>
   </div>
   <div class='ocr_carea' id='block_1_17' title="bbox 482 4279 1870 4345">
    <p class='ocr_par' dir='ltr' id='par_1_18' title="bbox 482 4279 1870 4345">
     <span class='ocr_line' id='line_1_80' title="bbox 482 4279 1870 4345; baseline 0.002 -18"><span class='ocrx_word' id='word_1_423' title='bbox 482 4279 529 4328; x_wconf 84' lang='lat'>9.</span> <span class='ocrx_word' id='word_1_424' title='bbox 598 4279 875 4344; x_wconf 76' lang='lat' dir='ltr'>Martiales]</span> <span class='ocrx_word' id='word_1_425' title='bbox 922 4282 982 4332; x_wconf 91' lang='lat' dir='ltr'>Ut</span> <span class='ocrx_word' id='word_1_426' title='bbox 1013 4284 1174 4332; x_wconf 88' lang='lat' dir='ltr'>ceteri</span> <span class='ocrx_word' id='word_1_427' title='bbox 1209 4281 1262 4330; x_wconf 92' lang='lat' dir='ltr'>di</span> <span class='ocrx_word' id='word_1_428' title='bbox 1297 4295 1456 4332; x_wconf 89' lang='lat' dir='ltr'>suum</span> <span class='ocrx_word' id='word_1_429' title='bbox 1532 4295 1637 4345; x_wconf 87' lang='lat' dir='ltr'>que</span> <span class='ocrx_word' id='word_1_430' title='bbox 1671 4280 1870 4332; x_wconf 81' lang='lat' dir='ltr'>fictum.</span> 
     </span>
    </p>
   </div>
  </div>
 </body>
</html>
