3234 4975
668 398 791 463 302

1177 558 1365 621 Parte
1408 555 1689 621 beatum.

1439 400 1694 451 floRATu
1732 400 2069 453 CARmNIJM

1013 740 1287 806 Abstulit
1328 739 1571 806 clarum
1616 739 1741 806 cita
1783 761 1959 806 mors
2004 740 2346 817 Achillem,

1005 862 1224 948 Longa
1270 860 1608 927 Tithonum
1653 861 1881 926 minuit
1924 873 2260 937 senectus,

1004 982 1082 1047 Et
1124 980 1278 1046 mihi
1323 980 1573 1055 forsan,
1623 979 1735 1046 tibi
1781 981 1959 1069 quod
2004 982 2288 1068 negarit,

1183 1102 1475 1188 Porriget
1516 1100 1695 1167 hora.

1006 1290 1092 1353 Te
1135 1306 1369 1374 greges
1415 1297 1673 1351 centum
1717 1286 2109 1375 Siculaeque
2154 1287 2395 1354 circum

730 1644 813 1693 29.
851 1641 933 1691 30.
971 1640 1183 1704 clav-iun]
1220 1641 1578 1703 «sempiterna
1602 1640 1719 1704 qui-

667 1718 794 1767 dem
828 1715 991 1780 gloria
1026 1713 1399 1775 excellentem,
1453 1714 1550 1764 sed
1586 1715 1713 1763 item

664 1786 1070 1856 μινυνθάδιον,
1125 1781 1484 1857 ὠκύμορον.»
1537 1815 1592 1824 --
1636 1789 1718 1836 Τι’-

666 1867 895 1923 monum,
946 1861 1317 1912 Laomedontis
1351 1860 1547 1922 filium,
1585 1874 1718 1911 con-

667 1938 898 2002 sumpsit
919 1937 1129 1987 senium
1145 1973 1157 1994 ,
1196 1936 1319 1997 quia
1341 1938 1563 1996 Aurora,
1591 1948 1716 1985 cum

667 2026 698 2062 a
732 2014 857 2061 Iove
891 2007 1343 2060 immortalitatem
1366 2010 1415 2058 ei
1439 2010 1719 2072 impetras—

666 2088 776 2145 set,
829 2077 1182 2152 ἀγηρασίας,
1231 2084 1481 2132 aeternae
1524 2084 1716 2134 iuven-

669 2160 810 2219 tutis,
839 2157 1208 2220 efflagitandae
1231 2154 1394 2206 oblita
1418 2159 1550 2216 erat,
1578 2156 1715 2207 adeo

666 2234 750 2293 ut,
794 2231 1254 2295 quemadmodum
1286 2232 1469 2280 narrat
1500 2233 1717 2282 Servius

667 2306 738 2356 ad
768 2308 860 2356 Ge.
888 2308 909 2357 ⁴
933 2344 945 2366 ‚
983 2304 1120 2367 447„
1158 2304 1375 2355 tandem
1398 2306 1450 2354 in
1476 2305 1718 2355 cicadam

670 2381 1097 2440 converteretur,
1152 2378 1296 2441 quod
1349 2381 1529 2428 tamen
1580 2392 1720 2428 non-

667 2454 798 2506 dum
841 2454 1022 2504 narrat
1066 2454 1255 2516 Hymn.
1299 2453 1453 2502 Hom.
1493 2453 1543 2503 in
1580 2454 1712 2504 Ven.

665 2530 802 2590 220„
851 2541 1028 2590 neque
1076 2527 1144 2577 de
1192 2528 1294 2576 hac
1325 2524 1718 2597 μεταμορφώ-

665 2617 756 2653 aec
790 2603 1039 2665 cogitavit
1068 2601 1331 2651 Horatius.
1369 2603 1717 2652 Mimnermus

666 2678 834 2740 Bergk
868 2689 920 2739 p.
961 2676 1085 2726 3⁴5:
1143 2670 1378 2740 Τιθωνῷ
1423 2675 1533 2740 μὲν
1576 2670 1719 2725 ’ἔδω-

664 2765 763 2800 κεν
795 2744 949 2809 ἔχειν
989 2745 1176 2799 κακὸν
1219 2743 1474 2811 ἄφθιτον
1508 2744 1542 2800 ὁ
1577 2745 1719 2812 Ζεὺς

664 2823 853 2895 Γῆρας
870 2862 883 2884 ,
960 2820 995 2873 ὃ
1057 2824 1159 2874 καὶ
1212 2819 1473 2874 θανάτου
1533 2819 1718 2894 ῥίγιον

662 2895 969 2972 ἀργαλέου.
1037 2898 1292 2948 Ceterum
1336 2897 1453 2960 lege
1498 2901 1717 2950 omnino

672 2975 911 3038 Propert.
938 2973 997 3032 2,
1026 2972 1115 3032 ⁴8,
1152 2973 1199 3020 7.
1232 2997 1286 3007 —-
1312 2972 1518 3021 Tithoni
1541 2973 1716 3036 imago

665 3050 750 3098 est
783 3049 836 3096 in
879 3046 1005 3095 Arm.
1044 3045 1155 3094 deu’
1201 3046 1319 3094 [nst.
1356 3045 1495 3095 arch.
1567 3048 1625 3096 T.
1663 3048 1712 3098 8.

663 3132 784 3185 pag.
824 3119 937 3168 ⁴⁴0.
980 3145 1035 3154 -
1072 3116 1152 3167 Ab
1180 3118 1286 3168 hoc
1309 3131 1527 3181 quoque
1549 3120 1716 3170 heroe

665 3194 967 3259 praemium
1020 3193 1160 3242 vitae
1227 3191 1594 3255 longissimae,
1664 3196 1719 3244 et

666 3280 829 3333 quam
863 3279 1085 3330 semper
1105 3269 1350 3330 vegetam
1375 3267 1487 3317 fore
1509 3270 1715 3320 Aurora

665 3342 861 3394 frustra
877 3343 1206 3405 speraverat,
1229 3341 1520 3391 senectutis
1539 3342 1715 3406 ipsum

666 3416 808 3467 lente
853 3415 1072 3466 tandem
1110 3417 1474 3466 consumentis
1508 3416 1718 3467 incom-

666 3490 840 3542 modis
901 3490 1160 3541 luendum
1218 3491 1379 3541 fuisse
1437 3491 1714 3554 significat,

665 3567 725 3615 ut
759 3566 1082 3616 sententiam
1123 3563 1267 3615 illam
1307 3565 1434 3614 nihil
1477 3569 1580 3616 cet.
1620 3565 1719 3616 de-

665 3638 850 3690 claret.

732 3713 814 3764 3⁴.
840 3714 923 3764 32.
950 3715 1016 3763 Et
1033 3712 1173 3777 mibi]
1193 3713 1447 3772 Tertium,
1472 3712 1534 3761 ιιι
1553 3713 1626 3760 ita
1644 3710 1722 3760 di—

666 3800 806 3851 cam,
828 3786 1134 3852 exemplum
1156 3787 1406 3852 proponit
1422 3787 1719 3837 sententiae

666 3861 804 3914 illius
825 3876 877 3912 v.
898 3864 1002 3924 27„
1027 3863 1254 3925 petitum
1276 3875 1306 3911 a
1330 3861 1505 3912 semet
1527 3861 1644 3924 ipso
1669 3864 1724 3911 et

666 3950 698 3986 a
738 3937 1009 4000 Grospho,
1056 3930 1176 3985 ἀπὸ
1209 3932 1314 3986 τοῦ
1349 3930 1620 3984 δυνατοῦ.
1662 3963 1718 3972 -

669 4010 834 4060 «Fieri
881 4012 1085 4075 potest,
1140 4012 1198 4060 ιιι
1247 4009 1453 4060 bonum
1504 4007 1722 4073 aliquod

668 4083 860 4133 frustra
908 4097 940 4134 a
974 4086 1027 4133 te
1075 4086 1313 4148 optatum
1363 4083 1494 4134 mihi
1538 4084 1722 4148 inspe-

671 4158 808 4207 ranti
852 4156 1140 4220 obtingat.»
1207 4160 1267 4208 In
1313 4159 1422 4208 tota
1469 4159 1720 4208 carminis

672 4229 904 4282 clausula
939 4229 1071 4282 lenis
1106 4231 1242 4281 inest
1265 4232 1541 4301 εἰρωνεία,
1579 4244 1718 4294 quae

1791 1644 1970 1691 tamen
2006 1642 2332 1706 Grosphum,
2372 1644 2416 1694 si
2451 1645 2579 1695 tanti
2614 1645 2841 1695 faciebat

1792 1715 2100 1775 Horatium,
2159 1719 2417 1779 quantum
2473 1731 2602 1768 sane
2660 1731 2841 1769 mere-

1791 1787 1951 1839 batur
1969 1827 1980 1847 ,
2036 1788 2309 1840 offendere
2352 1804 2456 1841 non
2501 1795 2728 1855 poterat.
2783 1821 2839 1829 ——

1794 1861 1923 1911 Cod.
1963 1863 2185 1926 Franeq.
2255 1865 2320 1912 Et
2363 1865 2486 1914 mihi
2514 1866 2624 1929 sors
2655 1870 2701 1915 ot
2733 1866 2838 1925 tibi,

1791 1936 1934 1985 unde
1984 1936 2171 1987 Bosius
2220 1938 2518 2001 suspicatus
2568 1943 2652 1989 est
2697 1941 2843 2002 forsit

1791 2010 1907 2068 tibi,
1954 2013 2013 2059 ut
2055 2012 2161 2059 Sat.
2210 2012 2264 2070 4,
2315 2011 2374 2071 6,
2421 2011 2502 2062 49.
2573 2014 2841 2075 Ingratum

1794 2086 1973 2133 tamen
1998 2097 2189 2134 sonum
2222 2085 2264 2133 it
2295 2086 2333 2134 u
2356 2085 2540 2149 procul
2567 2087 2730 2137 dubio
2760 2089 2843 2136 vi-

1794 2159 1925 2207 tavit
1969 2160 2153 2221 poeta,
2209 2161 2263 2208 et
2307 2160 2398 2223 qui
2439 2161 2648 2224 scripsit
2683 2161 2844 2212 Codi-

1794 2245 1915 2282 cem
1960 2230 2105 2282 illum
2154 2235 2464 2296 ceteroquin
2511 2235 2654 2284 haud
2688 2248 2843 2298 sper·

1794 2306 2031 2356 nendum
2066 2306 2246 2356 nescio
2281 2320 2388 2369 quo
2428 2308 2623 2358 mentis
2659 2321 2841 2358 errore

1792 2381 1847 2428 in
1893 2377 2077 2429 falsam
2127 2381 2566 2443 compositionem
2613 2383 2679 2431 Et
2720 2382 2844 2431 mim

1791 2479 1860 2492 --
1879 2458 1926 2504 et
1960 2453 2047 2503 tibi
2080 2454 2276 2504 incidit.
2315 2456 2690 2506 Recentiorum
2723 2469 2845 2507 sen-

1792 2541 1915 2579 sum
1960 2531 2177 2579 secutus
2229 2532 2335 2589 est,
2392 2531 2480 2593 qui
2532 2531 2837 2594 proposuit:

1791 2604 1857 2652 Et
1888 2601 1976 2651 tibi
2023 2602 2222 2664 forsan,
2274 2603 2396 2651 milii
2430 2606 2531 2653 cet.
2569 2605 2836 2668 interpre-

1793 2678 1963 2725 tatus:
2025 2677 2309 2726 «Fortasse
2359 2679 2412 2726 te
2464 2676 2691 2740 longior,
2753 2691 2842 2728 me

1792 2750 2009 2800 brevior
2040 2750 2146 2799 vita
2183 2752 2416 2800 manet.»
2456 2777 2512 2787 -
2536 2751 2679 2815 ὴονα]
2707 2753 2845 2802 «sin-

1793 2823 1945 2886 gulae
1997 2824 2332 2885 occasiones,
2391 2827 2551 2887 prout
2600 2827 2841 2889 tempore

1792 2898 2119 2961 procedente
2175 2909 2299 2947 sese
2354 2911 2454 2961 per
2509 2900 2655 2949 vices
2706 2897 2842 2949 offe-

1793 2974 1964 3021 runt.»
2034 2973 2134 3020 Pro
2170 2972 2637 3041 προσωποποιῖᾳ,
2675 2975 2736 3022 ιιι
2772 2974 2842 3023 sit

1792 3045 1875 3096 vel
1900 3047 2038 3095 Hora
2074 3046 2175 3095 dea
2197 3045 2281 3096 vel
2305 3045 2461 3098 latius
2492 3050 2680 3108 etiam,
2718 3048 2847 3096 For·

1792 3122 1936 3180 tuna,
1976 3119 2228 3181 equidem
2262 3120 2463 3170 habere
2500 3120 2677 3172 nolim.
2749 3122 2843 3170 Est

1791 3196 1851 3243 ut
1870 3192 2013 3256 apud
2036 3193 2300 3243 Senecam
2324 3195 2536 3257 Thyest.
2561 3196 2682 3245 598:
2729 3196 2840 3245 Ima

1784 3272 2043 3329 permutat
2073 3266 2341 3316 levisham
2362 3269 2583 3318 summis
2644 3269 2841 3319 Contra

1793 3342 1861 3391 de
1903 3341 2058 3391 Horis
2093 3341 2300 3392 deabus
2342 3343 2439 3392 Dio
2474 3343 2749 3406 chrysost.
2788 3343 2842 3393 in

1794 3414 2114 3466 Charidemo
2181 3414 2261 3464 3⁴.
2333 3429 2384 3479 p.
2453 3415 2568 3466 354.
2655 3418 2837 3480 Emp.:

1793 3488 2192 3540 διακονεῖσθαι
2225 3494 2347 3552 τοῖς
2379 3483 2707 3560 ἀνθρώποις
2738 3486 2843 3552 τὰς

1783 3557 1993 3633 Ὥρας,
2047 3557 2144 3612 οἷα
2184 3559 2256 3628 δὴ
2315 3560 2602 3627 νεωτάτας
2660 3558 2842 3628 οὔσας

1793 3637 1908 3687 τῶν
1940 3635 2110 3698 θεῶν,
2146 3629 2213 3689 εὖ
2255 3638 2362 3703 μὲν
2409 3633 2839 3704 ἀμπεχομένας,

1796 3708 1977 3774 καλὰς
2026 3711 2089 3763 δὲ
2124 3710 2288 3772 ἰδεῖν,
2333 3704 2462 3763 οῧτι
2494 3728 2607 3764 που
2641 3707 2839 3784 χρυσῷ

1796 3788 2256 3853 κεκοσμημένας,
2282 3781 2427 3837 ἀλλὰ
2446 3789 2731 3839 παντοίων
2747 3781 2845 3837 οἷν-

1796 3859 1920 3912 θῶν
1952 3859 2284 3925 στεφάνοις.

1862 4011 1942 4062 33.
1980 4012 2060 4063 34.
2105 4011 2295 4076 φερε-ς]
2328 4012 2431 4061 «Te
2462 4009 2846 4061 circumbalant

1797 4098 1986 4149 greges
2021 4086 2261 4146 ovium»;
2299 4085 2351 4135 id
2388 4085 2531 4148 quod
2563 4097 2847 4135 assumen-

1797 4159 1928 4209 dum
1946 4173 2011 4209 ex
2028 4174 2180 4224 seqq.
2218 4160 2389 4211 Nolim
2411 4160 2556 4210 enim
2578 4158 2843 4223 explicare

1799 4244 2018 4294 «greges
2062 4232 2358 4284 Sicularum
2404 4245 2744 4284 vaccarum.»
2786 4258 2840 4267 -
