3234 4975
1279 420 1396 468 [ΑΒ.
1439 421 1498 469 11.

1574 421 1631 467 c.
1672 422 1799 470 xlv,
2483 420 2595 485 294

777 576 1057 662 Cocytos
1098 593 1324 639 errans
1370 585 1435 640 et
1475 575 1678 641 Danai
1724 596 1930 662 genus

855 694 1092 760 Insame
1137 693 1612 783 damnatusque
1655 695 1826 783 longi

942 814 1260 902 Sisyphus
1304 816 1606 884 Aeolides
1648 816 1910 883 laboris.

2524 821 2604 883 20

771 972 1148 1058 Linquenda
1193 972 1380 1040 tellus
1425 986 1488 1040 et
1531 975 1766 1041 domus
1809 986 1875 1042 et
1917 974 2180 1062 placens

772 1094 970 1169 Uxor,
1019 1113 1232 1181 neque
1277 1093 1531 1171 harum,
1587 1117 1753 1185 quas
1798 1096 1989 1172 colis,
2039 1095 2343 1162 arborum

858 1216 943 1278 Te
988 1223 1249 1300 praeter
1294 1215 1531 1281 invisas
1574 1237 1928 1304 cupressos

941 1333 1078 1401 Ulla
1119 1333 1387 1417 brevem
1431 1335 1761 1403 dominum
1807 1349 2136 1423 sequetur.

770 1491 1077 1558 Absumet
1118 1491 1310 1558 heres
1357 1492 1657 1559 Caecuba
1702 1494 1956 1581 dignior

2522 1499 2603 1563 25

573 1699 653 1748 48.
725 1699 930 1767 Cocytos
989 1695 1521 1764 BbSTcd‚y62cpv§x‚
1585 1699 1876 1750 Bentleius:
1945 1701 2154 1762 Cocytus
2208 1703 2420 1754 LCtFM.
2484 1730 2539 1739 -

498 1772 579 1822 23.
617 1786 871 1835 cypressos
901 1775 957 1823 T.
1001 1799 1056 1809 -
1093 1773 1174 1825 24.
1216 1774 1342 1838 Ulla]
1387 1776 1496 1825 Vita
1528 1791 1564 1840 y
1598 1787 1682 1839 ap.
1721 1774 1931 1824 Kirchn.
1972 1777 2031 1825 N.
2071 1776 2130 1835 Q.
2168 1776 2294 1826 Hor.
2330 1790 2382 1841 p.
2421 1777 2502 1828 36.

433 1958 566 2029 χροὶ
610 1954 896 2029 δνοφερᾶς
944 1954 1153 2021 νυκτὸς
1203 1962 1474 2024 ποταμοί.

433 2033 574 2094 virg.
614 2035 705 2082 Ge.
755 2032 817 2094 4,
871 2032 992 2083 478;
1047 2034 1195 2082 limus
1241 2035 1386 2097 niger
1435 2039 1482 2084 et

433 2106 667 2169 deformis
687 2108 884 2156 arundo
902 2107 1087 2167 Cocyti.
1115 2110 1243 2157 Aen.
1267 2109 1323 2166 6,
1365 2108 1477 2157 434;

439 2180 612 2229 Tenent
651 2181 815 2230 media
856 2182 1028 2230 omnia
1059 2181 1214 2230 silvae
1248 2182 1481 2241 Cocytos-

434 2268 528 2316 que
582 2256 696 2304 sinu
748 2255 915 2304 labens
968 2256 1291 2303 circumvenit
1346 2260 1477 2304 atre.

434 2330 638 2378 Seneca
677 2329 831 2378 Herc.
858 2329 958 2378 fur.
987 2329 1113 2379 686:
1166 2330 1316 2378 Palus
1351 2331 1486 2378 iner-

434 2404 497 2451 tis
527 2404 674 2467 foeda
709 2404 875 2464 Cocyti
897 2404 1040 2452 iacet.
1073 2431 1127 2440 —
1156 2404 1362 2464 Cocytos
1384 2417 1482 2453 au-

437 2480 546 2527 tem
581 2478 633 2527 h.
671 2476 706 2527 l.
745 2478 934 2541 scripsi
970 2491 1094 2528 cum
1129 2478 1296 2528 Codd.
1325 2478 1478 2542 meis»,

435 2554 493 2600 ut
515 2552 566 2601 in
587 2551 780 2615 Virgilii
803 2551 920 2601 loco
944 2551 1169 2615 praebet
1190 2552 1478 2603 MediceuS.

441 2651 495 2661 -
531 2627 704 2676 Danai
735 2626 907 2690 aeuus]
942 2626 1090 2675 ovid.
1117 2627 1240 2676 Met.
1266 2625 1325 2687 4,
1365 2627 1478 2677 462:

431 2698 699 2761 Molirique
718 2701 821 2749 suis
842 2701 992 2749 letum
1004 2700 1315 2762 patruelibus
1331 2715 1485 2751 ausae

435 2773 673 2824 Assiduae
729 2780 990 2837 repetunt,
1067 2789 1194 2837 quas
1235 2777 1481 2838 perdant,

435 2847 622 2897 Belides
652 2850 831 2899 undas.

501 2958 579 3008 49.
600 2960 682 3009 20.
705 2960 1263 3024 dannatus-daberis]
1282 2960 1485 3011 Eadem

434 3036 827 3084 constructione
860 3046 989 3083 usus
1016 3036 1128 3093 est,
1160 3047 1297 3097 quae
1324 3033 1485 3083 trala-

433 3107 553 3158 ticia
577 3109 727 3158 estin
748 3107 986 3158 formulis
1004 3109 1272 3158 damnatus
1286 3109 1482 3169 capitis,

431 3181 581 3244 ran-ti,
605 3183 932 3243 iniuriarum,
966 3183 1065 3232 etsi
1089 3183 1142 3231 in
1164 3194 1323 3245 prosa
1346 3184 1479 3231 orat.

433 3253 701 3306 insolitum
755 3259 902 3307 esset
963 3259 1233 3306 damnatus
1291 3268 1485 3317 poenae

431 3329 645 3378 numnius
693 3342 791 3394 pro
842 3331 1018 3380 dativo
1069 3329 1139 3393 (d.
1178 3331 1351 3393 morti)
1397 3329 1481 3380 vel

432 3403 501 3452 ad
547 3416 780 3464 poenam.
857 3430 911 3439 -
969 3404 1225 3466 Sisyphus]
1286 3405 1477 3465 Odyss.

431 3473 489 3536 λ,
534 3476 648 3525 593.
695 3477 963 3528 Axiochus
1005 3489 1058 3539 p.
1096 3478 1210 3527 374.
1249 3478 1341 3527 Ε..
1331 3493 1341 3504 ·
1388 3471 1482 3526 ἔν-

429 3549 512 3600 θα
553 3546 743 3636 χῶρος
788 3543 1020 3609 ἀσεβῶν
1053 3551 1149 3599 καὶ
1185 3549 1481 3600 Δαναΐδων

432 3617 649 3694 ὖδρεῑαι
681 3619 902 3685 ἀτελεῖς
934 3623 1033 3672 καὶ
1069 3621 1365 3676 Ταντάλου
1393 3623 1480 3674 δί-

430 3705 554 3760 ψος
603 3699 701 3748 καὶ
756 3694 964 3748 Τιτυοῦ
1021 3692 1326 3762 σπλάγχνα
1379 3700 1480 3750 καὶ

432 3767 700 3832 Σισύφου
736 3775 941 3842 πέτρος
974 3765 1276 3837 ἀνήνυτος.
1332 3774 1480 3835 Sisy-

432 3846 524 3910 phi
545 3859 731 3895 saxum
754 3846 1013 3897 volventis
1046 3848 1217 3908 imago
1241 3847 1481 3896 Get-hard

439 3920 645 3981 Vasena.
684 3920 745 3968 11.
782 3922 839 3970 T.
878 3921 1139 3970 LXXXVI.

495 4030 577 4078 24.
609 4029 828 4093 placens]
873 4032 990 4080 Non
1026 4033 1134 4080 tam
1172 4029 1475 4081 «amabilis»

429 4116 594 4166 quam
647 4116 837 4162 «cara,
892 4107 1101 4168 grata.»
1170 4106 1378 4154 Lucret.
1416 4103 1472 4163 3,

430 4177 544 4226 907.
583 4178 729 4227 Suet.
768 4176 880 4226 Tib.
919 4179 974 4226 7:
1031 4193 1167 4227 uror
1206 4178 1323 4229 bene
1354 4193 1477 4227 con-

427 4251 640 4301 veniens.

1612 1960 1695 2010 23.
1762 1960 1838 2024 Te]
1894 1961 2007 2010 Non
2065 1973 2231 2010 unum
2290 1963 2603 2013 Postumum

1550 2037 1637 2085 hic
1672 2033 1902 2099 appellat
1935 2038 1989 2084 et
2023 2033 2328 2097 alloquitur,
2367 2038 2521 2100 quasi
2556 2039 2605 2088 ei

1551 2108 1648 2159 soli
1682 2108 1750 2158 de
1786 2107 2020 2171 generali
2056 2109 2157 2158 hac
2192 2112 2452 2160 sententia
2476 2124 2606 2174 per-

1550 2182 1890 2233 suadendum
1913 2184 1997 2241 sit,
2025 2182 2122 2232 sed
2147 2195 2418 2247 quemque
2443 2184 2607 2235 lecto-

1552 2269 1687 2306 rem.
1746 2282 1801 2292 -
1851 2257 2121 2319 cupressos]
2171 2256 2343 2306 Arbor
2390 2262 2475 2308 est
2506 2260 2606 2309 Diti

1552 2343 1707 2380 sacra
1755 2332 1914 2392 atque
1961 2332 2246 2393 propterea
2283 2330 2496 2381 funebri
2532 2335 2607 2383 si·—

1553 2417 1657 2466 gno
1704 2402 1773 2452 ad
1816 2403 2005 2452 domos
2053 2405 2107 2452 et
2152 2404 2296 2453 cirea
2331 2418 2487 2467 rogos
2523 2406 2609 2456 di-

1554 2478 1751 2528 tiorum
1784 2477 1911 2542 poni
1945 2475 2112 2527 solita.
2152 2478 2347 2529 Lucan.
2387 2479 2436 2541 3,
2475 2478 2603 2531 442:

1553 2553 1621 2602 Et
1668 2567 1769 2602 non
1810 2552 2028 2613 plebeios
2075 2552 2236 2601 luctus
2285 2558 2466 2602 testata
2514 2568 2609 2603 cu—

1547 2640 1765 2688 pressus.
1838 2624 2215 2675 plantabantur
2258 2628 2419 2677 etiam
2465 2628 2607 2677 circa

1555 2699 1814 2760 tumuIOS,
1882 2699 2026 2748 unde
2094 2699 2331 2749 ἐπίθετα
2387 2701 2609 2763 mebris

1555 2774 1722 2838 Epod.
1761 2776 1817 2835 5,
1859 2774 1961 2833 48.,
1997 2773 2172 2836 feralis
2202 2773 2343 2836 Virg.
2381 2778 2512 2823 Aen.
2553 2775 2603 2836 6,

1554 2849 1694 2909 2⁴6..
1733 2853 1855 2896 atra
1886 2849 2017 2897 Aen.
2055 2847 2115 2908 3,
2153 2846 2233 2898 64.
2273 2848 2421 2897 Ovid.
2449 2848 2601 2898 Trist.

1555 2922 1614 2982 3,
1655 2921 1718 2972 44
1745 2920 1825 2984 (al.
1854 2921 1953 2982 43),
1987 2923 2075 2970 2⁴:
2116 2922 2325 2971 Funeris
2358 2922 2606 2971 αναηιὲἡᾰ

1551 2996 1703 3059 ferali
1736 2996 1901 3045 cincta
1933 3009 2167 3058 cupressu
2201 2996 2454 3046 Convenit.
2498 2996 2606 3046 Me-

1555 3073 1681 3119 tam.
1723 3070 1815 3128 40,
1856 3068 1966 3119 444.
2026 3069 2211 3133 Apollo
2246 3070 2315 3119 ad
2351 3071 2605 3136 Cyparis-

1554 3159 1677 3195 sum
1716 3146 1768 3194 in
1815 3143 2065 3194 arborem
2102 3148 2389 3195 mutatum:
2443 3146 2605 3209 Luye-

1554 3219 1667 3268 bere
1698 3218 1862 3280 nobis,
1909 3219 2215 3282 Luqebisque
2249 3220 2376 3269 alios
2408 3221 2603 3269 adoris-

1554 3306 1648 3354 que
1680 3292 1983 3355 lugentibus,
2020 3294 2198 3355 inquit.

1617 3365 1700 3416 24.
1739 3366 1933 3416 brevem
1966 3367 2236 3431 dmninum]
2284 3363 2602 3431 «δεσπότην

1553 3433 1974 3510 ὀλιγοχρόνιον,
2031 3453 2130 3503 per
2176 3440 2343 3489 breve
2389 3443 2602 3502 tempus

1551 3513 1821 3564 latifundia
1856 3513 2274 3577 possidentem.»
2310 3514 2438 3563 Mire
2464 3514 2604 3562 Mar-

1552 3586 1701 3639 cilius
1745 3588 2075 3651 comparavit
2118 3585 2430 3636 Philistionis
2476 3584 2601 3635 illud

1551 3662 1695 3725 apud
1729 3661 2017 3711 stobaeum
2061 3662 2111 3709 S.
2151 3660 2273 3709 330:
2326 3674 2438 3707 mv
2485 3674 2600 3724 μυ-

1549 3737 1702 3822 ρὶων
1722 3733 1926 3801 πηχῶν
1958 3729 2065 3800 γῆς
2088 3732 2288 3816 κύριος
2306 3726 2594 3819 ὑπάρχῃς,

1548 3806 1746 3858 θανών
1802 3806 2019 3878 γενήσῃ
2079 3802 2249 3876 τριῶν
2292 3800 2335 3871 ἢ
2387 3803 2597 3857 τεσσά-

1586 3897 1685 3931 ων.

1549 3898 1583 3953 ρ
1613 3958 1696 4005 25.
1734 3956 1817 4005 26.
1871 3954 2112 4018 Caecuba]
2156 3954 2211 4004 in
2253 3955 2397 4004 Latio
2429 3968 2596 4019 prope

1549 4029 1778 4078 Fundos
1822 4055 1876 4064 —
1924 4029 2138 4092 dignior]
2184 4031 2294 4086 «te,
2342 4031 2595 4092 quoniam

1549 4102 1610 4151 iis
1645 4100 1876 4161 fruetur,
1923 4114 2047 4150 cum
2089 4105 2145 4151 tu
2189 4115 2381 4166 parcas
2416 4106 2473 4153 ut
2506 4116 2596 4153 sa-

1548 4175 1708 4225 cris.»
1757 4202 1810 4210 —
1856 4174 2063 4226 Similes
2104 4177 2399 4226 sententiae
2435 4189 2595 4239 repe-

1547 4251 1755 4299 riuntur
1767 4249 1909 4313 apud
1922 4250 2228 4301 orientales.
2248 4250 2594 4301 Ecclesiastes
