3234 4975
616 370 742 434 346

1375 372 1633 423 HORA'm
1668 372 2006 425 CARMINUM
2274 405 2303 413 -

956 527 1237 593 Merces:
1285 525 1517 593 vetabo
1537 576 1552 603 ,
1598 526 1711 613 qui
1758 526 2017 593 Cereris
2062 548 2320 594 sacrum

1040 646 1319 734 Volgarit
1363 667 1667 721 arcanae,
1716 647 1839 726 sub
1885 647 2095 715 isdem

1121 769 1216 857 Sit
1256 768 1546 835 trabibus
1590 767 1960 857 fragilemve
2008 791 2263 837 mecum

742 951 823 999 27.
874 948 1102 1012 Vulqwit
1132 946 1228 998 bT.
1270 974 1323 984 —
1360 950 1486 998 Post
1518 961 1570 996 v.
1608 948 1690 998 27.
1728 946 1911 998 deficit
1950 947 2122 999 codex
2155 948 2191 998 d
2224 961 2397 1012 usque
2432 949 2501 999 ad
2538 952 2715 1001 Carm.

678 1023 735 1083 3,
770 1023 853 1073 59.
895 1047 950 1058 —
982 1022 1314 1086 fraqilemquo
1344 1022 1665 1081 bTSc‚LCtJ.
1709 1021 2026 1086 (fraqilmwc
2065 1022 2284 1073 Bentleii
2325 1026 2717 1076 correctionem

679 1098 856 1147 firmat
885 1097 963 1158 Β.)

610 1255 812 1304 Elauia
844 1255 1003 1304 tacita
1036 1253 1241 1303 iactabit
1282 1253 1432 1316 faces.
1504 1252 1656 1318 Apul.

612 1329 733 1379 Met.
772 1329 821 1378 3.
858 1342 913 1393 p
950 1329 1065 1379 220.
1102 1328 1272 1378 Oud.:
1309 1328 1470 1377 sacris
1496 1327 1661 1390 pluro·-

614 1402 705 1453 bus
736 1404 997 1465 initiam,
1027 1402 1251 1465 profecto
1283 1403 1412 1451 nosti
1431 1407 1662 1451 sanctam

610 1477 792 1528 silantia·
836 1479 1001 1541 fldem
1093 1479 1347 1529 Ceterum
1398 1476 1662 1540 expressit

611 1552 895 1602 Simonidis
909 1565 1159 1602 versum:
1183 1545 1347 1601 Ἔστι
1368 1551 1468 1601 καὶ
1491 1545 1662 1616 σιγᾶς

610 1618 916 1677 ἀκίνδυνον
968 1627 1163 1696 γέρας,
1244 1639 1408 1689 quem
1457 1625 1510 1675 in
1564 1638 1660 1674 ore

611 1699 847 1751 habebat
878 1713 1042 1764 saepe
1076 1702 1343 1762 Augustus
1365 1737 1377 1760 ,
1414 1702 1474 1748 ut
1497 1699 1663 1749 refert

610 1774 923 1825 Plutarchus
987 1775 1040 1823 in
1092 1774 1206 1823 eius
1265 1773 1657 1837 Apophthegm.

610 1850 666 1899 T.
702 1850 752 1899 2.
789 1863 842 1913 p.
879 1849 993 1898 207.
1043 1848 1155 1907 Fr.,
1215 1859 1487 1910 quemque
1538 1859 1661 1896 cer—

608 1923 761 1973 tatim
795 1922 1126 1985 repetierunt
1160 1921 1439 1985 Sophistae
1472 1923 1661 1985 poste-

609 1997 798 2046 riores.
845 1996 905 2044 V.
942 1994 1197 2045 Simonid.
1234 1994 1563 2045 Schneidew.
1602 2007 1656 2057 p

613 2072 709 2120 ⁴⁴2
733 2073 790 2120 et
810 2069 925 2120 233.
965 2063 1151 2133 (Ἔστι
1184 2069 1284 2118 καὶ
1306 2066 1477 2135 σιγῆς
1496 2062 1660 2119 ἀκίν-

608 2141 783 2194 δυνον
840 2145 1011 2214 γέρας
1066 2144 1407 2195 Athenodoro
1478 2143 1663 2194 tribuit

610 2217 876 2268 Stobaeus
910 2220 966 2269 Τ.
1004 2218 1098 2281 33,
1134 2218 1203 2279 5.)

673 2292 756 2342 26.
802 2293 884 2342 27.
939 2292 1450 2356 Cauris-arcanae]
1508 2292 1655 2343 Ovid.

610 2368 733 2418 Her.
756 2368 836 2427 ⁴2,
854 2367 942 2416 79:
968 2380 1263 2429 &canaque
1277 2368 1656 2417 sacraDianae.

610 2442 721 2493 Cic.
760 2441 812 2491 in
846 2441 995 2492 Verr.
1022 2443 1078 2502 ὃ,
1115 2442 1203 2492 72:
1242 2446 1401 2504 teque,
1439 2441 1583 2493 Coros
1613 2445 1661 2491 ot

611 2516 819 2578 Libera,
855 2529 1077 2578 quar-um
1106 2531 1280 2579 sacra,
1315 2518 1442 2567 sicut
1469 2516 1661 2578 opinio-

607 2604 695 2641 nes
739 2591 996 2641 hommum
1042 2605 1104 2641 ac
1145 2591 1409 2655 reliqiones
1453 2590 1655 2653 ferunt,

607 2665 752 2730 lonae
815 2665 1058 2715 maximis
1122 2670 1273 2727 atque
1319 2665 1661 2715 occidet-ssim&

606 2740 925 2789 camundis
954 2740 1304 2798 continuatum
1328 2766 1358 2777 -
1378 2765 1409 2776 -
1439 2752 1659 2801 quarm

606 2828 758 2864 sacra
799 2815 1015 2876 populus
1066 2815 1318 2864 Romanus
1363 2826 1400 2863 a
1452 2814 1661 2863 Graecis

606 2889 770 2938 ascita
818 2893 864 2937 ot
908 2893 1116 2949 accepta
1158 2892 1304 2936 tanta
1342 2888 1581 2951 religiono
1612 2892 1660 2937 ot

600 2962 798 3026 publico
846 2962 1165 3024 etprivcmm
1195 2966 1393 3022 tuctur,
1451 2977 1554 3011 non
1600 2967 1661 3012 ut

607 3038 672 3087 ab
722 3036 839 3086 aliis
884 3036 979 3085 huc
1019 3036 1213 3096 aucta,
1271 3036 1355 3085 sod
1389 3040 1446 3084 ut
1484 3037 1661 3086 ceteris

605 3113 718 3162 hinc
756 3111 949 3160 &adita
981 3123 1088 3176 esse
1129 3111 1411 3159 videantur.
1483 3112 1656 3174 Atque

607 3186 675 3236 de
727 3185 810 3234 his
862 3185 1120 3248 imprimis
1169 3185 1361 3244 sacris,
1429 3198 1536 3235 non
1585 3185 1655 3235 de

605 3260 746 3311 initis
769 3257 1045 3309 Eleusiniis
1067 3257 1213 3322 loqui
1232 3258 1444 3309 videtur
1465 3262 1653 3323 poeta3

606 3333 674 3384 de
710 3334 792 3384 his
827 3330 1072 3397 Sophocl.
1107 3332 1236 3383 Oed.
1263 3331 1374 3384 Col.
1405 3334 1525 3384 4054
1559 3336 1653 3384 Ι).;

604 3400 687 3459 ὦν
719 3409 819 3459 καὶ
852 3408 1072 3478 χρυσέα
1104 3403 1260 3479 Kam-
1292 3406 1388 3458 ἐπὶ
1418 3404 1658 3477 γλώσσᾳ

603 3483 855 3546 βέβακεν
876 3461 1239 3552 Προσπόλων
1260 3477 1653 3548 Εύμολπιδᾶν.

604 3560 820 3610 Graecis
874 3559 979 3609 hoc
1032 3556 1208 3608 scelus
1265 3561 1349 3609 est
1402 3555 1657 3629 ἐξορχεῖ-

605 3635 748 3685 σθαι
797 3629 870 3684 τὰ
922 3629 1232 3704 μυστήρια.
1321 3635 1535 3684 Lucian.
1586 3633 1655 3684 de

607 3708 784 3761 saltat.
821 3724 870 3759 c.
910 3711 989 3759 45.
1027 3709 1231 3760 Arrian.
1270 3709 1437 3772 Epict.
1475 3708 1532 3769 3,
1569 3709 1653 3758 24.

601 3797 722 3849 pag.
758 3783 872 3834 439.
910 3785 1079 3834 Schw.
1119 3784 1353 3835 Creuzer
1386 3783 1455 3833 ad
1479 3781 1649 3832 Procl.

603 3860 656 3909 in
689 3857 856 3909 Alcib.
885 3860 922 3907 l.
961 3872 1079 3922 pag.
1108 3858 1190 3909 86.
1263 3858 1360 3919 Qui
1391 3856 1653 3908 Eleusinia

601 3931 864 3995 volgarat,
924 3946 1031 3982 non
1076 3931 1252 3982 solum
1294 3929 1479 3981 ultimo
1524 3943 1656 3994 sup—

600 4006 759 4072 plicio
810 4006 1165 4064 afficiebatur,
1235 4007 1457 4069 eiusque
1510 4004 1653 4055 bona

602 4079 1035 4145 publicabuntur,
1074 4082 1172 4132 sed
1208 4081 1370 4131 etiam
1406 4077 1653 4130 columna

603 4158 657 4208 in
708 4157 823 4207 eius
875 4155 1213 4219 ignominiam
1263 4155 1433 4219 posita
1478 4153 1654 4205 scelus

603 4244 884 4298 poenaque
921 4231 1151 4295 posteris
1187 4228 1515 4281 tradebatur.

1799 1255 1879 1305 28.
1935 1255 2015 1303 29.
2074 1256 2153 1305 Sit
2182 1255 2433 1319 trabibus]
2475 1258 2785 1319 «Nunquam

1734 1327 2055 1387 concedam,
2097 1331 2155 1378 ut
2183 1330 2420 1380 incestus
2444 1341 2657 1379 mecum
2682 1328 2784 1380 sub

1734 1401 1929 1451 eodem
1970 1404 2112 1452 tecto
2153 1406 2401 1452 versetur
2433 1402 2517 1453 vel
2554 1403 2785 1454 eandem

1734 1489 1927 1526 navem
1982 1476 2360 1527 conscendat.»
2429 1479 2533 1527 Per
2571 1491 2662 1537 se,
2727 1481 2787 1527 ut

1735 1550 1946 1613 opinor,
2001 1549 2330 1613 intelligitur,
2388 1551 2535 1614 quod
2568 1551 2785 1602 adnotat

1734 1624 1909 1674 Bauer
1956 1624 2025 1674 ad
2071 1625 2341 1676 Sanctium
2392 1626 2453 1675 11.
2491 1638 2611 1689 pag.
2650 1626 2779 1676 262:

1737 1698 1841 1747 «Ex
1880 1711 2076 1748 mecum
2114 1700 2273 1748 solvat
2321 1700 2480 1750 etiam
2518 1699 2586 1750 ad
2619 1714 2670 1749 v.
2713 1701 2785 1749 is-

1732 1773 1843 1821 dem
1874 1774 2112 1823 revocari
2145 1786 2340 1823 mecum
2370 1786 2562 1824 sensus
2594 1775 2783 1837 postu·-

1732 1844 1855 1895 lat.
1923 1846 2171 1911 Aeschyl.
2225 1849 2277 1897 S.
2330 1847 2452 1897 adv.
2505 1848 2599 1897 Tb.
2649 1848 2779 1898 602:

1724 1909 1798 2005 ’,Η
1824 1917 1935 2008 γὰρ
1967 1917 2275 1984 ξυνεισβὰς
2307 1920 2513 1972 πλοῖον
2535 1917 2785 1987 εὐσεβὴς

1732 1988 1883 2064 ἀνὴρ
1926 1993 2213 2047 Ναύταισι
2252 1996 2493 2067 θερμοῖς
2534 1999 2634 2047 καὶ
2668 2012 2783 2047 πα-

1732 2071 1971 2139 νουργίᾳ
2000 2072 2115 2121 τινὶ
2132 2066 2376 2121 Ὄλωλεν
2415 2066 2641 2143 ἀνδρῶν
2674 2068 2785 2122 σὺν

1733 2141 2069 2211 θεοπτύστῳ
2091 2147 2257 2211 γένει.
2284 2146 2444 2211 Soph.
2465 2147 2635 2209 Antig.
2657 2146 2779 2196 372:

1733 2214 1874 2283 Μήτ
1895 2218 2029 2283 ἐμοὶ
2050 2222 2358 2307 παρέστιος
2380 2220 2615 2270 Γένοιτο
2646 2216 2782 2284 μήτ’

1734 2289 1866 2342 ἴσον
1887 2289 2165 2363 Φρονῶνι
2144 2288 2212 2357 ὃς
2231 2290 2352 2343 τάδ’
2376 2288 2543 2365 ἔρδει.
2602 2294 2779 2356 Eurip.

1733 2367 1876 2430 apud
1926 2369 2176 2418 Orionem
2227 2369 2554 2419 Schneidew.
2591 2381 2643 2432 p.
2680 2367 2779 2418 ὅδε

1721 2433 1911 2505 Ὅστις
1958 2439 2020 2493 δὲ
2069 2437 2146 2492 ra)
2181 2439 2444 2506 φύσαντε
2490 2437 2576 2508 μὴ
2609 2439 2784 2509 τιμᾷν

1731 2515 1903 2587 θέλῃ,
1939 2513 2035 2582 Μή
2068 2531 2173 2583 μοι
2207 2520 2435 2583 γένοιτο
2468 2513 2619 2583 μήτε
2652 2532 2784 2567 συν-

1732 2574 1914 2655 θύτης
1961 2591 2157 2654 θεοῖς,
2216 2588 2363 2657 Μήτ’
2399 2592 2461 2643 ἐν
2508 2588 2783 2662 θαλάσσῃ

1731 2661 2081 2716 κοινόπλουν
2092 2665 2319 2717 στέλλοι
2331 2663 2579 2729 σκάφος.
2603 2667 2779 2730 Eurip.

1732 2738 1923 2789 Electr.
1964 2739 2124 2790 4354.
2178 2734 2378 2803 Οὕτως
2418 2735 2636 2791 ἀδικεῖν
2667 2758 2783 2806 μη-

1730 2811 1846 2876 δεὶς
1868 2812 2081 2864 θελέτω
2098 2850 2113 2874 ,
2149 2812 2292 2880 Μηδ
2331 2813 2615 2886 ἐπιόρκων
2635 2817 2785 2880 μέτα

1731 2886 2077 2953 συμπλείτω.
2119 2888 2320 2939 Callim.
2350 2891 2471 2940 Cer.
2501 2891 2522 2939 4
2534 2892 2629 2939 ⁴7:
2666 2887 2784 2939 Δά-

1729 2977 1941 3049 ματερ,
1977 2959 2062 3028 μὴ
2095 2961 2270 3028 τῆνος
2303 2963 2435 3028 ἐμὶν
2467 2962 2673 3026 φίλος,
2713 2956 2783 3027 ὅς

1732 3051 1829 3087 σοι
1862 3033 2160 3102 απεχθής,
2196 3035 2343 3102 Εἴη,
2379 3035 2511 3103 μηδ’
2546 3031 2784 3103 ὁμότοι-

1729 3124 1867 3174 χος·
1926 3110 2060 3177 ἐμοὶ
2108 3114 2509 3178 moy-strove,-
2540 3111 2776 3198 ἐχθροί.

1729 3186 1971 3250 Xenoph.
2000 3186 2198 3250 Cyrop.
2225 3187 2282 3247 8,
2312 3187 2367 3247 4,
2394 3188 2487 3237 25:
2527 3179 2562 3235 ὁ
2584 3182 2778 3255 Κῦρος

1730 3286 1761 3297 -
1797 3288 1828 3299 -
1866 3257 2238 3326 λογιζόμενος
2257 3253 2466 3348 ωσπερ
2516 3260 2577 3309 οἱ
2620 3258 2781 3310 πλεῖν

1729 3331 2068 3423 αἱρούμενοι
2131 3329 2280 3399 μετὰ
2342 3331 2458 3384 τῶν
2523 3328 2782 3395 εὐσεβῶν

1726 3406 1950 3473 μᾶλλον
1990 3403 2030 3472 ἢ
2072 3405 2221 3473 μετὰ
2262 3405 2375 3457 τῶν
2426 3401 2781 3473 ἠσεβηκέναι

1731 3500 1784 3534 τι
1823 3479 2168 3534 δοκούντων.
2217 3510 2271 3519 -
2320 3483 2630 3547 pugilemve]
2668 3483 2781 3533 Fir-

1729 3560 1842 3608 mat
1874 3556 2005 3607 Cod.
2048 3559 2106 3607 B.
2152 3558 2548 3620 antiquissimus
2591 3560 2775 3607 contra

1729 3633 1940 3683 ceteros
1988 3645 2170 3691 meos;
2226 3634 2282 3682 et
2327 3635 2475 3682 recte
2529 3630 2777 3695 quidem,

1728 3720 1854 3759 cum
1887 3708 2015 3758 satis
2047 3706 2435 3769 distinguantur
2466 3706 2631 3756 trabes
2667 3718 2780 3756 oao-

1728 3783 1839 3832 dom
1860 3784 1915 3831 et
1933 3781 2173 3844 phaselos.
2204 3807 2256 3817 -
2277 3780 2535 3845 phaselon]
2561 3780 2776 3844 proprie

1726 3856 2105 3920 Aegyptiorum
2141 3855 2424 3917 navigium.

1793 3931 1875 3981 29.
1903 3930 1984 3980 30.
2025 3931 2224 3993 «Saepe
2254 3929 2520 3993 Diespiter
2545 3927 2781 3978 offensus

1727 4019 1832 4055 una
1867 4017 1992 4054 cum
2023 4006 2233 4064 incesto,
2271 4002 2586 4067 religionum
2612 4000 2778 4050 viola-

1728 4083 1863 4139 tore,
1888 4079 2093 4143 punivit
2110 4080 2271 4129 etiam
2289 4079 2648 4137 innocentem,
2675 4087 2781 4123 una

1727 4167 1853 4205 cum
1902 4151 1992 4203 illo
2046 4153 2257 4203 fortuito
2305 4153 2665 4202 versantem.»
2722 4173 2775 4183 -

1728 4227 2003 4291 Diespiter]
2039 4227 2156 4277 vid.
2196 4227 2265 4277 ad
2299 4226 2394 4277 cd.
2435 4226 2482 4286 4,
2519 4224 2612 4284 34,
2651 4225 2699 4274 5.
