3234 4975
633 399 758 464 502

894 557 1206 623 Inclinare
1252 554 1589 623 meridiem

1406 399 1664 452 HORATII
1701 398 2036 450 CARMINUM

2769 553 2808 614 0ss

971 677 1181 744 Sentis
1224 697 1334 756 ac,
1381 675 1575 744 veluti
1620 685 1746 742 stet
1784 673 2066 741 volucris
2123 673 2293 750 dies,

890 799 1108 866 Parcis
1152 798 1453 886 deripere
1497 796 1735 863 horreo

975 921 1350 987 Cessantem
1392 916 1603 984 Bibuli
1649 916 1932 984 consulis
1977 913 2370 1001 amphoram.

893 1080 1024 1145 Nos
1068 1076 1469 1144 cantabimus
1514 1076 1786 1144 invicem

968 1201 1334 1286 Neptunum
1373 1207 1439 1265 et
1478 1197 1721 1265 virides
1764 1199 2113 1266 Nereidum
2173 1219 2428 1277 comas;

2730 1200 2812 1265 40

764 1398 812 1449 6.
852 1396 930 1462 ac]
966 1401 1013 1446 et
1044 1396 1135 1457 Bc,
1172 1396 1301 1446 item
1324 1392 1392 1461 yd
1424 1407 1509 1459 ap.
1536 1395 1748 1446 Kirchn.
1788 1396 1848 1456 Q.
1875 1398 1937 1446 N.
1964 1397 2027 1447 Η.
2054 1409 2108 1461 p.
2135 1396 2217 1447 36.
2254 1397 2336 1447 256.
2379 1425 2434 1434 -
2460 1398 2508 1448 8.
2536 1399 2746 1460 mipho—

696 1470 851 1523 ram?
882 1471 1075 1532 Bothe,
1110 1471 1156 1522 J.
1199 1497 1254 1507 -
1290 1470 1339 1520 9.
1375 1470 1430 1520 in
1459 1470 1591 1520 vices
1623 1469 1680 1519 B.
1724 1497 1778 1507 —-
1819 1471 1898 1521 40.
1934 1470 2113 1521 viridis
2144 1472 2201 1522 B.
2247 1499 2299 1507 —
2339 1472 2524 1536 comas]
2569 1473 2746 1524 choros

699 1546 829 1598 Cod.
856 1547 995 1610 Lips.
1033 1546 1255 1608 quartus

696 1724 747 1773 5.
785 1722 835 1772 6.
886 1721 1152 1785 Inclinat-0)
1198 1720 1390 1771 «Vides
1431 1719 1603 1771 solem
1648 1733 1680 1770 a

635 1795 858 1847 meridie
893 1796 1000 1846 iam
1023 1794 1093 1845 ad
1123 1805 1377 1845 occasum
1397 1805 1679 1856 vergere.»

633 1869 940 1921 Admodum
972 1869 1354 1932 tempestivum
1386 1867 1544 1931 igitur
1581 1866 1683 1917 de-

633 1943 823 1996 scribit
853 1938 1203 2007 συμπόσιον.
1259 1943 1317 1992 ln
1349 1954 1510 2006 prosa
1543 1943 1678 1992 orat.

631 2031 683 2068 se
713 2017 976 2078 inclinare,
1011 2018 1074 2067 ut
1104 2017 1214 2067 Liv.
1252 2016 1308 2077 9,
1346 2015 1547 2066 32:201
1572 2029 1682 2067 me-

631 2092 1149 2142 ridiesemlonamt
1193 2091 1567 2156 —ac‚volutt]
1602 2092 1682 2142 De

635 2165 859 2218 solemni
893 2165 996 2216 hac
1027 2162 1255 2216 formula
1288 2162 1506 2215 consule
1529 2164 1684 2215 Hand

635 2242 787 2291 Turs.
813 2241 852 2291 1.
879 2252 999 2303 pag.
1026 2239 1140 2291 478.
1178 2236 1312 2291 Male
1336 2237 1554 2290 Vossius
1570 2252 1686 2290 ma-

635 2313 805 2365 lebat:
841 2315 1017 2374 sentim·
1040 2314 1284 2365 atvsluti.
1314 2339 1371 2349 -
1394 2313 1501 2377 stet]
1528 2326 1688 2365 «con-

638 2391 813 2452 sistat,
851 2390 1142 2440 moretur.»
1177 2384 1362 2438 Tibull.
1391 2387 1449 2447 4,
1486 2386 1548 2447 4,
1585 2387 1682 2438 28;

635 2478 750 2589 ηοξ.
768 2464 1077 2590 Ὑϋωνάεω
1076 2461 1687 2603 ῙΓἝιιιιξὲἴιιοτίΐῗειεΙιιιί

639 2612 875 2665 nondum
927 2613 1067 2664 adsit
1120 2611 1337 2677 potandi
1385 2610 1569 2661 hora.»
1628 2638 1683 2648 —

636 2687 890 2752 denubere]
941 2684 1218 2738 «celeriter
1268 2685 1338 2736 de
1390 2685 1686 2751 apothecae

637 2762 842 2828 pariete
893 2761 1115 2812 demere
1165 2761 1381 2825 hucque
1424 2760 1478 2810 in
1524 2758 1690 2809 tricli-

638 2838 788 2888 nium
809 2835 1055 2886 afl'erre.»
1085 2863 1140 2872 -
1173 2834 1467 2899 cessantem]
1496 2846 1685 2897 aquae,

639 2914 696 2961 tu
731 2910 863 2961 dum
896 2910 1074 2972 segnis
1107 2921 1196 2971 es,
1234 2909 1365 2959 mihi
1395 2908 1691 2973 impatienti

640 2987 756 3049 ipsa
787 2983 999 3033 videtur
1037 2995 1305 3033 cessare.»
1365 2982 1689 3047 (significare

640 3057 848 3122 nequit:
898 3069 1076 3120 «quae
1116 3058 1313 3108 intacta
1346 3059 1403 3108 et
1434 3059 1601 3109 otiosa
1637 3057 1692 3107 in

643 3133 838 3182 horreo
873 3130 1036 3182 cubat
1067 3130 1192 3182 inde
1226 3145 1258 3182 a
1290 3131 1461 3183 Bibuli
1494 3144 1693 3184 consu-

644 3206 824 3268 latum)
843 3232 897 3242 —
916 3205 1098 3271 Bibuli]
1113 3207 1180 3258 Μ.
1204 3205 1518 3272 Calpurnius
1534 3206 1695 3259 Bibu-

642 3280 726 3331 lus
747 3292 858 3331 cos.
884 3293 1008 3332 cum
1042 3282 1101 3332 C.
1127 3279 1256 3333 lulio
1292 3283 1524 3334 Caesare
1557 3295 1606 3331 a.
1634 3293 1689 3330 ιι.

644 3368 691 3405 c.
715 3355 853 3415 695.;
878 3357 1063 3407 vinum
1083 3357 1242 3420 igitur
1262 3358 1474 3409 circiter
1490 3356 1688 3407 XXXV.

645 3441 910 3481 annorum
957 3430 1251 3482 bibiturum
1302 3446 1362 3485 se
1414 3432 1577 3495 fingit.
1632 3457 1687 3466 -

645 3505 978 3571 antiphoram]
1021 3507 1114 3557 Est
1146 3505 1280 3559 lenis
1314 3507 1489 3572 potius
1524 3517 1693 3569 expo-

644 3579 879 3642 stulatio,
918 3593 1024 3644 qua
1058 3582 1282 3631 miratur
1313 3580 1546 3647 puellam
1567 3593 1697 3643 par-

643 3667 755 3705 cere
787 3656 911 3717 cet„
948 3668 1113 3719 quam
1146 3655 1504 3718 interrogatio.

711 3729 760 3779 9.
801 3729 879 3779 40.
917 3730 1144 3793 micam]
1181 3728 1535 3789 «alternatim,
1572 3743 1694 3780 car-

646 3803 789 3854 mine
812 3802 1109 3855 amoebaeo
1143 3802 1539 3855 celebrabimus
1561 3803 1695 3855 deos

647 3876 1000 3937 immortalem
1040 3890 1138 3941 ego
1171 3877 1475 3941 Neptunum
1492 3916 1505 3939 ,
1541 3878 1695 3929 cuius

647 3954 730 4003 est
780 3952 896 4002 dies
946 3950 1142 4011 festuS,
1196 3952 1419 4015 eiusque
1469 3954 1696 4004 comites

649 4026 976 4089 Nymphas.»
1034 4025 1140 4076 Csr.
1188 4026 1357 4078 Hand.
1405 4027 1555 4078 Turs.
1606 4027 1690 4078 111.

649 4111 702 4163 p.
731 4097 845 4149 452.
877 4126 931 4134 -
954 4099 1089 4149 Cum
1108 4099 1238 4149 Cod.
1255 4101 1311 4150 B.
1328 4100 1694 4164 antiquissimo

651 4173 812 4223 etiam
851 4171 981 4222 Cod.
1021 4173 1206 4221 Graev.
1245 4174 1299 4222 in
1338 4175 1492 4235 vices,
1547 4175 1695 4239 quod

649 4245 842 4312 probat
873 4246 1053 4297 Burm.
1093 4244 1162 4295 ad
1194 4248 1406 4298 Petron.
1449 4249 1527 4299 42.
1571 4248 1696 4301 uini

1753 1720 2023 1785 pedestris
2067 1723 2245 1787 potius
2278 1723 2530 1776 orationis
2563 1723 2806 1780 videtur:

1753 1795 1924 1845 reiicit
1945 1795 2109 1844 etiam
2131 1796 2302 1847 Hand.
2333 1823 2389 1834 —
2421 1798 2623 1863 vir-ides]
2661 1800 2804 1849 Deo·

1754 1879 1878 1919 rum
1928 1870 2259 1921 marinorum
2301 1872 2478 1922 omnia
2513 1873 2639 1923 sunt
2680 1885 2810 1923 cae-

1756 1941 1929 2004 rulea,
1982 1941 2193 2007 glauca,
2249 1944 2467 2006 viridia3
2535 1946 2810 1998 interdum

1758 2018 1921 2068 etiam
1940 2018 2109 2068 vitrea
2126 2056 2138 2079 ,
2166 2012 2391 2070 ὑάλινα.
2450 2021 2535 2070 Sic
2555 2021 2816 2071 caeruleos

1753 2092 1918 2142 emes
1981 2091 2197 2154 Cyanae
2281 2094 2553 2159 nymphae
2630 2094 2815 2146 tribuit

1758 2164 1907 2216 ovid.
1953 2166 2166 2217 Metam.
2216 2169 2276 2230 ὅ,
2316 2166 2429 2218 432.
2483 2169 2644 2232 atque
2678 2168 2809 2220 ibid.

1756 2241 1819 2302 2,
1881 2240 1968 2290 443
2044 2239 2114 2291 de
2168 2241 2510 2293 Nereidibus:
2590 2256 2813 2305 qum

1752 2325 1885 2377 pars
1930 2327 2061 2365 nare
2104 2316 2362 2378 vidmuor,
2417 2318 2547 2367 Pars
2589 2318 2644 2366 in
2682 2316 2814 2368 mole

1758 2390 1927 2440 sedem
1953 2389 2143 2439 vinidos
2173 2390 2367 2440 siccare
2394 2391 2620 2452 capillos.
2683 2392 2809 2443 Met.

1761 2462 1853 2525 43,
1891 2462 2006 2514 959.
2045 2462 2115 2514 de
2138 2462 2356 2516 Glauco:
2391 2465 2605 2516 vir-idm
2635 2465 2814 2530 fm-

1758 2538 1875 2603 9ine
1915 2537 2128 2588 barbam
2144 2563 2172 2576 -
2196 2562 2222 2576 -·
2242 2544 2289 2590 et
2330 2540 2540 2590 caenas
2582 2540 2808 2591 brachia.

1761 2613 1999 2663 Pictores
2021 2624 2179 2671 vero,
2224 2614 2288 2662 ut
2317 2625 2419 2677 par
2451 2615 2596 2674 erat,
2641 2614 2813 2666 flavas

1763 2698 1947 2738 comas
1979 2687 2045 2737 iis
2077 2685 2410 2747 tribuebant,
2465 2688 2647 2739 vestes
2680 2689 2813 2738 viri-

1762 2761 1880 2813 des.
1916 2760 1979 2810 V.
2013 2761 2204 2812 Pictum
2248 2761 2296 2811 α’
2335 2761 2587 2811 Ereolaoto
2626 2763 2713 2812 111.
2750 2764 2807 2813 Τ.
2885 2786 2890 2794 ·

1766 2835 1847 2885 46.
1887 2835 1967 2885 47.
2004 2832 2243 2885 Avellino
2274 2835 2405 2885 Bau.
2441 2836 2582 2886 arch.
2631 2836 2716 2886 IV.
2753 2849 2807 2901 p.

1765 2911 1846 2961 62.
1885 2912 1941 2960 et
1961 2910 2054 2965 86.
2099 2936 2154 2945 —
2193 2908 2518 2970 cumulavit,
2554 2912 2615 2960 ut
2646 2908 2809 2971 solet,

1765 2985 1957 3036 Statius
2000 2983 2122 3034 Silv.
2167 2984 2223 3043 4,
2275 2984 2332 3045 6,
2389 2984 2479 3035 ⁴5:
2536 2985 2630 3045 Ile,
2689 2986 2815 3035 deae

1762 3059 1973 3119 virides,
2024 3059 2335 3119 liquidosque
2378 3059 2621 3110 amu-tite
2650 3058 2814 3109 voltus

1763 3133 1830 3182 Et
1873 3134 2089 3183 vium
2132 3133 2313 3183 teum
2353 3133 2545 3183 ονᾶηοηι
2585 3134 2815 3184 redimite

1764 3207 2028 3269 corymbis.

1833 3283 1913 3333 44.
1953 3282 2032 3331 42.
2085 3282 2428 3346 ema-lyra]
2465 3281 2562 3332 Od.
2601 3282 2660 3342 4,
2715 3282 2808 3342 40,

1766 3356 1826 3407 6;
1884 3369 2167 3419 curvaeque
2215 3356 2359 3418 lyrae
2403 3360 2686 3417 parcium.
2752 3380 2808 3393 —

1763 3431 1968 3496 recines]
2027 3432 2114 3480 «tu
2162 3429 2519 3495 respondebis
2570 3429 2813 3480 canendo

1765 3507 2021 3557 Latonam
2054 3507 2110 3555 et
2140 3505 2364 3556 Dianam
2396 3502 2811 3556 iaculatricem.»

1772 3608 1826 3617 —
1862 3580 2049 3645 edon-is]
2094 3580 2279 3631 ovidio
2313 3579 2437 3630 Her.
2477 3578 2531 3641 4,
2578 3579 2691 3629 469.
2730 3581 2816 3629 est

1766 3654 1916 3719 agilis
1952 3655 2063 3704 dea.
2106 3680 2162 3690 —-
2206 3654 2469 3719 Ονηιὴίαο]
2507 3666 2539 3702 a
2582 3653 2810 3715 Cyntho,

1767 3727 1881 3779 Deli
1940 3729 2149 3787 monte,
2208 3727 2300 3778 ubi
2332 3729 2515 3789 ‚Diana
2561 3730 2684 3777 nata
2732 3727 2818 3776 est

1768 3815 1893 3854 cum
1925 3802 2180 3867 Apolline.

1836 3878 1915 3928 43.
1956 3876 2034 3927 44.
2097 3877 2328 3942 Smmno]
2367 3880 2721 3935 «extremo»,
2757 3876 2818 3925 ut

1770 3952 1901 4016 Epp.
1931 3952 1984 4010 4,
2014 3952 2033 4001 4
2060 3989 2072 4011 ,
2113 3952 2159 4001 4.
2201 3952 2363 4001 «Nam
2388 3951 2439 4000 in
2463 3949 2686 4000 Veneris
2707 3948 2817 3999 lau-

1769 4026 1928 4077 dibus
1962 4029 2021 4077 ut
2053 4026 2295 4076 amantes
2328 4026 2467 4075 inter
2488 4037 2587 4074 nos
2609 4023 2819 4074 desina-

1769 4113 1915 4162 mus,
1961 4103 2381 4150 consentaneum
2421 4100 2556 4148 est.»
2595 4126 2650 4133 —
2687 4110 2820 4158 quae

1769 4175 1895 4237 cet.]
1919 4172 2162 4225 Pendent
2182 4175 2316 4224 haec
2339 4186 2406 4223 ex
2422 4169 2815 4236 superioribus:

1771 4250 2025 4300 «Recines
2071 4261 2193 4299 eam
2237 4247 2427 4307 deam,
2486 4258 2624 4309 quae
2675 4245 2815 4295 cet.»
