3234 4975
651 403 732 466 94

1399 403 1656 454 HORA‘rn
1692 402 2039 455 CARMINUM.

1377 761 1847 825 cm
1901 762 2084 823 XV·

985 962 1208 1027 Pastor
1252 980 1399 1027 cum
1443 958 1726 1026 traheret
1767 980 1886 1047 per
1928 958 2089 1025 freta
2131 957 2401 1024 navibus

989 1082 1199 1149 Idaeis
1243 1081 1530 1148 Helenen
1574 1080 1864 1168 perfidus
1907 1079 2250 1166 hospitam,

988 1204 1239 1291 Ingrato
1283 1202 1531 1270 celeres
1577 1202 1794 1269 obruit
1836 1202 1965 1268 otio

780 1402 884 1452 XV.
955 1404 1116 1452 Inscr.
1152 1401 1303 1465 Volg.
1373 1402 1520 1452 Nerei
1549 1401 1845 1451 vaticiniwn
1876 1401 1936 1450 de
1967 1400 2162 1449 weidio
2198 1399 2388 1449 Troiae.
2431 1424 2486 1434 -·
2521 1398 2605 1471 Aa·
2628 1398 2742 1447 Ale-

711 1480 973 1527 aean-drmn
1016 1479 1250 1529 Paridem
1290 1479 1339 1526 S.
1389 1478 1504 1527 Om.
1552 1477 1606 1526 T.
1664 1502 1719 1511 —-
1765 1476 1815 1525 2.
1859 1474 2098 1525 Holenam
2141 1474 2357 1536 Cruquii
2402 1476 2511 1524 tres
2566 1473 2740 1535 (etiam

715 1552 896 1602 Bland.
935 1552 1148 1615 antiq),
1192 1552 1423 1602 Pottierii
1466 1551 1731 1613 quattuor.
1785 1577 1839 1584 —
1884 1549 1933 1599 3.
1970 1549 2172 1609 colores,
2218 1548 2312 1600 sed
2348 1560 2615 1612 superscr.
2657 1546 2740 1609 (ab

715 1626 835 1677 ead.
874 1627 966 1691 m.)
1001 1627 1037 1688 i,
1075 1627 1132 1675 T.

717 1805 821 1854 XV.
890 1803 1022 1853 Vide
1054 1804 1365 1853 Excursum.

718 1879 763 1927 l.
800 1878 992 1942 Pastor]
1030 1879 1192 1938 Paris,
1231 1878 1502 1941 expositus
1525 1876 1578 1926 in
1602 1876 1692 1926 Ida

649 1955 830 2002 monte
883 1951 1246 2014 educatusque
1293 1965 1323 2000 a
1370 1950 1691 2015 pastoribuS‚

651 2028 766 2091 ipse
791 2025 1071 2090 aliquando
1101 2028 1299 2089 pastor.
1335 2026 1466 2075 Bion
1492 2026 1571 2086 ⁴5,
1598 2026 1690 2074 ⁴0:

640 2095 884 2171 ’Ἀρπασε
901 2096 1008 2150 τάν
1019 2094 1257 2150 Ἑλέναν
1273 2095 1406 2149 πόθ’
1433 2092 1467 2149 ὁ
1483 2093 1696 2159 βουκό-

649 2175 768 2238 λος,
803 2166 908 2242 ἆγε
929 2173 976 2225 δ’
1013 2174 1073 2238 ἐς
1093 2170 1246 2224 Ἴδαν
1269 2171 1487 2247 Οἱνώνῃ
1511 2169 1695 2224 κακὸν

648 2246 844 2317 ἄλγος.
914 2252 1054 2314 virg.
1092 2253 1222 2301 Aen.
1249 2251 1297 2309 7,
1324 2251 1449 2300 363:
1501 2251 1566 2299 Ac
1594 2263 1696 2297 non

648 2327 719 2376 sic
763 2326 1007 2390 Phryyius
1047 2330 1277 2387 penetrat
1323 2325 1698 2374 Lacedaemona

643 2407 822 2463 pastor
864 2401 1205 2462 Ledaeamque
1242 2400 1478 2448 Helenam
1520 2400 1696 2448 Troia-

649 2491 744 2527 nas
767 2476 908 2526 vexit
938 2477 1007 2525 ad
1031 2475 1192 2526 arbes.
1250 2468 1522 2526 Pastorem
1546 2488 1699 2525 mon-

650 2552 819 2602 strant
851 2550 1095 2601 Paridem
1121 2548 1320 2614 aliquot
1349 2551 1692 2600 monumenta

651 2628 861 2689 antiqua
880 2663 892 2687 ,
919 2625 1063 2676 velut
1088 2623 1348 2687 Millingen
1371 2624 1519 2674 Uned.
1550 2625 1604 2673 Μ
1612 2663 1623 2673 .
1650 2624 1689 2673 1.

650 2701 1006 2762 47.(Ceterum
1029 2700 1096 2749 de
1121 2699 1305 2749 Paride
1334 2696 1551 2749 consule
1574 2711 1696 2748 om-

651 2776 774 2826 nino
793 2777 850 2824 Ο.
871 2774 1035 2824 Iahnii
1055 2775 1326 2837 egregium
1343 2770 1658 2836 opuseulum
1678 2787 1688 2821 :

647 2850 792 2899 Paris
819 2850 924 2898 und
953 2851 1162 2898 Oenone.
1212 2847 1512 2911 &eifswald
1544 2846 1688 2897 ⁴844.

650 2923 890 2973 Gerbard
945 2923 1149 2985 Vasenq.
1186 2922 1270 2972 111.
1302 2934 1354 2985 p.
1391 2922 1472 2971 56.
1517 2921 1690 2984 seqq.)

655 3024 709 3032 —
730 2997 962 3059 traheret]
1000 2997 1181 3059 utique
1206 2993 1402 3045 Helena
1428 2995 1544 3059 ipsa
1567 3009 1695 3044 con-

649 3071 927 3120 sentiente.
965 3070 1060 3119 Od.
1093 3069 1143 3129 4,
1170 3070 1219 3129 9,
1249 3069 1327 3117 ⁴3.
1367 3068 1471 3119 Cfr.
1499 3065 1688 3130 odyss.

648 3162 701 3210 y,
759 3146 873 3194 26⁴.
959 3145 1184 3207 Raptum
1238 3143 1414 3206 ipsum
1459 3142 1691 3192 Helenae

650 3219 918 3282 quadrigis
977 3232 1008 3267 a
1063 3217 1249 3267 Paride
1305 3219 1523 3267 avectae
1567 3217 1690 3267 vide

648 3294 792 3361 apud
836 3291 1148 3343 winckelm.
1195 3293 1416 3342 Monam.
1458 3293 1587 3342 ined.
1626 3294 1688 3342 N.

648 3372 761 3423 447.
843 3369 1075 3430 Bottiger
1115 3367 1182 3416 kl.
1236 3367 1482 3430 Schriften
1525 3369 1585 3417 11.
1635 3380 1687 3431 p.

649 3446 762 3496 ⁴9⁴.
805 3469 859 3478 —
896 3444 1166 3506 Frequens
1198 3456 1250 3491 v.
1288 3442 1486 3492 trahere
1518 3442 1585 3492 de
1620 3442 1694 3492 fe-

647 3519 803 3570 minis
859 3518 1023 3581 raptis
1073 3516 1328 3578 verbum,
1382 3520 1442 3566 ut
1485 3509 1687 3568 ἕλκειν.

647 3595 767 3643 Tac.
805 3595 939 3643 Anu.
975 3593 1023 3652 2,
1054 3592 1142 3641 ⁴3:
1173 3592 1380 3642 militem
1410 3597 1693 3643 tracturum

645 3668 892 3731 coniuges.
949 3693 1004 3702 -
1053 3665 1277 3728 navibus]
1328 3665 1507 3730 plures
1547 3669 1689 3717 enim

647 3740 896 3792 babebat.
980 3739 1124 3790 Iliad.
1177 3757 1237 3807 y,
1286 3739 1411 3791 443:
1482 3734 1579 3791 ὅτε
1622 3756 1690 3792 σε

647 3813 871 3900 πρῶτον
903 3813 1339 3880 Λακεδαίμονος
1377 3810 1440 3879 ἐξ
1472 3814 1690 3886 ἐρατει-

647 3907 752 3955 νης
783 3884 1033 3942 ’Ἑπλεον
1078 3885 1340 3962 ἁρπάξας
1384 3889 1445 3941 ἐν
1480 3905 1691 3941 ποντο-

649 3963 880 4035 πόροισι
914 3967 1156 4016 νέεσσιν.

713 4042 761 4088 2.
820 4040 1045 4102 Helenen]
1086 4039 1171 4089 «ln
1208 4039 1419 4100 lambis»,
1470 4040 1689 4091 Sermo·

648 4113 805 4164 nibus
852 4117 906 4163 et
933 4112 1175 4177 Epistolis
1220 4116 1412 4166 Latinis
1451 4115 1688 4166 declina-

647 4188 880 4240 tionibus
928 4186 1172 4238 libentius
1221 4190 1385 4239 utitur
1423 4191 1685 4248 HoratiuS,

649 4267 700 4314 in
733 4263 1066 4315 Carminibus
1090 4264 1352 4313 Graecis»
1411 4265 1590 4313 Bet-tri..
1621 4263 1686 4312 ad

1767 1800 1933 1864 Epod.
1987 1801 2067 1861 ⁴7,
2123 1801 2201 1850 ⁴7.
2273 1801 2386 1850 Hoc
2434 1799 2650 1863 quidem
2688 1798 2807 1849 loco

1769 1875 1936 1925 Codd.
1972 1876 2078 1925 mei
2112 1877 2368 1925 Graecam
2398 1874 2624 1925 formam
2658 1875 2809 1924 exhi·

1766 1948 1912 1998 bent.
1953 1976 2008 1986 —
2042 1949 2307 2014 hospitam]
2355 1950 2524 2009 Quam
2573 1947 2658 1999 vel
2705 1949 2808 1997 hoc

1767 2025 1981 2074 nomine
2016 2037 2360 2087 corrumpere
2385 2035 2677 2086 secumque
2708 2022 2810 2072 du-

1767 2112 1891 2147 cere
1927 2112 2032 2148 non
2064 2097 2354 2148 debuisset.
2412 2097 2591 2160 Eurip.
2617 2095 2804 2146 Troad.

1766 2172 1880 2222 865.
1950 2171 2219 2224 Menelaus
2269 2171 2337 2221 de
2370 2171 2587 2222 Paride:
2647 2165 2714 2233 ὃς
2747 2166 2810 2234 ἐξ

1766 2242 1921 2311 ἐμῶν
1953 2242 2161 2311 Δάμων
2194 2242 2458 2317 δάμαρτα
2484 2240 2807 2311 ξεναπάτης

1766 2316 2033 2390 ἐλῄσατο.
2104 2320 2199 2370 Od.
2250 2321 2300 2381 3,
2348 2321 2399 2382 3,
2444 2320 2537 2371 26:
2585 2321 2809 2383 famosus

1763 2396 1949 2458 hospes.
2019 2397 2256 2459 Propert.
2302 2395 2352 2455 2,
2390 2393 2471 2455 34,
2522 2395 2581 2443 7:
2627 2395 2812 2457 Hospes

1767 2471 1821 2521 in
1851 2470 2115 2532 hospitium
2158 2469 2384 2521 Menelao
2428 2469 2562 2520 venit
2593 2470 2805 2520 multer.

1831 2546 1881 2596 3.
1932 2545 2153 2609 Inqrato]
2205 2543 2429 2594 molesto
2474 2544 2601 2608 ipsis
2638 2545 2809 2595 ventis

1766 2631 1984 2683 semper
2015 2619 2278 2683 inquietiS,
2312 2631 2418 2668 non
2448 2617 2618 2668 Paridi
2648 2621 2808 2682 atque

1767 2693 2015 2744 Helenae.
2056 2720 2111 2729 -
2158 2693 2339 2757 obruit]
2377 2695 2484 2744 «De
2518 2694 2807 2758 improviso

1765 2771 1954 2819 ventos
1994 2768 2102 2819 otio
2148 2768 2444 2832 oppressit,
2497 2781 2591 2819 eos
2631 2769 2805 2832 sopiit,

1766 2843 2029 2902 coercuit,
2082 2844 2143 2891 ut
2191 2843 2352 2892 etiam
2389 2842 2532 2892 inviti
2573 2843 2717 2892 Paris
2756 2844 2810 2892 et

1766 2915 1964 2966 Helena
2019 2916 2289 2967 funestum
2346 2917 2451 2966 hoc
2503 2916 2809 2966 vaticinium

1766 2992 1997 3055 opperiri
2046 2993 2414 3054 cogerentur.»
2466 3017 2521 3027 —-
2568 2991 2806 3042 Eandem

1765 3067 2085 3128 potestatem
2132 3067 2322 3115 ventos
2368 3066 2422 3114 in
2466 3067 2639 3115 terrae
2685 3079 2810 3129 gre-

1764 3138 1933 3188 mium
1964 3137 2268 3189 includendi
2294 3141 2468 3189 Nereo
2501 3139 2681 3190 tribuit
2719 3139 2811 3188 Or-

1764 3213 1935 3277 pheus
1972 3214 2162 3276 Hymn.
2200 3213 2281 3274 23,
2318 3216 2377 3264 δε
2418 3208 2525 3277 ‘'05-
2557 3212 2809 3276 κλονέεις

1764 3284 1955 3352 Δηοῦς
1978 3283 2132 3357 ἱερὸν
2146 3284 2390 3358 βάθρον,
2415 3283 2589 3353 ἡνίκα
2604 3290 2809 3351 πνοίας

1759 3354 1861 3411 Ἔν
1892 3365 2127 3428 μυχὶοις
2147 3360 2478 3429 κευθμῶσιν
2505 3362 2810 3429 ἐλαυνομέ-

1765 3452 1868 3500 νας
1901 3431 2239 3500 ἀποκλείεις.

1831 3514 1879 3562 5.
1947 3514 2153 3578 Nereus]
2200 3514 2349 3564 Ponti
2395 3515 2449 3563 et
2493 3510 2711 3563 Telluris
2742 3512 2808 3561 ss-

1766 3586 1892 3648 lius,
1946 3588 2153 3638 Doridis
2184 3589 2402 3649 coniux,
2436 3590 2590 3652 pater
2621 3588 2808 3637 Nerei-

1766 3662 1911 3712 dum.
1971 3664 2183 3714 Hesiod.
2219 3664 2414 3724 Theog.
2451 3663 2575 3713 233:
2612 3663 2809 3733 Νηρέα

1763 3738 1811 3787 τ’
1856 3730 2120 3802 ἀψευδέα
2161 3739 2260 3788 καὶ
2303 3732 2528 3803 ἀληθέα
2574 3738 2804 3803 γείνατο

1763 3808 1988 3875 Πόντος
2007 3850 2022 3876 ,
2088 3808 2499 3883 Πρεσβύτατον
2565 3810 2804 3862 παίδων·

1764 3882 1948 3959 αὐτὰρ
1979 3887 2255 3939 καλέουσι
2287 3887 2546 3957 γέροντα,
2583 3879 2807 3937 Οὕνεκα

1763 3959 2048 4034 νημερτής
2080 3977 2142 4012 τε
2174 3962 2273 4012 καὶ
2306 3955 2497 4026 ἤπιος·
2536 3954 2671 4012 οὐδὲ
2703 3962 2806 4013 θε-

1760 4045 2009 4103 μιστέων
2059 4034 2312 4103 Λήθεται
2337 4074 2351 4097 ,
2408 4031 2557 4085 ἀλλὰ
2610 4034 2807 4087 δίκαια

1762 4115 1859 4163 καὶ
1894 4108 2038 4179 ἤπια
2069 4109 2246 4177 δήνεα
2279 4107 2448 4163 οἶδεν.
2522 4112 2643 4162 Eius
2677 4113 2807 4162 ima-

1761 4191 1909 4251 gines
1955 4189 2189 4252 reperies
2224 4189 2273 4239 in
2322 4187 2559 4238 Gerhard
2596 4188 2799 4250 Vasenq.

1761 4264 1797 4312 l.
1826 4265 1881 4313 T.
1912 4264 2058 4322 vm„
2090 4263 2180 4312 ubi
2216 4263 2411 4312 Tritoni
2447 4261 2682 4312 insidens
2716 4262 2807 4311 tri-
