3234 4975
666 377 789 443 420

1433 381 1689 431 HORATn
1724 381 2061 433 CARMINUM
2121 439 2125 442 ‚

1085 537 1218 604 Urit
1259 557 1362 602 me
1410 535 1726 627 Glycerae
1771 537 1938 603 nitor
2781 541 2820 603 5

1002 656 1409 746 Splendentis
1452 659 1641 725 Pario
1684 679 2003 724 marmore
2049 660 2302 745 purius3

1082 779 1219 847 Urit
1260 788 1440 867 grata
1480 778 1864 866 protervitas

999 901 1075 966 Et
1114 900 1326 966 voltus
1368 900 1635 966 nimium
1676 899 1962 967 lubricus
2005 899 2270 988 adspici.

1083 1061 1154 1125 In
1198 1081 1302 1127 me
1345 1068 1477 1126 tota
1519 1079 1717 1125 ruens
1759 1059 1974 1125 Venus

997 1182 1283 1270 Cyprum
1325 1179 1649 1256 deseruit,
1698 1199 1820 1246 nec
1864 1180 2101 1267 patitur
2143 1180 2415 1271 Scythas

659 1558 846 1618 amori,
887 1568 1050 1620 quem
1094 1556 1201 1607 iam
1234 1567 1522 1606 excussum
1554 1553 1703 1605 arbi-

658 1631 895 1683 trahar.»

722 1708 754 1757 δ
771 1707 865 1755 -7,
936 1702 1191 1767 Glycerae]
1240 1703 1443 1755 Eodem
1487 1703 1701 1753 nomine

658 1781 824 1830 utitur
846 1779 941 1830 Od.
971 1780 1017 1837 4,
1055 1778 1136 1837 30,
1163 1777 1211 1827 3.
1243 1777 1493 1840 idemque
1518 1776 1704 1826 tribuit

658 1853 846 1904 Tibulli
863 1854 1068 1904 amicae
1090 1852 1184 1904 Od.
1207 1853 1254 1911 4,
1280 1852 1361 1912 33,
1382 1853 1431 1902 2.
1457 1852 1700 1916 -Ρανίο]

659 1927 811 1979 Haud
844 1928 1152 1990 infrequens
1185 1927 1527 1990 comparatio.
1598 1928 1703 1976 Po-

658 2002 901 2066 sidippus
951 1998 1159 2052 Anthol.
1213 1998 1320 2051 Pal.
1375 2002 1413 2050 Ι.
1465 2013 1518 2065 p.
1575 1999 1696 2049 ⁴39:

651 2067 759 2126 Ἕκ
792 2071 989 2146 τριχὸς
1020 2070 1157 2145 α’χρι
1190 2069 1379 2125 ποδῶν
1411 2069 1567 2144 ἱερὸν
1597 2070 1704 2124 θώ-

656 2148 786 2213 λος,
848 2144 947 2200 οἷά
1010 2164 1071 2200 τε
1136 2145 1344 2216 Mydon
1409 2145 1695 2215 Γλυπτήν.

658 2224 807 2276 Ovid.
847 2224 982 2275 Fast.
1019 2223 1069 2284 4,
1108 2224 1228 2275 ⁴35:
1274 2224 1444 2275 Aurea
1471 2237 1702 2275 manno-

655 2312 744 2348 roo
774 2298 1070 2349 redimicula
1099 2299 1271 2349 solvite
1300 2299 1441 2349 collo.
1486 2296 1696 2349 Anthol.

657 2373 771 2424 Lat.
827 2374 1007 2423 Burm.
1066 2374 1116 2434 3,
1175 2374 1299 2424 474:
1370 2373 1633 2424 caballina
1671 2399 1700 2410 -

658 2449 886 2513 quamvis
915 2448 1047 2513 facie
1075 2447 1220 2498 micet
1237 2447 1432 2498 rubenti
1459 2449 1526 2500 Et
1541 2448 1703 2500 vibret

657 2526 865 2575 Parium
894 2525 1055 2573 niteris
1085 2523 1299 2573 colorem
1331 2525 1435 2574 cet.
1466 2551 1521 2560 —
1545 2529 1702 2589 grata

651 2597 975 2662 protervitas]
1046 2598 1267 2647 «iocosa
1332 2596 1619 2661 petulantia
1638 2617 1663 2643 a
1683 2636 1696 2659 ‚

659 2686 797 2736 quae
843 2674 1049 2722 tantum
1093 2670 1271 2732 abest,
1329 2675 1390 2721 ut
1430 2671 1695 2732 offendat,

657 2750 719 2797 ut
750 2746 945 2798 alliciat
976 2749 1286 2796 amatorem.
1342 2746 1436 2796 Est
1473 2750 1702 2798 Graeco-

657 2835 778 2872 rum
786 2820 1078 2908 λαμυρία
1136 2819 1479 2884 Asclepiades
1519 2822 1694 2885 Epigr.

786 2889 866 2946 ‘H
893 2890 1121 2966 λαμυρή
1153 2897 1215 2959 μ’
1254 2888 1469 2967 eremos
1501 2894 1699 2946 Φιλαί-

659 2896 802 3011 mov.

724 3037 773 3086 8.
812 3036 861 3085 9.
913 3035 1132 3086 lubricus
1163 3036 1368 3099 ads-pici]
1407 3031 1699 3107 σφαλερὸς

657 3110 994 3175 βλέπεσθαι.
1061 3109 1261 3160 Eadem
1307 3113 1506 3160 constr.
1553 3112 1693 3174 virg.

656 3191 786 3238 Aen.
816 3187 864 3248 6,
890 3185 980 3236 49:
1006 3186 1268 3246 maiorque
1284 3185 1460 3234 videri.
1495 3184 1697 3235 «Veluti

657 3264 710 3312 in
760 3262 846 3311 via
889 3259 1095 3310 lubrica
1129 3272 1227 3323 pes
1260 3258 1482 3321 labitur,
1530 3261 1599 3311 ita
1644 3261 1699 3310 in

659 3338 775 3388 eius
831 3334 975 3386 voltu
1018 3337 1238 3399 propter
1282 3335 1470 3385 nimias
1515 3333 1700 3386 illece-

657 3411 785 3461 bras
836 3409 975 3462 oculi
1025 3412 1136 3460 tuto
1186 3409 1273 3471 figi
1318 3409 1404 3458 vix
1442 3412 1694 3473 possunt3

657 3485 758 3537 sed
791 3486 843 3536 in
889 3498 954 3535 eo
999 3482 1307 3548 aspiciendo
1340 3486 1562 3547 propter
1594 3484 1697 3534 hoc

655 3561 836 3625 ipsum
885 3558 1184 3624 periculum
1227 3561 1335 3620 est,
1389 3571 1457 3608 ne
1500 3559 1698 3608 amoris

656 3636 774 3698 igne
818 3635 1071 3699 flagres»
1142 3636 1243 3684 Pro
1288 3628 1466 3704 ὑγρῷ,
1518 3632 1694 3695 molli,

654 3707 855 3760 lascivo
877 3747 889 3769 ,
948 3707 1136 3758 haberi
1194 3709 1381 3770 nequit
1435 3704 1520 3757 vel
1569 3719 1700 3770 pro-

655 3787 776 3849 pter
808 3784 1046 3835 additum
1082 3797 1132 3834 V.
1170 3784 1387 3845 admisi,
1433 3781 1579 3845 quod
1603 3781 1702 3832 mi-

658 3860 802 3908 nime
855 3859 1083 3909 otiosum
1135 3862 1235 3908 est
1288 3884 1344 3894 -
1395 3857 1561 3921 ruens]
1598 3858 1701 3907 Eu-

653 3932 755 3995 rip.
795 3930 1020 4019 Hippol.
1038 3931 1159 3984 443.
1164 3929 1433 4055 ΗΚύπρις
1473 3926 1585 4001 γὰρ
1626 3923 1696 3983 οὗ

653 4002 941 4078 φορητόν,
976 3999 1054 4071 ἦν
1086 4004 1229 4056 πολλ
1235 4002 1269 4071 ἡ
1303 4001 1431 4077 ῥυῇ.

722 4083 845 4132 40-
853 4082 931 4132 42.
952 4080 1170 4131 Alcman
1184 4082 1265 4131 Fr.
1280 4082 1359 4132 40.
1372 4082 1569 4145 Bergk:
1589 4078 1702 4133 Κύ-

656 4170 812 4242 προν
831 4151 1073 4245 ἱμερτὰν
1104 4153 1343 4206 λιποῖσα
1365 4157 1463 4206 καὶ
1484 4152 1699 4219 Πάφον

657 4226 1008 4303 περιρῤύταν.
1062 4259 1114 4268 -
1166 4233 1399 4282 «Amore
1439 4231 1696 4296 abreptus

2738 1183 2819 1248 40

1777 1556 1833 1604 et
1880 1555 2103 1605 Veneris
2151 1554 2314 1605 veluti
2362 1555 2565 1620 praeda
2607 1570 2818 1621 nequeo

1777 1629 2014 1678 carmine
2061 1627 2243 1680 dicere
2286 1630 2514 1693 Scythas
2556 1631 2820 1681 incursio-

1776 1715 1874 1752 nes
1925 1715 2146 1766 semper
2199 1703 2251 1752 in
2305 1716 2404 1753 nos
2455 1704 2710 1756 facientes
2764 1709 2820 1757 et

1776 1788 1997 1839 semper
2027 1775 2301 1840 repulsos,
2349 1790 2450 1827 nec
2496 1778 2717 1829 Parthos
2752 1792 2820 1829 eo

1773 1850 1892 1913 ipso
1937 1851 2233 1909 animosos,
2279 1851 2426 1913 quod
2467 1850 2653 1903 callida
2695 1852 2817 1916 fuga

1774 1924 1987 1975 hostem
2021 1923 2241 1974 eludunt
2267 1924 2551 1988 denuoque
2573 1927 2819 1989 aggredi-

1774 1999 2003 2056 untur»;
2040 2001 2153 2048 tum
2177 1993 2333 2068 παρὰ
2355 1997 2710 2069 προσδοκίαν
2730 2014 2819 2050 nec

1775 2086 1904 2135 quae
1921 2072 2046 2121 nihil
2064 2073 2275 2123 attinent
2294 2071 2364 2122 ad
2386 2086 2474 2124 me
2497 2088 2819 2139 amoresque

1773 2160 1954 2207 meos,
2001 2147 2155 2210 quasi
2201 2150 2383 2197 cetera
2424 2150 2600 2199 omnia
2634 2163 2817 2201 merae

1774 2222 1882 2271 sint
1895 2234 2083 2283 nugae.
2109 2248 2164 2257 —
2184 2222 2409 2286 Senum-5]
2430 2224 2579 2274 «lstri
2602 2223 2817 2275 accolae

1774 2308 1805 2344 a
1826 2295 1997 2358 poetis
2022 2296 2077 2345 et
2095 2296 2356 2358 imprimis
2380 2295 2448 2345 ab
2468 2298 2682 2348 Horatio
2703 2300 2818 2348 tum

1774 2370 2006 2419 maxime
2041 2374 2551 2432 commemorantur,
2589 2385 2713 2423 cum
2748 2372 2817 2421 de

1774 2444 2099 2508 gravissimis
2144 2447 2200 2494 et
2237 2444 2677 2508 pertinacissimis
2711 2448 2817 2497 Ro-

1773 2533 2057 2571 manorum
2098 2518 2344 2570 hostibus
2386 2518 2679 2574 dicendum
2711 2525 2814 2582 est,

1774 2595 1843 2644 ita
1879 2595 1940 2644 ut
1978 2595 2327 2658 Scytharum,
2373 2597 2813 2659 Massagetarum,

1774 2668 2114 2729 Gelonorum,
2152 2669 2418 2720 Thracum
2439 2672 2815 2734 Dacorumque

1773 2745 1989 2793 nomina
2042 2745 2245 2807 pariter
2298 2746 2459 2807 atque
2514 2745 2812 2806 Medorum,

1772 2821 2057 2869 Persarum
2093 2819 2516 2883 Parthorumque
2550 2820 2693 2884 apud
2715 2821 2818 2870 Ho-

1771 2894 1968 2943 ratium
2009 2907 2137 2944 vere
2179 2889 2379 2946 θετικὰ
2440 2893 2629 2944 haberi
2679 2908 2817 2958 que-

1773 2970 1880 3018 ant.
1948 2969 2024 3017 Ita
2070 2969 2124 3017 in
2165 2968 2269 3018 hoc
2316 2970 2553 3019 carmine
2600 2982 2705 3019 non
2744 2968 2815 3018 ob

1772 3042 2037 3105 singulare
2081 3041 2297 3105 aliquod
2348 3042 2549 3093 sactum
2589 3044 2818 3106 Scytha-

1771 3129 1893 3165 rum
1942 3116 2080 3166 facta
2124 3117 2323 3166 mentio
2362 3120 2478 3175 est,
2531 3115 2629 3167 sed
2670 3117 2815 3180 quod

1773 3190 1886 3240 noti
1918 3192 1973 3238 et
2017 3191 2101 3239 sat
2143 3188 2314 3240 odiosi
2356 3189 2540 3241 hostes
2579 3193 2813 3241 essent.»

1775 3265 1990 3313 Funus.
2028 3264 2106 3313 De
2142 3265 2352 3327 Scythis
2388 3268 2603 3329 copiose
2637 3268 2692 3315 et
2725 3278 2816 3315 sa-

1773 3338 1975 3402 gaciter
2023 3338 2270 3389 disseruit
2304 3341 2349 3389 J.
2389 3341 2591 3391 Grimm
2643 3341 2810 3390 Gesch.

1774 3415 1862 3462 der
1895 3414 1942 3462 α.
1980 3414 2097 3476 Spr.
2134 3416 2172 3464 l.
2210 3428 2263 3478 p.
2301 3416 2398 3465 248
2422 3428 2542 3479 sqq.
2572 3443 2628 3451 —
2659 3416 2817 3465 vorsis

1771 3487 1978 3551 -equisJ
2011 3488 2152 3551 Virg.
2191 3491 2380 3553 Georg.
2417 3489 2466 3552 3,
2504 3489 2594 3539 34;
2632 3490 2815 3539 Fiden-

1772 3567 1965 3624 temque
2003 3563 2131 3627 fuya
2174 3564 2413 3614 Parmwn
2454 3565 2706 3627 versisque
2734 3578 2816 3613 sa-

1771 3636 1923 3700 amis.
1998 3637 2157 3686 Vereis
2193 3639 2331 3699 equis
2363 3639 2576 3688 omnino
2611 3637 2815 3700 signifi-

1774 3714 1863 3763 cat
1906 3711 2014 3761 «ab
2061 3712 2215 3762 hoste
2260 3714 2503 3763 aversis»
2549 3711 2712 3775 (ovid.
2749 3714 2810 3761 A.

1772 3789 1833 3837 A.
1870 3786 1931 3847 3,
1988 3786 2111 3837 786;
2175 3787 2235 3837 Ut
2274 3787 2402 3836 color
2447 3787 2635 3836 aversis
2675 3791 2816 3836 utero

1770 3862 1984 3912 Parthus
2032 3860 2237 3924 εᾲιιᾶεη)
2290 3873 2397 3911 non
2451 3860 2549 3911 «ad
2601 3862 2814 3912 hostem

1774 3938 2099 3988 conversis.»
2158 3963 2213 3972 -
2262 3949 2393 3997 quae
2430 3937 2555 3986 nihil
2585 3936 2812 4000 αιεὶιιοπι]

1774 4011 1861 4061 Sic
1902 4009 2144 4060 absolute
2186 4010 2347 4060 etiam
2397 4010 2511 4061 Ser.
2565 4010 2637 4061 ad
2685 4011 2809 4061 Her.

1776 4086 1831 4146 4,
1859 4085 1915 4145 4,
1943 4086 1997 4135 4;
2038 4097 2100 4134 ea
2127 4083 2516 4147 conquirier-mit,
2541 4097 2673 4148 quae
2691 4084 2816 4134 mitit

1772 4158 2061 4209 attinebant

1839 4234 1917 4282 43.
1954 4234 2156 4282 vivum·
2167 4232 2447 4296 caospttomJ
2470 4233 2737 4282 virentem
2759 4233 2813 4280 et
