3234 4975
680 409 802 473 722

1485 412 1743 463 HORATn
1779 412 2037 464 EPODON

850 567 1040 672 Durn-
1062 567 1282 654 pecori
1327 566 1517 654 lupus
1561 577 1627 633 et
1668 568 1878 634 nautis
1928 568 2193 635 infestus
2239 570 2443 637 Orion

932 686 1246 754 Turbaret
1289 686 1630 754 hibernum
1676 709 1894 766 mare,

846 809 1275 895 intonsosque
1321 809 1589 895 agitaret
1633 808 1943 897 Apollinis
1987 831 2145 876 aura
2190 811 2489 899 capillOS,

928 932 1093 996 Fore
1137 928 1308 996 hunc
1352 950 1642 996 amorem
1686 941 1996 996 mutuum.

2774 934 2854 999 40

844 1051 902 1118 Ο
948 1049 1224 1116 dolitura
1266 1070 1413 1117 mea
1456 1049 1728 1116 multum
1771 1051 2003 1117 virtute
2047 1054 2324 1119 Neaera!

928 1174 1086 1237 Nam
1130 1171 1185 1237 si
1230 1171 1387 1259 quid
1433 1172 1496 1236 in
1541 1170 1772 1238 Flacco
1816 1173 1935 1237 viri
1981 1183 2119 1248 est,

841 1295 980 1358 Non
1024 1291 1186 1358 feret
1225 1292 1523 1358 assiduas
1567 1292 1801 1379 potiori
1846 1303 1911 1359 te
1956 1293 2114 1361 dare
2160 1305 2384 1363 noctes
2405 1348 2420 1372 ,

928 1413 1004 1478 Et
1046 1422 1317 1500 quaeret
1360 1414 1560 1478 iratus
1604 1433 1867 1500 parem,

840 1536 974 1600 Nec
1018 1532 1217 1600 semel
1263 1532 1549 1600 offensae
1594 1533 1784 1600 cedet
1829 1537 2187 1602 constantia
2229 1536 2505 1612 formae,

2764 1541 2845 1606 2¹5

803 1687 852 1736 8.
896 1684 1134 1734 mbaret
1165 1682 1381 1743 BbSTc,
1420 1685 1561 1734 LCt:
1610 1685 1843 1736 Tur-barii
1877 1699 1907 1735 e
1930 1701 1999 1747 χ,
2034 1686 2201 1738 altero
2243 1689 2372 1740 Cod.
2411 1691 2605 1741 Barthii
2639 1692 2774 1742 Λᾶν.

737 1759 828 1818 37,
866 1759 945 1808 45.
985 1758 1234 1820 (Pottierii
1269 1757 1328 1816 4,
1367 1757 1420 1816 9,
1460 1759 1558 1820 45.)
1597 1761 1653 1808 et
1684 1759 1779 1809 Ed.
1818 1761 2040 1811 Locheri
2074 1762 2376 1824 Bentleius,
2418 1765 2518 1815 ΡΜ.
2558 1766 2635 1829 (Ut
2658 1780 2776 1826 nos,

732 1833 798 1893 J.)
837 1857 892 1868 —
932 1832 980 1882 9.
1019 1833 1237 1895 agitaret
1268 1831 1441 1893 BbSc,
1479 1833 1615 1882 LCt:
1664 1834 1878 1896 aquaria
1909 1836 1974 1895 T,
2030 1850 2060 1885 e
2097 1837 2265 1888 Codd.
2304 1838 2466 1888 modo
2500 1851 2774 1890 memora-

735 1907 802 1956 tis
825 1905 1121 1965 Bentleius,
1148 1907 1252 1956 PM.
1284 1933 1339 1942 —
1379 1907 1459 1955 42.
1495 1907 1687 1956 uir-ium
1710 1909 1853 1958 ostT.
1888 1936 1941 1944 —
1980 1909 2059 1960 44.
2088 1912 2288 1972 quaerit
2309 1913 2367 1961 B.
2402 1939 2451 1949 —
2496 1914 2575 1963 ⁴5.
2603 1915 2777 1976 offensi

735 1978 900 2029 Bentl.
936 1981 991 2029 et
1024 1982 1147 2028 ante
1184 1992 1311 2029 eum
1333 1980 1622 2042 Gogavius,
1658 1981 1825 2032 iratae
1855 1995 1886 2032 e
1917 1982 2077 2045 gloss,
2107 1985 2237 2035 Cod.
2272 1986 2501 2036 Pottierii
2533 1990 2772 2050 quartus,

668 2116 846 2165 addita
875 2116 1006 2165 vitis.
1050 2142 1104 2153 -
1137 2116 1310 2177 pecori
1355 2116 1518 2180 lupus]
1555 2116 1723 2167 «infe-
1796 2123 1883 2160 me
1905 2124 2127 2175 prorsus
2149 2116 2483 2166 renuntiasse
2504 2118 2595 2166 tuo
2617 2118 2840 2167 amori.»

671 2191 787 2241 stus
810 2189 996 2239 foret.»
1029 2188 1297 2240 similibus
1320 2192 1723 2241 asseverationi·
1796 2183 1980 2235 Catuli.
2019 2187 2078 2248 8,
2134 2186 2222 2239 ⁴4:
2278 2190 2342 2239 At
2389 2194 2446 2238 tu
2477 2189 2689 2250 dolebis,
2724 2205 2845 2242 cum

669 2263 775 2314 bus
794 2264 956 2313 utitur
980 2265 1120 2326 virg.
1143 2261 1252 2313 Ecl.
1280 2266 1311 2313 5
1329 2302 1340 2324 ,
1363 2264 1426 2313 76
1445 2278 1564 2328 sqq.
1586 2265 1718 2315 Aen.

671 2339 729 2400 4,
753 2337 848 2387 607
872 2351 993 2401 sqq.
1027 2364 1082 2373 —-
1130 2337 1371 2387 Turbaret
1407 2340 1462 2388 et
1500 2341 1721 2402 agitaret

667 2412 959 2474 requiritur
982 2424 1012 2460 a
1034 2425 1120 2462 vv.
1141 2412 1261 2461 Noa:
1281 2417 1393 2462 orat
1415 2415 1469 2461 et
1489 2413 1716 2474 iurabas,

666 2489 827 2551 atque
875 2487 1118 2549 cogitatio
1164 2486 1447 2551 utrobique
1494 2490 1719 2538 vertitur

667 2562 719 2611 in
759 2563 1001 2624 tempore
1055 2560 1384 2624 imperfecto.
1455 2562 1552 2621 Qui
1603 2568 1718 2612 tur-

664 2635 800 2684 barit
819 2662 848 2671 -
871 2634 1114 2698 witarit,
1175 2635 1539 2685 coniunctivos
1588 2649 1718 2700 per-

668 2709 790 2759 fecti
823 2722 923 2773 pro
946 2709 1294 2759 coniunctivis
1330 2707 1486 2758 futuri
1522 2711 1712 2772 exacti,

666 2783 991 2847 praeferunt,
1018 2785 1175 2834 unice
1199 2784 1489 2847 respiciunt
1509 2797 1558 2833 v.
1584 2786 1710 2847 sore.

671 2885 727 2894 -
754 2858 925 2923 Orion]
952 2857 1047 2907 od.
1078 2858 1133 2917 4,
1158 2857 1248 2918 28,
1285 2857 1369 2907 24.
1407 2857 1464 2918 3,
1501 2858 1587 2918 27,
1631 2859 1710 2909 48.

666 2931 832 2995 Epod.
874 2932 964 2992 40,
1002 2932 1082 2981 40.
1126 2957 1181 2966 -
1230 2931 1476 2996 Intonsos]
1513 2931 1608 2981 Od.
1654 2934 1709 2993 4,

666 3006 757 3066 24,
796 3007 845 3056 2.
888 3033 942 3041 -
980 3005 1216 3068 agitaret]
1253 3006 1435 3068 Cogita
1469 3006 1537 3056 de
1560 3006 1717 3071 Apol-

663 3076 782 3129 linis
816 3077 1015 3142 capillis
1050 3078 1218 3141 longis
1252 3080 1307 3128 et
1337 3080 1536 3142 passis,
1585 3094 1713 3131 sua-

663 3153 801 3203 viter
850 3152 918 3202 ab
969 3164 1098 3201 aura
1148 3154 1308 3202 motis
1358 3153 1710 3217 (durchwallt,

661 3226 1056 3289 durchfachelc),
1111 3228 1171 3276 ut
1219 3228 1302 3276 est
1349 3227 1402 3277 in
1448 3228 1712 3280 nonnullis

661 3300 881 3365 picturis
923 3299 1169 3364 antiquis,
1211 3326 1266 3336 —-
1303 3300 1418 3351 Nou
1452 3301 1566 3351 sine
1596 3305 1711 3353 arte

661 3373 982 3438 imaginibus
1016 3387 1082 3423 ex
1115 3386 1300 3424 rerum
1340 3375 1527 3424 natura
1573 3376 1714 3439 peti-

663 3450 727 3499 tis
762 3450 976 3498 tertiam
1007 3447 1244 3511 adiungit
1275 3448 1706 3512 mythologicam.

661 3524 897 3574 Cunctae
947 3524 1131 3573 autem
1181 3521 1461 3574 manifesto
1508 3523 1711 3586 signifi-

661 3599 812 3647 cant:
880 3596 1127 3646 «iurabas
1179 3598 1231 3646 te
1281 3597 1335 3646 in
1384 3599 1710 3661 perpetuum

661 3670 791 3720 mihi
809 3670 921 3720 sore
940 3668 1207 3720 fidelemv»
1226 3670 1539 3733 neutiquam
1558 3683 1707 3731 vero,

661 3746 720 3794 ut
767 3744 985 3808 quidam
1035 3744 1280 3808 opinatus
1331 3746 1439 3805 est,
1500 3744 1710 3794 duabus

658 3818 926 3881 prioribus
947 3819 1050 3868 hoc
1074 3817 1347 3868 dumtaxat
1369 3818 1500 3868 dici:
1542 3819 1712 3867 «iura-

661 3891 758 3941 bas
793 3894 845 3941 te
880 3893 932 3940 in
965 3893 1287 3956 perpetuum
1321 3894 1432 3942 tam
1461 3904 1710 3943 aversam

661 3967 773 4016 fore
813 3965 1064 4017 rivalibus
1115 3967 1277 4026 meis,
1337 3978 1500 4030 quam
1551 3966 1709 4031 lupus

656 4039 996 4090 insidiaretur
1028 4041 1237 4104 pecori,
1275 4043 1330 4091 et
1352 4042 1510 4091 Orion
1535 4043 1708 4092 nautis

651 4114 877 4163 infestus
907 4116 1107 4172 essem
1146 4116 1298 4165 tertia
1328 4115 1550 4165 demum
1575 4119 1709 4180 poe-

655 4192 741 4239 tae
777 4187 942 4238 fidem
974 4186 1043 4236 ab
1079 4189 1251 4240 amica
1286 4189 1558 4254 sponderi.

723 4262 900 4313 44-44.
963 4261 1003 4310 Ο
1038 4262 1281 4327 dolitum-a]
1321 4263 1454 4316 «Ubi
1498 4263 1706 4315 videbis

1792 2258 2051 2322 rogaberis
2081 2262 2250 2321 nuda,
2286 2263 2529 2325 Scelesta,
2579 2269 2738 2314 nocte.
2782 2292 2837 2301 —

1792 2345 1907 2382 mea
1929 2334 2125 2398 virtues]
2163 2337 2246 2386 est
2264 2336 2596 2401 simpliciter,
2636 2351 2845 2402 «quau-

1792 2409 1906 2456 tum
1930 2407 1982 2457 in
2006 2420 2094 2458 me
2118 2411 2250 2459 est.»
2286 2411 2371 2460 Sic
2383 2409 2547 2461 Plaut.
2570 2413 2765 2463 Bacch.
2788 2411 2839 2473 4,

1791 2479 1849 2542 4,
1874 2481 1967 2532 23:
2005 2484 2422 2536 occasio--Moa
2447 2486 2631 2537 virtute
2655 2493 2836 2550 parta.

1790 2554 1893 2605 Mil.
1921 2555 2058 2606 Glor.
2097 2557 2154 2619 3,
2194 2560 2251 2618 4,
2290 2558 2411 2610 ⁴42:
2447 2565 2539 2610 tua
2569 2566 2617 2611 to
2649 2563 2843 2612 avir-

1788 2633 1890 2678 tueo
1937 2635 1985 2679 ot
2030 2644 2147 2682 mea
2189 2634 2337 2683 Meae
2384 2634 2517 2684 domi
2566 2636 2833 2697 accipiam

1792 2705 2045 2766 «Omnes,
2088 2706 2282 2769 inquit,
2327 2708 2472 2759 vires
2506 2721 2657 2760 meas
2690 2711 2745 2760 in
2784 2710 2839 2761 id

1788 2776 2088 2841 intendam,
2127 2783 2186 2831 ut
2221 2782 2475 2845 perfidiae
2512 2785 2635 2834 tuae
2671 2785 2723 2833 te
2746 2797 2841 2835 ve·

1786 2852 2068 2903 hementer
2116 2855 2438 2917 poeniteat.»
2489 2885 2544 2895 —
2611 2859 2834 2923 Neaera]

1786 2926 1991 2978 Eodem
2032 2930 2270 2979 Neaerae
2316 2931 2529 2982 nomine
2575 2944 2708 2982 usus
2750 2936 2836 2984 est

1786 3013 1911 3051 cum
1945 3002 2192 3053 Horatius
2227 3003 2321 3053 Od.
2347 3004 2405 3064 3,
2444 3005 2535 3066 ⁴4,
2574 3006 2678 3067 24.,
2716 3010 2834 3059 tum

1786 3074 2213 3128 Pseudotibullus
2233 3076 2384 3142 (libro
2396 3079 2519 3142 ut).
2541 3104 2600 3115 -
2624 3081 2761 3131 Nam
2775 3083 2836 3144 si]

1788 3151 1951 3200 «Nam
1986 3151 2031 3201 si
2062 3165 2122 3201 re
2146 3165 2273 3202 vera
2308 3153 2360 3202 in
2394 3166 2482 3203 me
2507 3152 2706 3217 aliquid
2726 3157 2836 3205 vir-

1786 3224 1911 3275 tutis
1945 3226 2000 3275 et
2032 3226 2360 3277 constantiae
2390 3228 2498 3287 est,
2536 3240 2642 3278 non
2666 3228 2835 3280 feram

1786 3300 1838 3347 te
1884 3311 2102 3363 semper
2144 3301 2425 3363 gratificari
2476 3300 2625 3351 rivali
2676 3315 2832 3366 meo,

1786 3372 1875 3433 qui
1921 3373 2062 3436 apud
2106 3375 2158 3423 te
2199 3375 2370 3435 potior
2408 3376 2492 3426 est
2536 3376 2649 3439 (Od.
2677 3376 2736 3437 3,
2773 3377 2832 3437 9,

1785 3446 1883 3508 2.),
1936 3447 2035 3497 sed
2086 3461 2344 3511 quaeram
2395 3448 2553 3500 aliam
2600 3449 2835 3514 puellam

1784 3520 1914 3570 mihi
1939 3534 2147 3583 parom,
2175 3523 2511 3583 unanimam,
2537 3523 2703 3575 fidam
2723 3538 2837 3575 me-

1784 3592 1992 3657 liusque
2027 3597 2197 3646 amori
2232 3609 2354 3648 meo
2397 3610 2831 3661 responsuram.»

1789 3695 1842 3705 --
1896 3670 2014 3735 viri]
2064 3672 2181 3721 Ter.
2219 3672 2354 3722 Eun.
2393 3673 2451 3734 4,
2496 3673 2555 3734 2,
2606 3672 2696 3725 74:
2754 3674 2835 3723 Eu

1782 3748 1972 3805 noster,
2011 3744 2189 3806 laud0,
2214 3747 2416 3796 tandem
2431 3747 2715 3809 perdoluit:
2747 3748 2833 3797 vir

1784 3830 1850 3867 es.
1883 3845 1936 3853 —
1957 3819 2155 3883 parom]
2200 3821 2393 3871 eadem
2427 3821 2828 3884 significatione,

1784 3905 1893 3956 qua
1931 3896 2256 3957 Properti,
2306 3898 2359 3958 4,
2404 3895 2495 3947 32;
2547 3897 2833 3947 Sitisvtin

1782 3971 1887 4017 tuto
1936 3980 2128 4030 sempor
2182 3981 2356 4019 amors
2402 3982 2584 4032 pares,
2650 3970 2829 4021 «bene

1784 4043 2120 4101 consociati»,
2158 4054 2224 4092 ac
2255 4055 2441 4095 rursus
2478 4045 2534 4105 4,
2571 4046 2633 4105 5,
2670 4046 2719 4094 2.

1849 4191 1928 4240 45.
1969 4192 2049 4241 46.
2103 4191 2234 4256 Noc]
2273 4192 2424 4241 «Nec
2457 4192 2503 4241 si
2546 4190 2830 4254 aliquando

1781 4266 1932 4315 certo
1965 4277 2030 4315 ac
2064 4278 2194 4315 vero
2228 4265 2409 4316 dolore
2453 4265 2678 4316 affectus
2713 4277 2825 4321 ero,
