3234 4975
1344 1110 1401 1175 Ο
1446 1109 1602 1196 quid
1649 1109 1834 1196 agis?
1898 1110 2169 1177 Fortiter
2219 1131 2466 1198 occupa

656 373 738 435 88
1411 374 1665 423 nonam
1701 373 2034 446 CARMlNUM

1356 802 1827 880 cm*
1878 820 2105 880 ιιι-ν.

987 989 1044 1053 Ο
1091 987 1293 1064 navis,
1341 988 1619 1054 referent
1661 988 1724 1052 in
1767 1008 1945 1054 mare
1991 1000 2051 1055 te
2095 990 2240 1055 novi

989 1108 1269 1174 Fluctus!

781 1309 908 1359 XIV.

979 1309 1142 1358 Inscr.
1178 1307 1315 1371 volg.
1374 1308 1450 1357 Ad
1469 1320 1576 1356 rem
1592 1307 1860 1369 publicam.
1892 1335 1945 1344 —
1965 1309 2151 1358 Contra
2171 1322 2365 1359 navem.
2423 1310 2734 1372 Alleqovicos.

717 1388 766 1435 S.
806 1384 920 1433 Om.
957 1384 1012 1432 T.
1053 1381 1174 1445 (Cfr.
1212 1384 1392 1432 tamen
1429 1382 1759 1444 Excursum.)
1800 1410 1854 1417 —
1901 1383 1947 1431 4.
1984 1383 2208 1445 refer-«mc
2240 1397 2365 1433 cum
2400 1383 2566 1434 Codd.
2610 1383 2730 1446 aliq.

717 1457 1120 1509 Gesner-Bothe.
1165 1484 1217 1492 —
1255 1458 1303 1506 2.
1340 1455 1573 1506 Fluctus?
1605 1470 1636 1505 ο
1668 1455 1764 1513 bT.
1801 1469 1925 1506 cum
1958 1458 2158 1507 Veneta
2196 1456 2339 1508 ⁴478.
2376 1456 2566 1517 Bentl.,
2604 1459 2656 1507 F.

713 1637 843 1686 XIV.
897 1633 1185 1697 Allegorica
1229 1636 1311 1684 est
1363 1633 1689 1696 comparatio

650 1711 726 1760 rei
761 1707 1006 1773 publicae
1046 1708 1305 1758 intestinis
1349 1705 1517 1757 turbis
1562 1720 1690 1756 exa-

650 1786 838 1847 gitatae
872 1797 998 1834 cum
1032 1796 1165 1834 nave
1199 1783 1250 1833 in
1280 1783 1511 1846 procella
1545 1785 1691 1849 peri-

649 1858 877 1909 clitante.
947 1858 1196 1921 Agnoscit
1240 1855 1544 1921 allegoriam
1582 1860 1690 1908 iam

652 1933 994 1993 Quintilianus
1022 1934 1072 1991 8,
1099 1933 1147 1992 6,
1174 1931 1255 1983 44.
1295 1946 1359 1982 ex
1392 1937 1594 1992 vetere,
1633 1935 1692 1983 ut

650 2008 866 2071 opinor,
905 2007 1043 2056 fama
1073 2006 1142 2056 ad
1181 2020 1306 2057 eum
1344 2021 1515 2072 usque
1562 2022 1691 2073 pro-

648 2084 861 2145 pagata:
915 2073 1268 2150 Ἄλληγορία,
1322 2097 1474 2144 quam
1520 2084 1692 2133 inver-

648 2157 834 2206 sionem
862 2157 1282 2219 interpretamur,
1333 2159 1473 2207 aliud
1507 2158 1687 2220 verbis,

649 2232 791 2281 aliu-d
835 2243 980 2279 sensu
1009 2232 1246 2295 ostendit,
1296 2233 1447 2282 etiam
1491 2234 1691 2283 interim

648 2307 976 2356 contrarium.
1043 2306 1213 2365 Prius,
1263 2311 1320 2355 ut
1357 2308 1397 2356 Ο
1431 2309 1577 2357 navis
1599 2334 1630 2343 -
1660 2335 1689 2344 -

649 2383 866 2431 Portum
900 2384 1123 2441 totusque
1166 2381 1248 2430 illc
1292 2381 1489 2431 Horatii
1534 2383 1688 2444 locu-3,

650 2470 748 2519 quo
777 2468 957 2505 navem
981 2468 1077 2517 pro
1107 2468 1165 2505 ro
1188 2455 1415 2517 publica,
1447 2459 1691 2521 fluctuum

647 2537 952 2595 tempestates
974 2545 1072 2593 pro
1104 2529 1238 2580 bellis
1267 2532 1519 2594 civilibus,
1560 2547 1693 2594 por-

648 2613 754 2658 tum
779 2621 878 2668 pro
901 2620 1032 2668 paco
1061 2611 1212 2668 atquo
1240 2609 1507 2657 concordia
1553 2609 1686 2658 dicit.

648 2683 802 2742 «Qua
832 2682 882 2732 in
918 2694 976 2730 re
1008 2681 1061 2730 id
1101 2681 1329 2731 maxime
1370 2682 1685 2743 cavendum,

647 2770 714 2807 ne
751 2754 979 2818 singulas
1003 2756 1243 2817 imaginis
1267 2758 1445 2818 partes
1480 2757 1688 2808 curiose

644 2832 899 2881 rimantes
949 2828 1342 2880 similitudinem
1389 2831 1543 2881 nimis
1596 2845 1690 2880 ur-

644 2918 882 2968 geamus»,
919 2908 978 2954 ut
999 2905 1086 2953 hic
1115 2906 1168 2954 in
1203 2904 1418 2968 singulis
1463 2905 1533 2954 ad
1572 2919 1689 2954 rem

643 2980 987 3041 significatam
1018 2978 1309 3030 referendis
1337 2980 1558 3030 mirifice
1595 2992 1692 3028 nu-

645 3056 834 3117 gantur
866 3055 1076 3102 veteres
1105 3053 1421 3117 interpretes
1444 3092 1455 3112 ,
1495 3055 1546 3103 in
1576 3054 1690 3116 pri—

647 3128 748 3178 mis
783 3127 1038 3178 Antonius
1070 3126 1411 3178 Mancinellus
1448 3129 1511 3190 (a.
1542 3127 1684 3190 ⁴492)

645 3217 696 3252 ν.
731 3216 812 3252 c.:
857 3203 1003 3251 celavi
1049 3202 1233 3264 Africo]
1282 3201 1337 3251 id
1388 3203 1486 3262 est,
1525 3215 1686 3252 saevo

645 3276 865 3342 proelio.
933 3277 1201 3340 Antennae]
1238 3277 1294 3326 id
1333 3278 1431 3338 est,
1481 3278 1688 3326 exerci-

647 3356 748 3402 tus.
818 3352 922 3400 sine
949 3351 1165 3415 funibus]
1214 3351 1266 3401 id
1313 3355 1410 3412 est,
1448 3352 1560 3401 sine
1597 3365 1688 3400 re-

647 3429 794 3476 ctore
825 3429 879 3476 et
906 3424 1174 3476 militibus.
1243 3425 1466 3489 carinae]
1497 3425 1551 3475 id
1585 3428 1684 3486 est,

645 3504 788 3553 acies
817 3504 871 3551 et
904 3505 1162 3551 turmae.»
1230 3499 1406 3549 Verba
1434 3503 1557 3551 sunt
1597 3514 1689 3550 re-

646 3576 866 3626 verendi
937 3576 1170 3638 magistri
1223 3575 1328 3624 mei
1398 3575 1689 3638 Hottingeri

646 3654 870 3716 Opuscc.
910 3651 1033 3714 phil.
1077 3665 1130 3714 p.
1180 3651 1293 3700 ¹265.
1363 3648 1533 3700 Nolim
1585 3663 1686 3713 ego

647 3740 713 3776 ne
749 3728 1003 3776 Ponticam
1035 3726 1252 3789 quidem
1273 3726 1453 3787 pinum
1485 3725 1685 3775 referre

645 3800 715 3849 ad
750 3802 844 3850 Cn.
877 3802 1190 3865 Pompeium
1224 3800 1290 3850 Μ.
1317 3838 1329 3860 ,
1373 3800 1569 3849 Pontici
1605 3813 1690 3849 re-

646 3875 731 3938 gni
765 3875 1041 3925 victorem.

713 3949 759 3997 4.
831 3951 1068 4000 Praestat
1111 3951 1224 4001 sine
1277 3949 1685 4012 interrogatione

647 4025 782 4073 haec
819 4023 1021 4073 efferri:
1083 4026 1123 4073 O
1158 4026 1305 4075 navis
1336 4052 1365 4061 -
1397 4052 1426 4061 -
1451 4025 1686 4086 portum!

650 4099 876 4148 «Lacera
901 4099 1066 4158 navis,
1103 4111 1262 4161 quam
1288 4113 1352 4148 ex
1381 4098 1532 4149 litore
1562 4113 1689 4148 con-

646 4173 813 4238 spicio
853 4173 1254 4237 periclitantem,
1296 4176 1426 4225 vae!
1476 4177 1687 4239 tempe-

645 4252 842 4303 statum
897 4251 949 4300 vi
994 4262 1177 4300 rursus
1235 4250 1285 4301 in
1332 4248 1496 4301 altum
1535 4262 1685 4301 mare

1765 1631 2081 1696 abripiere.»
2124 1662 2176 1669 —
2212 1635 2429 1697 reserem
2474 1635 2650 1685 firmat
2678 1637 2806 1685 Dio-

1764 1706 1953 1757 medes
1986 1722 2038 1771 p.
2077 1709 2191 1758 5⁴0.
2235 1709 2389 1760 Gaisf.

1829 1782 1878 1831 2.
1950 1784 2059 1831 lam
2125 1784 2366 1847 sequitur
2431 1785 2798 1848 interrogatio:

1766 1856 1998 1918 «Ecquid
2019 1854 2072 1906 te
2096 1858 2254 1907 flet‘I»
2284 1886 2337 1893 —
2363 1860 2579 1909 Fortiter
2598 1860 2803 1923 occupa]

1766 1930 2062 1981 «Omnibus
2121 1931 2322 1982 viribus
2385 1934 2551 1984 nitere
2573 1971 2586 1994 ‚
2649 1936 2708 1984 ut
2749 1936 2805 1985 in

1763 2007 1976 2067 portum
2023 2018 2186 2068 quam
2220 2008 2468 2058 ocissime
2519 2008 2801 2069 invehariS,

1763 2078 1815 2127 in
1854 2092 2025 2143 eoque
2071 2083 2183 2131 tuto
2217 2084 2270 2131 te
2310 2082 2622 2134 recondas.»
2692 2084 2805 2133 Hoc

1766 2153 1942 2214 enim,
1990 2167 2097 2205 non
2146 2168 2465 2206 «remanere
2505 2157 2557 2206 in
2603 2160 2802 2220 portu»

1765 2227 2022 2289 significat
2064 2243 2116 2279 ν.
2154 2243 2425 2292 occupare,
2473 2234 2532 2281 ut
2576 2232 2706 2296 Epp.
2753 2233 2800 2292 4,

1765 2302 1814 2362 6,
1851 2302 1941 2350 32:
1979 2316 2118 2364 cave,
2151 2319 2214 2355 ne
2226 2310 2407 2366 portus
2427 2311 2627 2368 occupet
2655 2307 2802 2367 alter,

1765 2376 1949 2440 sicque
1984 2378 2176 2429 Statius
2205 2378 2325 2429 Silv.
2350 2380 2397 2439 4,
2424 2381 2474 2439 2,
2495 2380 2619 2429 203:
2645 2394 2805 2442 pren-

1764 2451 1877 2500 disti
1902 2457 2096 2514 portus.
2167 2454 2298 2504 Rem
2338 2454 2624 2505 conficiunt
2658 2455 2803 2518 ipsae

1764 2526 2048 2588 imagines3
2078 2542 2203 2578 nam
2232 2529 2283 2578 in
2316 2528 2401 2578 tali
2426 2532 2563 2579 statu
2594 2543 2656 2579 ex
2683 2543 2804 2593 por-

1764 2603 1821 2649 tu
1863 2603 2016 2652 evehi
2062 2602 2275 2653 ultimae
2328 2604 2511 2654 fuisset
2547 2605 2798 2654 insaniae.

1766 2675 1960 2725 Contra
2010 2676 2191 2727 dolere
2244 2679 2453 2741 poterat
2507 2676 2802 2741 periculum

1766 2751 1911 2800 navis
1936 2755 2336 2814 conquassatae,
2364 2764 2499 2814 quae
2533 2753 2584 2802 in
2620 2754 2803 2817 portus

1765 2828 2055 2889 conspectu
2092 2841 2120 2876 a
2156 2828 2307 2877 novis
2352 2826 2600 2877 fluctibus
2645 2827 2801 2876 invita

1765 2899 1817 2949 in
1843 2911 1989 2949 mare
2020 2900 2181 2951 altum
2207 2900 2584 2966 abripiebatur.

1846 2974 1893 3022 3.
1944 2973 1992 3025 4.
2059 2976 2131 3040 ul]
2192 2976 2289 3027 Alii
2352 2975 2640 3040 explicant:
2709 2980 2803 3023 «ut

1762 3050 1951 3098 nudum
1982 3052 2068 3099 sit
2095 3065 2141 3099 r.
2168 3052 2234 3113 l.‚
2275 3052 2411 3101 miro
2438 3052 2712 3113 zeugmate
2736 3063 2802 3099 ex

1762 3137 1813 3172 v.
1874 3130 2074 3186 pomam
2127 3139 2178 3175 v,
2232 3127 2296 3175 sit
2349 3124 2647 3183 elicientes3
2702 3137 2801 3188 ego

1765 3197 1898 3248 haec
1940 3201 2116 3250 omnia
2151 3200 2217 3250 ad
2256 3215 2306 3249 v.
2361 3205 2562 3263 gemant
2606 3199 2798 3260 refero,

1763 3272 1818 3321 id
1841 3267 2134 3336 quod'mihi
2171 3273 2324 3337 longe
2361 3270 2804 3344 ποιητικώτερον

1762 3347 1986 3397 videtur.
2046 3351 2154 3399 Nec
2178 3350 2476 3412 quisquam,
2526 3351 2669 3413 puto,
2697 3351 2800 3399 iam

1762 3422 1997 3472 offendet
2029 3424 2080 3472 in
2117 3427 2422 3486 zeugmate:
2458 3424 2593 3472 vides
2623 3428 2680 3471 ut
2711 3450 2740 3459 -
2774 3449 2803 3458 -

1760 3503 1975 3560 yemant.
2027 3497 2377 3548 Callimachus
2395 3498 2446 3546 h.
2472 3498 2522 3546 in
2542 3496 2707 3561 Apoll.
2741 3497 2799 3548 4:

1762 3567 1884 3631 Οὐχ
1921 3565 2103 3641 ὁράᾳς
2114 3588 2136 3630 ,·
2186 3572 2485 3624 ἐπένευσεν
2525 3565 2560 3620 ὁ
2594 3568 2803 3637 Δήλιος

1760 3642 1868 3712 ἡδύ
1920 3661 1974 3697 τι
2023 3643 2219 3710 φοίνιξ
2262 3641 2603 3711 Ἐξαπίνης,
2657 3641 2690 3694 ὁ
2741 3644 2804 3698 δὲ

1761 3718 1971 3785 κύκνος
2014 3721 2075 3773 ἐν
2125 3717 2251 3792 ἠέρι
2298 3718 2478 3771 καλὸν
2510 3716 2702 3772 ἀείδει.
2745 3750 2797 3758 -

1760 3799 1962 3848 Nudum
2009 3798 2233 3861 remigio]
2283 3795 2578 3846 «Omnibus
2640 3798 2803 3847 remis

1761 3873 2003 3932 detersiS,
2024 3873 2219 3931 fractis,
2242 3870 2497 3920 nudatum
2512 3872 2593 3920 est
2615 3869 2802 3918 latus.»

1826 3951 1873 3999 5.
1903 3950 1950 3998 6.
1988 3947 2351 4009 Antennaeque]
2382 3945 2574 3995 Plinius
2593 3946 2722 4008 Epp.
2749 3945 2799 4004 9,

1760 4026 1852 4075 26:
1902 4025 2130 4073 Str-idum
2156 4023 2316 4085 funes,
2349 4025 2592 4070 curvatur
2628 4020 2801 4080 arbor,

1758 4099 2098 4164 guber-naman
2131 4101 2348 4160 ymnum.
2419 4096 2645 4157 Uterque
2670 4094 2803 4144 scri-

1762 4177 1883 4237 ptor
1913 4186 2018 4223 non
2048 4173 2162 4222 sine
2188 4174 2298 4220 arte
2333 4171 2522 4222 miscet
2549 4168 2803 4219 cernendi

1761 4252 1815 4299 et
1845 4246 2089 4297 audiendi
2125 4258 2349 4306 sensuS,
2400 4257 2503 4308 qua
2539 4245 2590 4294 in
2637 4244 2803 4306 figura
