3234 4975
659 386 782 450 324

1436 386 1694 436 HORATII
1731 386 2067 438 CARMINUM

1253 542 1436 607 Pacis
1481 562 1629 608 eras
1672 541 2060 629 mediusque
2105 540 2276 607 belli.

1079 703 1165 766 Te
1210 698 1382 765 vidit
1412 699 1631 765 insons
1677 698 2000 766 Cerberus
2047 720 2250 766 aureo

1084 820 1296 887 Cornu
1341 820 1693 897 decorum,
1740 820 1970 887 leniter
2014 831 2293 887 atterens

2746 825 2828 888 30

651 1045 760 1096 lute
795 1045 988 1109 (swar,
1035 1045 1194 1106 benet,
1241 1049 1301 1095 ut
1334 1045 1442 1095 Cic.
1480 1058 1580 1110 pro
1615 1008 1704 1094 Li·
1776 1057 1900 1095 mox
1922 1058 1972 1093 v.
2001 1044 2081 1095 32.
2110 1045 2204 1095 Od.
2232 1046 2287 1107 3,
2326 1048 2380 1107 4,
2420 1047 2499 1096 ⁴2.
2539 1046 2597 1106 3,
2636 1046 2693 1107 4,
2722 1048 2820 1109 44.)

650 1121 794 1183 gario
818 1120 867 1179 8,
887 1119 977 1170 24:
1009 1120 1343 1181 Quamquam,
1371 1120 1493 1180 quid
1512 1119 1702 1182 facturi

646 1193 869 1255 fueritis,
925 1193 1164 1255 dubitem,
1207 1206 1322 1243 cum
1350 1195 1548 1243 videam
1580 1194 1702 1255 quid

645 1268 922 1332 feceritisP)
976 1268 1347 1332 accipiendum
1398 1281 1544 1329 esse,
1599 1282 1699 1332 pro

648 1342 848 1406 virgula
867 1343 1024 1393 colon
1041 1356 1184 1393 nunc
1206 1343 1357 1406 posui
1376 1344 1499 1392 ante
1516 1357 1568 1392 v.
1595 1344 1695 1392 sed.

714 1419 796 1473 28.
843 1418 1146 1482 modiusque]
1184 1417 1360 1466 «idem
1395 1416 1462 1465 ad
1494 1419 1700 1467 utrum-

647 1504 753 1554 que
789 1505 962 1556 aeque
992 1495 1177 1557 aptum
1202 1493 1253 1540 te
1277 1489 1605 1555 praebebas,
1645 1495 1700 1542 et

646 1566 712 1615 ad
763 1565 997 1627 bellum,
1052 1580 1177 1617 nam
1223 1565 1540 1616 fortissimus
1576 1579 1697 1617 eras

646 1652 711 1689 ac
744 1640 1011 1702 terribilis,
1052 1644 1107 1691 et
1128 1640 1196 1690 ad
1220 1653 1431 1704 pacem,
1470 1653 1529 1690 es
1553 1642 1697 1690 enim

648 1712 877 1765 laetitiae
913 1714 1131 1780 plenus,
1170 1712 1561 1784 ἐγερσίγελως,
1598 1728 1699 1774 χο-

643 1784 901 1859 ρευτής.»
953 1791 1122 1839 Nemo
1157 1788 1333 1838 adhuc
1367 1801 1587 1852 prorsus
1622 1789 1697 1838 si-

640 1861 766 1912 mile
819 1860 1126 1925 exemplum
1179 1859 1352 1912 attulit
1399 1864 1691 1912 construet.

640 1937 834 1986 medius
866 1936 976 1985 belli
1010 1938 1112 1986 cet.
1139 1948 1267 1999 pro:
1308 1937 1430 2000 «qui
1464 1936 1516 1986 in
1551 1934 1694 1986 bello

643 2012 803 2073 atque
846 2011 900 2060 in
940 2023 1074 2074 pace
1120 2022 1292 2074 aeque
1340 2011 1556 2073 insignis
1591 2012 1690 2071 est,

643 2087 700 2134 et
733 2097 978 2134 summus
1012 2084 1159 2148 pacis
1194 2084 1396 2134 amicus
1426 2086 1587 2147 atque
1614 2086 1696 2134 tu-

638 2161 743 2219 tor,
771 2160 826 2208 et
847 2158 1161 2208 fortissimus
1185 2155 1459 2208 bellator.»
1495 2156 1692 2220 (Paullo

641 2230 792 2282 aliter
827 2230 1218 2295 Dillenburger:
1269 2232 1538 2282 «Bacchus
1571 2245 1693 2283 me—

641 2307 759 2357 dius
796 2309 880 2357 est
911 2304 1036 2356 belli
1069 2306 1349 2370 pacisque,
1400 2307 1537 2357 inter
1571 2305 1691 2357 bel—

640 2380 752 2432 lum
787 2383 842 2431 et
875 2393 1084 2444 pacem,
1124 2393 1300 2443 neque
1325 2394 1423 2444 per
1443 2394 1503 2431 se
1528 2379 1692 2431 alter-

640 2456 745 2506 utri
779 2453 1018 2515 deditus,
1057 2453 1179 2516 sed,
1218 2457 1278 2505 ut
1311 2454 1524 2520 tempus
1559 2455 1687 2518 fert,

639 2528 801 2579 modo
836 2527 1140 2590 bellicosus,
1178 2528 1340 2579 modo
1374 2531 1521 2594 pacis
1545 2542 1693 2580 ama-

640 2603 794 2666 tor»)
819 2602 1080 2653 Differunt
1103 2603 1346 2667 exempla
1372 2606 1427 2654 et
1448 2603 1692 2654 Forcelli-

638 2679 792 2729 niana
812 2680 867 2727 et
888 2690 1110 2741 prorsus
1129 2677 1394 2729 absonum
1418 2681 1515 2740 est,
1543 2679 1690 2743 quod

638 2752 868 2802 afferunt
899 2753 1247 2815 Interpretes,
1287 2752 1434 2802 Ovid.
1473 2755 1685 2804 Metam.

637 2828 693 2887 ὅ,
748 2825 870 2876 564:
932 2827 994 2875 At
1039 2827 1231 2875 medius
1285 2826 1563 2898 srqtrisque
1611 2830 1690 2878 sui

636 2905 954 2960 maestaeque
986 2900 1174 2948 sororis
1207 2901 1447 2962 luppiter,
1489 2901 1584 2951 ubi
1608 2904 1692 2952 est

642 2974 928 3038 «μεσίτης,
954 2972 1311 3035 pacificator.»
1342 2977 1595 3039 Apposite
1620 2976 1688 3025 ad

639 3048 693 3096 h.
742 3046 775 3096 1.
823 3046 1078 3096 Aristides
1120 3047 1173 3095 in
1215 3047 1451 3110 Dionyso
1500 3063 1555 3113 p.
1603 3050 1685 3100 49.

639 3119 818 3171 Dind.:
857 3112 1052 3188 ὥσπερ
1085 3114 1194 3190 γὰρ
1227 3117 1465 3186 δίδυμος
1499 3119 1687 3189 πάντη

640 3188 820 3256 αὐτὸς
863 3189 1008 3263 πρὸς
1053 3191 1262 3244 ἑαυτόν
1295 3194 1419 3247 ἐστι
1452 3225 1482 3235 -
1516 3222 1544 3234 -
1580 3212 1691 3248 πο-

639 3263 875 3335 λεμικός
906 3283 969 3319 τε
1001 3263 1074 3334 δὴ
1108 3269 1208 3319 καὶ
1242 3271 1533 3341 εἰρηναῖος
1562 3271 1690 3324 δια-

639 3339 934 3415 φερόντως
965 3340 1137 3393 θεῶν.
1199 3346 1523 3409 Comparare
1567 3347 1692 3398 licet

640 3421 804 3471 etiam
836 3420 977 3482 Virg.
1016 3422 1147 3469 Aen.
1178 3419 1259 3480 ll,
1298 3420 1419 3470 658:
1449 3423 1692 3484 pacisque

640 3496 796 3546 bonas
827 3493 1035 3556 bellique
1055 3494 1332 3545 ministrae.
1395 3495 1500 3546 Cfr.
1530 3496 1691 3560 Regel

639 3567 709 3621 ad
754 3570 808 3619 h.
849 3567 881 3619 1.
946 3596 1001 3605 -
1061 3570 1139 3619 De
1189 3569 1292 3619 hac
1342 3569 1689 3622 collocatione

637 3647 775 3710 part.
814 3657 935 3706 que,
971 3657 1052 3706 ne,
1086 3656 1148 3694 ve
1179 3643 1320 3707 apud
1355 3647 1560 3709 poetas,
1599 3646 1692 3708 qui

640 3732 735 3770 eas
761 3720 830 3769 ita
853 3719 1124 3769 interdum
1145 3718 1314 3769 verbo
1338 3718 1551 3770 duobus
1574 3733 1694 3769 ora-

641 3792 796 3843 tionis
863 3791 1126 3843 membris
1195 3794 1466 3843 communi
1521 3807 1692 3844 anne—

640 3869 805 3926 ctunt,
851 3869 910 3917 ut
946 3868 1030 3917 hic
1063 3867 1279 3931 proprie
1313 3880 1411 3931 pro
1448 3869 1691 3919 «medius

637 3941 784 4007 pacis
809 3941 1125 4005 mediusque
1151 3940 1326 4002 belli»,
1353 3943 1553 4006 inspice
1578 3944 1695 3994 Dis-

640 4028 737 4066 sen
771 4014 842 4065 ad
875 4015 987 4066 Tib.
1027 4017 1084 4076 4,
1125 4018 1180 4076 l,
1226 4016 1317 4066 5⁴:
1373 4016 1414 4065 Ο
1448 4022 1694 4078 quantum

638 4095 710 4140 est
743 4090 862 4138 auri
887 4091 1060 4152 potius
1090 4095 1367 4153 pereatque
1397 4093 1691 4156 sinaragdi!

1779 1145 1834 1154 —
1889 1119 2140 1169 Ceterum
2190 1133 2276 1169 vv.
2326 1121 2538 1170 25—28.
2590 1124 2825 1171 resecari

1774 1192 1926 1242 iussit
1959 1194 2176 1245 Guietus
2210 1196 2484 1256 tamquam
2522 1196 2677 1245 nimis
2710 1194 2826 1244 lan—

1773 1265 1961 1328 guidos
1986 1269 2040 1316 et
2059 1264 2332 1330 volgarem
2357 1268 2690 1320 continentes
2715 1282 2829 1319 am-

1772 1339 2168 1403 plificationem.
2223 1341 2425 1392 Verum
2460 1355 2670 1393 summa
2710 1346 2823 1393 arte

1771 1427 1901 1465 usus
1933 1413 2216 1478 tranquillo
2252 1415 2356 1466 hoc
2381 1418 2635 1468 carminis
2660 1419 2821 1478 exitu,

1771 1489 1863 1551 qui
1911 1488 2152 1539 consulto
2196 1491 2482 1554 opponitur
2523 1492 2822 1556 impetuoso

1771 1561 1841 1611 illi
1876 1563 2124 1625 exordi0,
2174 1564 2436 1628 significat
2464 1569 2623 1630 poeta
2659 1566 2826 1617 turbi-

1770 1636 1896 1686 dam
1919 1651 2074 1688 suam
2097 1636 2350 1688 laetitiam
2367 1639 2637 1703 paullatim
2656 1643 2825 1692 trans-

1767 1712 1873 1762 isse
1910 1713 2057 1776 pium
2092 1712 2144 1760 iu
2175 1711 2614 1779 ἐνθουσιασμόν
2631 1750 2646 1776 ,
2693 1728 2825 1780 qua-

1767 1784 1831 1836 lis
1867 1798 2057 1835 eorum
2093 1789 2199 1847 est,
2255 1801 2483 1851 quorum
2526 1801 2681 1840 mens
2715 1803 2823 1840 una

1768 1873 1896 1911 cum
1931 1859 2031 1911 diis
2063 1864 2327 1912 versatur.
2402 1863 2631 1926 (Minime
2664 1863 2823 1914 intel-

1766 1932 1886 1997 lig0‚
1925 1948 2022 1984 cur
2053 1948 2084 1984 a
2121 1936 2421 1998 senadono,
2460 1938 2603 1988 lanio
2627 1951 2823 2002 nuper-

1768 2021 1873 2071 que
1892 2022 1921 2058 a
1943 2008 2222 2060 Luebkero
2246 2010 2383 2060 haec
2405 2011 2641 2077 stropha,
2679 2025 2818 2076 quae

1767 2083 1896 2133 mihi
1949 2097 2169 2147 semper
2215 2082 2438 2148 pulchra
2487 2098 2551 2135 ac
2593 2088 2817 2137 venusta

1765 2157 1878 2208 visa
1897 2161 1993 2217 est,
2016 2159 2124 2208 tam
2139 2159 2334 2208 acriter
2356 2159 2817 2222 reprehendatur.)

1831 2231 1913 2281 29.
1951 2232 2144 2296 insons]
2196 2234 2297 2282 «ita
2344 2235 2404 2283 ut
2449 2233 2544 2284 tibi
2582 2232 2719 2284 nulla
2754 2248 2821 2285 ex

1766 2308 1915 2369 parte
1951 2308 2224 2356 noceret.»
2282 2306 2423 2357 Adiit
2467 2310 2647 2358 autem
2682 2310 2822 2359 Bac-

1767 2380 1900 2429 chus
1934 2380 2131 2430 inferos
2166 2378 2414 2431 Semelen
2443 2384 2669 2432 matrem
2693 2381 2816 2432 inde

1766 2453 2103 2506 reducturus.
2140 2452 2383 2519 Apollod.
2411 2456 2469 2518 3,
2507 2457 2564 2518 5,
2603 2456 2650 2507 3.
2689 2458 2822 2507 Pau-

1765 2542 1880 2579 san.
1909 2531 1958 2590 2,
1982 2530 2063 2590 37,
2089 2531 2145 2579 6:
2182 2526 2690 2597 Εἷδον--καὶτὴν
2708 2524 2818 2580 Ἀλ-

1765 2606 2005 2655 κυονίαν
2059 2602 2266 2671 λίμνην
2287 2645 2299 2668 ,
2365 2603 2435 2655 δι’
2503 2595 2578 2672 ἧς
2630 2606 2815 2667 φασὶν

1760 2672 1994 2749 Ἀργεῖοι
2016 2676 2302 2730 Διόνυσον
2363 2682 2448 2744 εἰς
2495 2677 2597 2730 τὸν
2624 2674 2819 2745 ’Ἅιδην

1765 2753 1954 2805 ἐλθεῖν
1986 2753 2243 2820 Σεμέλην
2275 2749 2585 2820 ἀνάξοντα.

1831 2830 1911 2879 30.
1952 2829 2135 2894 Cornu]
2181 2830 2455 2894 antiquum
2500 2831 2604 2881 hoc
2637 2831 2814 2893 impe—

1767 2906 1850 2955 tus
1884 2917 1949 2953 ac
1983 2902 2216 2964 roboris,
2255 2905 2341 2955 cui
2375 2906 2547 2957 resisti
2582 2918 2690 2954 non
2718 2917 2815 2968 po-

1764 2980 1886 3038 test,
1923 2977 2248 3041 symbolum,
2274 2980 2407 3029 utin
2434 2977 2643 3030 Fluviis.
2684 2979 2817 3029 Hinc

1763 3052 1935 3115 poetis
1976 3049 2372 3124 χρυσόκερως,
2416 3049 2810 3123 κερασφόρος,

1762 3121 2124 3197 ταυρόκερως
2166 3127 2327 3191 Orph.
2378 3129 2574 3191 Hymn.
2622 3130 2714 3188 52,
2762 3129 2812 3178 2.

1764 3199 1950 3250 Tibull.
1988 3202 2048 3262 2,
2090 3202 2144 3262 4,
2183 3200 2241 3250 3:
2280 3202 2500 3263 Bacche,
2534 3204 2672 3263 veni,
2700 3202 2817 3251 ‹lul—

1763 3276 1930 3337 cisque
1974 3277 2073 3325 tuis
2106 3289 2132 3325 e
2163 3276 2395 3325 cornibus
2435 3287 2541 3326 uva
2581 3278 2812 3327 Pendeat.

1764 3350 2005 3413 Propert.
2050 3349 2108 3411 3,
2156 3350 2244 3410 47,
2284 3350 2371 3399 49;
2422 3352 2564 3412 Quod
2594 3355 2816 3412 superest

1762 3423 1924 3484 vitae,
1982 3437 2080 3486 per
2127 3430 2174 3474 te
2220 3430 2313 3474 tua
2359 3438 2581 3485 cornua,
2642 3425 2818 3474 vivam

1758 3498 2070 3564 ⁸Virtutis-que
2084 3503 2219 3560 luae,
2245 3499 2453 3561 Bacche,
2471 3503 2632 3561 poeta
2650 3500 2809 3563 ferar.

1772 3595 1825 3605 -
1886 3572 2129 3636 attereres]
2194 3574 2434 3636 proprie:
2505 3573 2812 3624 «adfricans

1768 3645 1995 3697 caudam
2049 3647 2283 3708 ventri,»
2349 3645 2454 3697 leni
2510 3649 2659 3698 motu
2717 3646 2813 3697 tibi

1766 3721 1984 3771 adulans
2016 3722 2203 3784 (prime
2237 3721 2643 3785 significatione:
2682 3723 2815 3772 σαι-

1766 3796 1915 3858 νων).
1954 3794 2271 3860 Simpliciter
2304 3809 2407 3845 non
2442 3799 2620 3860 potest
2652 3797 2816 3860 signi-

1767 3870 1930 3920 ficare
1968 3869 2354 3930 «subiiciens»,
2408 3883 2532 3920 cum
2565 3871 2619 3920 in
2653 3884 2706 3921 v.
2744 3870 2817 3919 le-

1766 3945 1898 3994 niter
1945 3943 2224 3995 manifesto
2276 3945 2453 3994 motus
2506 3944 2814 4006 significatio

1767 4020 1905 4070 insit.
1976 4021 2086 4069 Nec
2129 4018 2287 4081 igitur
2318 4017 2547 4067 conferri
2582 4017 2817 4068 debebat

1766 4094 1907 4157 virg.
1946 4096 2076 4143 Aen.
2116 4093 2170 4143 Η
2194 4132 2205 4154 ,
2244 4093 2359 4143 8⁴2.
2397 4092 2465 4143 de
2501 4092 2657 4156 lupo:
2696 4104 2817 4141 caw-

642 4166 717 4228 (⁴,
768 4162 828 4225 3,
876 4163 968 4213 56:
1023 4165 1242 4214 Messala
1282 4170 1424 4216 terra
1456 4167 1576 4217 dm
1610 4181 1692 4218 se-
1767 4169 1981 4230 amque
2010 4168 2285 4218 remulcens
2327 4166 2816 4228 Subtecitpavitm-

639 4239 910 4300 quiem-que
948 4239 1103 4288 mavi.
1175 4239 1280 4290 Cir.
1327 4241 1471 4304 apud
1508 4242 1684 4292 Horat.
1767 4248 1864 4292 lem
1897 4247 2068 4301 αεσνος
2108 4255 2213 4293 non
2236 4243 2381 4293 enim
2404 4254 2663 4307 pavorem
2689 4240 2817 4290 Cer-
