3234 4975
636 376 759 440 338

1403 378 1660 428 HORATII
1696 378 2033 431 CARwNUM

1059 534 1218 600 Cum
1264 532 1515 598 famulis
1559 534 1992 621 dominusque
2038 545 2251 603 terrae

893 689 1310 755 Fastidiosus.
1400 690 1530 756 Sed
1576 692 1790 757 Timor
1833 702 1899 758 et
1941 693 2149 760 Minae

885 810 1213 877 Scandunt
1256 810 1527 886 eodem,
1576 833 1708 899 quo
1754 812 2085 891 dominuS,
2134 835 2351 903 neque

968 931 1241 997 Decedit
1281 942 1501 998 aerata
1551 932 1792 998 triremi
1834 944 1900 1000 et

1056 1053 1210 1117 Post
1253 1052 1538 1138 equitem
1582 1052 1771 1120 sedet
1813 1065 1951 1123 atra
1996 1058 2183 1124 Cura.

2720 1063 2801 1126 40

880 1209 1127 1289 Quodsi
1173 1207 1498 1276 dolentem
1541 1230 1663 1277 nec
1705 1211 2027 1301 Phrygius
2071 1214 2235 1302 lapis

753 1428 837 1479 39.
872 1427 955 1479 40.
999 1427 1195 1477 triremi
1232 1429 1440 1489 Postque
1472 1426 1705 1477 malebat
1744 1426 1942 1489 Bentl.,
1992 1441 2115 1478 cum
2150 1435 2197 1480 et
2228 1431 2537 1482 omitterent
2568 1435 2733 1498 ipsius

692 1501 947 1562 CodiceS,
986 1502 1047 1550 ut
1079 1500 1246 1550 nostri
1278 1501 1378 1550 BT.

622 1699 713 1759 qut
758 1706 892 1758 opus
943 1693 1045 1743 hoc
1100 1694 1425 1745 immensum
1468 1694 1670 1745 facien—

620 1768 751 1818 dum
784 1781 816 1816 a
851 1766 1068 1816 domino
1103 1768 1215 1818 sive
1254 1780 1569 1831 possessore
1603 1766 1669 1817 il-

619 1841 711 1892 lud
755 1839 961 1891 locante
1020 1841 1322 1892 conduxit.»
1402 1840 1479 1892 Cf.
1532 1842 1665 1905 Epp.

689 1988 771 2038 36.
827 1988 1166 2053 dominusque]
1222 2007 1247 2034 α
1263 1991 1356 2052 qui
1405 1992 1559 2053 urget
1591 1991 1671 2040 in—

619 2074 811 2112 sanum
845 2062 951 2111 hoc
986 2075 1146 2126 opus;
1207 2076 1332 2112 eum
1376 2062 1512 2114 adeo
1560 2066 1671 2114 tae·

619 2136 712 2186 det
755 2138 930 2186 terrae
979 2137 1319 2197 continentis,
1371 2141 1432 2188 ut
1473 2139 1578 2188 iam
1613 2140 1666 2188 in

617 2211 734 2274 ipso
769 2211 904 2260 mari
941 2209 1183 2260 habitare
1219 2210 1394 2261 velit.»
1464 2214 1667 2263 Seneca

617 2286 713 2349 Ep.
739 2285 833 2335 89:
876 2284 1157 2346 Ubicunque
1189 2287 1242 2335 in
1264 2287 1483 2348 aliquem
1503 2288 1669 2336 siniam

616 2359 734 2409 litus
769 2359 1084 2420 curvabitur,
1118 2373 1208 2409 vos
1231 2358 1515 2423 (luxuriosi)
1547 2376 1672 2423 pro-

615 2435 749 2483 tinus
777 2433 1107 2496 fiandwwnm
1137 2435 1330 2484 iacietis
1361 2449 1450 2486 nec
1471 2441 1670 2486 couten-

615 2509 655 2558 ti
687 2508 809 2568 solo,
845 2507 942 2556 nisi
965 2509 1098 2570 quod
1117 2522 1278 2558 manu
1295 2510 1528 2573 feceritis,
1558 2524 1671 2560 ma-

615 2582 702 2632 ria
734 2582 892 2645 aqetis
923 2582 1187 2631 introrsus.

682 2654 909 2706 37-40.
964 2656 1062 2706 Sed
1116 2656 1252 2721 cet.]
1292 2657 1666 2721 «Quocunque

617 2733 800 2782 autem
841 2730 886 2780 is
928 2729 1013 2780 vel
1057 2730 1125 2780 ab
1160 2732 1264 2780 hac
1297 2731 1667 2784 aedificatione

614 2804 702 2855 vel
743 2803 846 2854 alio
890 2803 957 2853 ab
1005 2806 1216 2868 negotio
1250 2818 1374 2856 sese
1409 2809 1671 2857 convertit

617 2878 687 2930 ad
721 2877 1040 2928 oblivionem
1066 2892 1317 2930 curarum
1349 2884 1440 2933 aut
1473 2894 1668 2932 novam

616 2951 947 3016 voluptatem
983 2953 1368 3015 quaerendam,
1412 2954 1671 3005 nihilomi-

618 3039 720 3076 nus
738 3038 864 3075 eum
877 3025 1198 3076 comitantur
1203 3028 1410 3090 priores
1422 3027 1674 3079 sollicitu-

620 3099 824 3149 dines.»
877 3098 1117 3149 Eandem
1136 3102 1456 3152 sententiam
1478 3102 1669 3154 iisdem

621 3174 734 3224 iere
767 3171 947 3222 verbis
989 3175 1145 3237 poeta
1190 3176 1453 3238 expressit
1485 3177 1580 3228 Od.
1616 3178 1667 3239 2,

627 3246 709 3306 46,
733 3247 790 3295 24
815 3259 827 3293 :
863 3246 1074 3296 Scandit
1093 3253 1299 3298 aeratas
1316 3250 1501 3299 vitiosa
1521 3265 1675 3301 naves

621 3321 762 3372 cura
796 3333 887 3369 noc
925 3325 1121 3370 turmas
1156 3323 1377 3382 equitum
1413 3325 1668 3388 relinquit.

623 3395 701 3446 Ct'.
745 3395 952 3447 Lucret.
995 3396 1052 3457 2,
1095 3395 1189 3447 46:
1226 3398 1388 3448 Metus
1418 3400 1673 3450 hominum

618 3483 871 3532 curaeque
901 3483 1134 3533 sequaces
1152 3497 1176 3507 -
1194 3497 1220 3508 -
1239 3485 1396 3532 nequo
1425 3474 1674 3537 fulgorem

620 3549 913 3595 reverentur
938 3544 1002 3593 ab
1026 3558 1157 3595 auro
1183 3546 1283 3595 Nec
1310 3546 1507 3596 clarum
1528 3549 1675 3597 vestis

619 3618 929 3682 splendorem
953 3623 1255 3682 purpurea&
1289 3647 1344 3656 -—
1385 3621 1566 3686 Timor]
1602 3635 1670 3672 ne

622 3705 752 3745 casu
791 3692 1021 3744 adverso
1064 3692 1148 3743 vel
1182 3694 1464 3744 immatura
1499 3699 1673 3746 morte

623 3767 779 3818 bonis
817 3767 929 3817 suis
963 3766 1197 3828 excidat,
1236 3768 1377 3818 unde
1412 3772 1673 3832 perpetua

623 3840 862 3891 anxietas
886 3841 940 3890 et
961 3840 1240 3904 trepidatio
1267 3854 1392 3891 eum
1410 3845 1582 3892 vexat.
1612 3869 1669 3879 —

622 3913 811 3978 Minae]
870 3914 1109 3964 internae
1165 3918 1386 3979 propter
1439 3914 1674 3966 facinora

625 3987 932 4039 commissa.
973 4015 1028 4024 —
1065 3988 1268 4052 aerata]
1308 4002 1475 4053 «quae
1511 3990 1677 4040 habet

626 4063 860 4111 rostrum
877 4073 1149 4113 aereum.»
1180 4087 1234 4100 -
1267 4063 1478 4127 triremi]
1513 4063 1675 4115 Intel-

624 4132 725 4198 lige
745 4133 813 4185 de
831 4132 1069 4197 qualibet
1083 4148 1274 4200 magna
1294 4150 1427 4187 nave
1444 4138 1675 4189 hominis

625 4205 921 4272 locupletis
992 4209 1078 4258 Sic
1112 4210 1170 4259 C.
1197 4210 1347 4259 Verri
1376 4212 1673 4263 Mamertini

1744 1696 2004 1747 donarant
2024 1712 2205 1749 navem
2227 1699 2466 1761 cybaeam
2484 1703 2790 1763 maoeiinam,

1742 1771 1963 1820 triremis
1982 1773 2161 1823 instar.
2211 1774 2320 1824 Cic.
2349 1775 2499 1825 Verr.
2526 1778 2716 1827 Aecus.
2743 1779 2792 1837 δ,

1745 1845 1825 1895 47.
1864 1846 1995 1909 Epp.
2024 1847 2071 1907 4,
2101 1847 2148 1908 4,
2174 1847 2267 1897 93;
2298 1849 2457 1910 priva
2475 1850 2709 1900 triremis.
2738 1876 2793 1887 —

1743 1918 1909 1969 Curae
1950 1932 2214 1983 personae
2268 1925 2393 1973 sunt
2442 1923 2602 1974 etiam
2652 1924 2794 1989 virg.

1742 1993 1873 2041 Aen.
1902 1993 1958 2053 6,
1996 1993 2111 2045 274.
2151 1997 2206 2045 et
2238 1997 2455 2047 Horatio
2489 1996 2584 2047 Od.
2623 1998 2673 2057 2,
2713 1999 2793 2059 46,

1742 2079 1828 2115 vv.
1854 2066 1908 2115 44
1936 2070 1992 2116 et
2006 2068 2089 2117 22.
2111 2069 2356 2119 Refertur
2372 2072 2603 2122 maxime
2622 2072 2691 2121 ad
2704 2073 2799 2122 ho—

1743 2141 1899 2190 minis
1922 2143 2066 2191 avari
2084 2147 2374 2208 perpetuas
2398 2144 2792 2197 sollicitudines.

1740 2214 1895 2264 Attae
1927 2218 2137 2278 autem,
2192 2219 2228 2267 i.
2264 2233 2312 2269 e.
2352 2221 2590 2280 «tristes,
2640 2220 2796 2272 iune-

1742 2291 1930 2351 stae»,
1965 2294 2226 2342 vocantur
2267 2295 2428 2345 etiam
2471 2295 2566 2345 Od.
2606 2294 2663 2357 3,
2705 2296 2793 2357 44,

1744 2364 1824 2413 43.
1862 2363 1921 2425 4,
1960 2366 2049 2426 44,
2087 2365 2168 2416 35.
2206 2367 2310 2417 Sat.
2350 2370 2408 2428 2,
2447 2368 2625 2427 7,145.

1807 2465 1889 2517 44.
1941 2467 2143 2532 Quodsi]
2192 2469 2298 2520 Cfr.
2336 2471 2432 2523 Od.
2485 2475 2543 2535 4,
2595 2480 2652 2541 4,
2702 2480 2783 2532 35.

1744 2543 1868 2591 Post
1897 2543 2287 2605 praecedentes
2322 2544 2556 2614 γνώμας
2591 2557 2646 2603 et
2666 2556 2796 2605 ima-

1743 2615 1890 2676 gines
1933 2618 2236 2680 propositas
2283 2620 2351 2669 ad
2399 2629 2575 2676 semet
2620 2628 2793 2691 ipsum

1744 2702 1885 2740 nunc
1919 2703 1979 2740 se
2004 2694 2265 2743 convertit
2297 2698 2483 2759 poeta,
2523 2703 2581 2750 ut
2614 2702 2667 2751 in
2691 2703 2790 2754 hac

1742 2756 2081 2834 αὐταρκείᾳ,
2119 2778 2282 2828 quam
2321 2771 2594 2835 tantopere
2629 2789 2791 2839 prae-

1744 2837 1911 2899 dicat,
1965 2851 2025 2889 se
2079 2841 2375 2893 confirmet.
2431 2872 2484 2881 —-
2535 2848 2790 2915 doleam]

1747 2924 1998 2976 «aegrum
2044 2915 2205 2964 animi
2253 2919 2307 2965 et
2353 2917 2685 2972 sollicitum.»
2734 2952 2788 2960 -

1742 2986 1988 3050 Phrygius
2024 2988 2169 3053 lapis]
2209 2991 2331 3039 «Est
2365 3005 2603 3044 marmor
2634 2998 2795 3047 Doci-

1745 3072 1966 3112 menum
2023 3062 2134 3112 sive
2192 3063 2577 3129 Synnadicum‚
2636 3070 2791 3133 volgo

1736 3139 2091 3198 paonazzetto,
2118 3139 2258 3187 inter
2277 3139 2579 3202 pulchriora
2599 3146 2653 3192 et
2674 3158 2795 3207 pre-

1746 3210 1985 3270 tiosiora,
2034 3224 2099 3260 ex
2145 3225 2253 3275 quo
2287 3216 2605 3277 praesertim
2645 3218 2794 3269 colu-

1745 3296 1904 3334 mnae
1939 3283 2165 3346 flebant,
2204 3286 2389 3349 quales
2412 3292 2535 3339 sunt
2558 3292 2792 3354 peraltae

1745 3357 1863 3408 illae
1898 3359 1951 3407 in
1974 3359 2208 3409 Pantheo
2232 3362 2296 3410 M.
2324 3363 2639 3426 Agrippae.»
2672 3368 2788 3418 Fu.

1746 3433 1956 3483 Poetice
1991 3431 2311 3484 describitur
2339 3449 2367 3484 a
2392 3438 2555 3488 Statio
2590 3440 2710 3490 Silv.
2739 3443 2787 3502 4,

1744 3508 1775 3556 5
1795 3545 1806 3567 ‚
1827 3506 1907 3555 36.
1946 3507 1997 3556 in
2022 3506 2226 3558 balneis
2251 3509 2482 3560 Etrusci:
2520 3512 2643 3562 Sola
2673 3515 2793 3564 nitet

1742 3581 1890 3646 slavis
1921 3581 2206 3632 Nomadum
2239 3584 2404 3632 decisa
2434 3587 2649 3636 metallis
2666 3589 2795 3638 Pur-

1737 3668 1903 3717 pura,
1972 3655 2082 3704 sola
2140 3669 2265 3705 cavo
2334 3658 2581 3721 Phrygiae
2640 3674 2792 3721 quam

1745 3730 2009 3792 Synnados
2040 3735 2190 3779 antro
2221 3731 2327 3792 Ipse
2365 3735 2645 3783 cruentavit
2683 3750 2795 3786 ma-

1746 3805 1871 3854 culis
1902 3804 2172 3854 lucentibus
2211 3805 2349 3854 Attis.
2413 3808 2786 3860 Pseudotibull.

1747 3879 1806 3940 3,
1856 3880 1915 3939 3,
1965 3878 2055 3928 43;
2116 3880 2303 3940 Quidve
2364 3881 2539 3930 dornus
2590 3885 2795 3943 prodest

1744 3953 1972 4016 Phryqiis
2019 3954 2203 4002 inni-m
2244 3953 2524 4004 columnis?
2572 3957 2789 4007 Martial.

1815 4138 1897 4190 42.
1937 4138 2017 4189 43.
2068 4141 2229 4191 siam
2268 4123 2474 4207 clariori
2520 4145 2605 4193 sio
2638 4143 2792 4195 sinus

1749 4214 1806 4274 2,
1846 4213 1956 4261 467.
1998 4212 2066 4263 de
2107 4227 2370 4279 purpura:
2424 4218 2675 4266 radiantis
2718 4223 2793 4267 te·
