3234 4975
653 390 776 455 7⁴0

1465 392 1720 441 floRATll
1756 392 2010 443 EPODON

820 549 1110 632 Namque
1155 544 1454 632 sagacius
1498 566 1667 610 unus
1712 544 1982 620 odoror,

731 666 1018 754 Polypus
1063 686 1144 731 an
1187 665 1400 752 gravis
1443 664 1706 730 hirsutis
1749 664 1944 732 cubet
1985 663 2203 731 hircus
2251 666 2312 728 in
2357 664 2502 740 alis,
2777 668 2816 728 5

819 787 1028 865 Quam
1071 786 1249 853 canis
1295 805 1476 861 acer,
1525 785 1636 851 ubi
1681 783 1877 850 lateat
1918 805 2050 850 sus.

730 908 854 986 Qui
899 907 1101 972 sudor
1141 907 1327 972 vietis
1370 913 1435 972 et
1476 925 1673 992 quam
1714 902 1925 970 malus
1968 901 2258 991 undique
2303 904 2611 971 membris

817 1026 1063 1093 Crescit
1108 1025 1305 1102 odor,
1354 1045 1503 1091 cum
1544 1045 1714 1112 pene
1759 1024 1969 1091 soluto

731 1144 1109 1211 Indomitam
1151 1154 1459 1232 properat
1502 1144 1750 1211 rabiem
1794 1144 2064 1224 sedare;
2114 1165 2327 1232 neque
2374 1144 2461 1210 illi

813 1268 948 1331 lam
991 1276 1205 1331 manet
1246 1264 1509 1330 humida
1552 1274 1731 1332 creta
1774 1263 2085 1352 colorque

2732 1266 2816 1330 ⁴0

729 1387 1029 1452 Stercore
1072 1385 1320 1451 fucatus
1366 1384 1708 1460 crocodili,
1758 1384 2018 1472 iamque
2064 1385 2362 1452 subando

813 1507 1010 1572 Teuta
1053 1504 1290 1572 cubilia
1338 1515 1638 1591 tectaque
1683 1504 1952 1592 rumpit!

729 1624 839 1692 Vel
884 1645 1031 1691 mea
1073 1645 1222 1692 cum
1264 1625 1475 1693 saevis
1521 1625 1715 1712 agitat
1757 1624 2012 1692 fastidia
2052 1626 2304 1693 verbis:

779 1822 827 1870 7.
866 1821 988 1882 Quis
1021 1821 1188 1871 nostri
1223 1820 1391 1870 Codd.
1413 1859 1425 1881 ,
1462 1821 1611 1871 LCtJ.
1653 1822 1735 1885 (Ut
1758 1835 1855 1873 nos
1879 1860 1891 1883 ,
1927 1820 2041 1887 βγκ
2067 1835 2221 1873 acum
2255 1821 2427 1873 tribus
2461 1820 2575 1874 aliis
2595 1835 2751 1887 prae—

715 1896 797 1943 ter
829 1904 924 1942 sex
956 1891 1243 1943 Torrentii»
1278 1892 1475 1954 Bentl.,
1512 1894 1638 1956 ΡΜ.)
1686 1919 1744 1932 -
1793 1897 1843 1946 8.
1881 1896 2081 1947 Craecat
2112 1910 2165 1957 c,
2190 1891 2250 1960 ξ,
2287 1910 2368 1960 pr.
2394 1894 2466 1958 β,
2503 1899 2750 1961 quattuor

711 1969 845 2017 Pott.
906 1994 959 2003 —
1015 1966 1063 2015 9.
1110 1980 1201 2017 nec
1243 1969 1402 2018 LCtF.
1443 1968 1738 2033 (Lectiones
1782 1982 1834 2018 v.
1872 1971 1903 2020 9
1937 1983 2129 2034 seqq..
2187 1983 2320 2033 quas
2353 1972 2520 2021 Bothe
2566 1970 2750 2020 tribuit

718 2039 1011 2090 Glareano:
1061 2047 1341 2103 properant
1375 2069 1404 2079 -
1441 2069 1472 2079 -
1510 2056 1600 2093 nec
1632 2043 1732 2094 illis
1769 2070 1797 2079 -
1819 2070 1848 2080 -
1885 2044 2080 2106 nmtpis
2110 2071 2139 2081 -
2162 2069 2192 2081 ·-
2230 2044 2420 2108 αρίιαε,
2464 2046 2608 2094 certe
2641 2050 2749 2094 nori

717 2113 1058 2178 reperiuntur
1091 2115 1144 2164 in
1178 2115 1293 2166 eius
1326 2115 1422 2166 Ed.
1461 2116 1697 2181 Friburg.
1739 2116 1903 2179 ⁴533.)

645 2300 791 2365 m]
826 2303 949 2351 ante
974 2313 1182 2352 omneS.
1223 2303 1391 2352 «Unus
1411 2315 1574 2367 saepe
1598 2316 1694 2354 sn-

641 2375 911 2439 perlativis
928 2413 940 2436 ,
965 2388 1089 2425 raro
1114 2377 1488 2440 comparativis
1510 2376 1696 2428 adiun-

644 2451 835 2513 gitur.»
885 2451 1118 2501 Wncnsa
1152 2449 1221 2500 ad
1253 2451 1383 2502 Aen.
1413 2451 1471 2512 ⁴,
1512 2452 1591 2501 ⁴5.
1634 2476 1688 2488 —-

639 2524 869 2589 Polypus]
916 2524 1118 2575 Eadem
1164 2526 1453 2588 quantitate
1488 2525 1594 2575 Sat.
1634 2527 1691 2585 l,

642 2599 699 2657 3,
728 2598 807 2650 40.
847 2602 1066 2664 propter
1102 2598 1332 2649 litteram
1354 2597 1609 2662 liquidam
1645 2601 1689 2661 l,

645 2675 705 2723 ut
735 2673 887 2724 melos
919 2674 970 2724 in
1006 2674 1170 2724 Persii
1216 2673 1351 2724 Prol.
1391 2687 1442 2725 v.
1481 2672 1572 2724 ult.
1609 2676 1693 2723 at-

642 2759 749 2809 que
782 2749 836 2797 in
869 2747 1113 2797 eiusdem
1147 2748 1253 2797 Sat.
1283 2750 1303 2796 l
1328 2784 1340 2807 ,
1377 2746 1440 2797 4:
1477 2749 1554 2797 No
1570 2748 1695 2797 mihi

639 2821 940 2882 Polydamas
973 2824 1074 2871 cet.
1133 2820 1232 2872 Alii
1266 2820 1510 2872 scribunt
1536 2822 1692 2883 Puly-

637 2908 736 2956 pus
755 2933 767 2955 ,
804 2895 920 2946 sine
945 2896 1275 2947 auctoritate.
1314 2898 1564 2948 Ceterum
1590 2896 1687 2947 cfr.

646 2967 784 3019 Cels.
824 2970 884 3026 6,
937 2970 994 3031 8,
1047 2971 1096 3020 2.
1154 2969 1286 3020 Ibid.
1322 2970 1370 3034 S.
1404 2973 1463 3020 ⁴:
1519 2972 1693 3021 ulcera

643 3043 787 3091 naris
819 3044 1021 3092 odorem
1062 3044 1261 3105 foedum
1303 3043 1506 3105 haberat,
1559 3045 1694 3106 quod

641 3128 797 3179 aenas
829 3115 1011 3165 Graeci
1044 3110 1278 3178 ὄζαιναν
1318 3118 1588 3179 appellant.
1632 3145 1686 3155 —-

641 3189 824 3251 Mrem]
859 3187 1116 3239 molestus
1151 3190 1287 3240 odor
1318 3191 1552 3242 hircinus
1585 3191 1689 3242 sub

639 3261 752 3313 alis.
790 3264 922 3327 Epp.
950 3264 1004 3324 l,
1030 3263 1087 3324 δ,
1113 3263 1203 3313 29:
1246 3263 1459 3314 olidae-
1480 3279 1687 3328 caprae.

648 3361 703 3374 -
741 3336 897 3401 cubet]
934 3335 1112 3387 «velut
1144 3336 1218 3387 ibi
1250 3336 1462 3389 lateat.»

708 3412 853 3461 7-42.
888 3411 1046 3476 vietis]
1084 3412 1266 3463 «senio
1302 3413 1406 3462 iam
1429 3412 1687 3475 flaccidiS,

643 3484 943 3536 marcidis«
1002 3487 1063 3535 H.
1105 3485 1140 3535 1.
1177 3484 1519 3549 bisyllabum.
1582 3489 1686 3538 Cfr.

643 3560 853 3610 Lucret.
892 3558 948 3619 3,
985 3558 1111 3609 386:
1148 3561 1375 3610 cecidisse
1394 3561 1580 3610 vietam
1606 3562 1693 3611 Ve-

641 3638 780 3684 stem.
832 3660 885 3669 —
933 3645 1061 3694 pene
1107 3633 1282 3698 soluto]
1337 3632 1688 3685 «delassata»

643 3708 826 3756 Senot..
869 3707 1038 3757 «Cum
1060 3709 1200 3757 coitu
1233 3710 1454 3772 peraeto
1477 3708 1559 3757 vir
1583 3709 1688 3758 iam

639 3779 879 3843 languet,
916 3779 1000 3830 illa
1034 3780 1274 3831 nondum
1308 3782 1496 3833 satiata
1518 3783 1689 3844 magis

644 3855 805 3904 etiam
870 3855 1124 3917 restingui
1191 3855 1339 3920 cupit
1414 3854 1688 3907 libidinem

643 3940 797 3979 suam
832 3926 1142 3978 effrenatam
1177 3942 1241 3980 ac
1273 3928 1594 3980 rabiosam.»
1631 3957 1686 3967 --

643 4014 801 4064 mque
821 4026 851 4038 ·-
871 4027 901 4037 —
920 4002 1106 4066 manet]
1144 4016 1364 4053 «omnes
1414 4004 1520 4054 iam
1555 4002 1687 4062 fuci,

645 4074 842 4139 quibus
864 4076 1051 4137 utitur,
1078 4079 1298 4142 propter
1317 4077 1573 4129 sudorem
1597 4077 1693 4127 dir-

645 4151 866 4200 fluunt.»
908 4176 961 4185 —
996 4150 1161 4214 crota]
1199 4153 1354 4202 Creta
1379 4154 1439 4201 ut
1470 4164 1690 4203 cerussa

647 4238 744 4292 pro
771 4224 890 4274 fuco
916 4223 1216 4276 utebantur.
1256 4225 1473 4278 Martial.
1511 4225 1570 4285 6,
1599 4225 1686 4286 93,

1768 2304 1815 2353 9.
1845 2302 1914 2354 de
1937 2302 2025 2353 tali
2048 2301 2272 2354 muliere
2296 2304 2496 2354 fucata:
2524 2305 2674 2354 acida
2693 2304 2815 2354 latet

1765 2376 1920 2427 oblita
1948 2381 2104 2428 σνοεα.
2135 2404 2188 2414 -
2234 2377 2452 2441 meatus]
2487 2377 2639 2429 «fuco
2662 2378 2813 2429 faciei

1765 2450 2074 2502 inductus.»
2136 2478 2191 2489 —
2249 2451 2507 2516 crocodili]
2564 2450 2814 2504 Clemens

1766 2527 2061 2589 Paedagog.
2088 2526 2148 2587 3,
2184 2528 2243 2589 2,
2280 2528 2335 2576 7:
2374 2527 2508 2596 Τρὶς
2528 2523 2663 2597 γάρ,
2699 2521 2812 2587 οὐχ

1765 2591 1922 2663 ἅπαξ
1955 2594 2314 2651 ἀπολωλέναι
2353 2598 2571 2652 δίκαιαι
2600 2615 2814 2671 κροκο-

1764 2671 1964 2724 δείλων
2007 2668 2334 2737 axonam«,-
2376 2671 2670 2746 χρώμεναι
2712 2674 2813 2725 καὶ

1764 2744 2101 2812 σηκεὸόνων
2147 2742 2364 2818 ἀφροκ
2418 2746 2809 2820 ἐγχριόμεναι.

1764 2820 1892 2871 Plin.
1919 2822 1982 2873 Η.
2009 2823 2071 2873 N.
2098 2823 2193 2884 28,
2218 2823 2277 2883 8,
2300 2823 2394 2874 28:
2434 2822 2696 2875 crocodili
2727 2826 2814 2874 in-

1764 2896 1944 2946 testina
1964 2897 2225 2960 diliqmor
2237 2897 2579 2957 sequimur
2596 2899 2814 2949 iaciendo

1762 2970 1937 3019 nidore
1973 2971 2178 3033 referta.
2212 2996 2243 3007 -
2264 2996 2295 3006 -
2333 2970 2646 3022 crocodilea
2683 2972 2815 3022 illita

1763 3057 1830 3094 ex
1874 3044 1981 3094 oleo
2028 3044 2238 3106 cyprino
2284 3045 2537 3095 mole-suas
2582 3047 2638 3095 in
2681 3047 2815 3108 facio

1764 3122 2046 3168 masconta-r
2098 3118 2226 3167 tollit
2275 3120 2377 3169 cet.
2442 3144 2497 3154 —
2555 3119 2808 3183 wibaudo]

1765 3204 1958 3255 «supra
1984 3191 2158 3241 virum
2199 3203 2259 3241 se
2292 3190 2587 3254 agitando.»
2623 3193 2807 3242 Senot..

1768 3293 1823 3302 —
1859 3266 2069 3327 rumpit]
2107 3262 2308 3316 «lectus
2350 3266 2555 3316 intortis
2597 3265 2810 3317 funibus

1763 3351 1807 3389 s.
1845 3337 1970 3390 loris
2004 3351 2069 3389 ac
2103 3338 2330 3390 fasciolis
2359 3338 2642 3390 subtentus
2666 3340 2812 3390 eius-

1764 3426 1869 3476 que
1914 3418 2069 3474 tecta,
2106 3411 2161 3462 id
2210 3414 2316 3474 est,
2366 3411 2641 3472 aulaeum,
2676 3414 2813 3463 Bal·

1763 3487 2019 3548 ἀαοὴᾶη,
2058 3488 2119 3536 ut
2151 3488 2434 3547 corruant,
2483 3487 2608 3537 facit
2639 3487 2810 3536 vehe-

1764 3562 1976 3611 menter
2025 3573 2085 3611 se
2141 3560 2440 3624 agitando.»
2508 3560 2677 3623 (Tecta
2722 3559 2808 3610 alii

1764 3634 1938 3685 minus
1984 3634 2130 3684 recte
2170 3634 2531 3698 integumenta
2580 3648 2625 3685 s.
2668 3636 2811 3684 stra—

1763 3706 1882 3771 gula
1917 3706 2038 3757 lecti
2071 3708 2523 3771 interpretantur.)

1831 3780 1944 3830 ⁴34
1957 3782 2003 3831 6.
2027 3781 2110 3831 Vel
2117 3794 2231 3831 mea
2247 3780 2371 3845 cet.]
2392 3782 2534 3832 Nova
2547 3781 2811 3831 sententia

1763 3867 1888 3905 cum
1922 3853 2198 3919 abruptius
2234 3855 2514 3916 inferatur,
2566 3855 2813 3917 indigna-

1763 3929 1962 3979 tionem
2027 3931 2216 3993 poetae
2274 3930 2484 3992 egregie
2541 3929 2807 3992 exprimit.

1765 4005 1997 4054 «Rursus
2040 4016 2203 4066 quam
2248 4003 2547 4067 importuna
2588 4004 2644 4053 et
2675 4001 2813 4052 abo—

1765 4077 2015 4127 minanda
2049 4078 2155 4137 est,
2201 4089 2327 4127 cum
2361 4074 2626 4127 fastidium
2645 4113 2657 4134 ,
2703 4088 2812 4138 quo

1765 4164 1886 4201 eam
1910 4148 2133 4215 repello,
2168 4151 2343 4201 saevis
2365 4148 2667 4214 opprobriis
2690 4163 2815 4200 exa-

1764 4225 1962 4289 gitati»
1997 4226 2073 4274 Ex
2093 4238 2179 4275 vv.
2208 4225 2236 4273 7
2255 4237 2374 4287 sqq.
2414 4224 2510 4286 Qut·
2531 4224 2684 4273 stodor
2701 4226 2805 4274 cet.
