3234 4975
1270 370 1388 420 un.
1426 371 1510 419 ιν.
1582 370 1641 419 c.
1679 371 1810 420 vm.
2495 367 2619 430 585

442 527 734 591 Abtiwilumy
768 527 857 577 der
894 526 1066 577 Worto
1083 526 1433 577 mmmmm
1465 527 1603 585 kann
1625 527 1702 576 als
1723 527 1802 577 die
1835 527 1906 576 im
1932 527 2177 590 Vortraqe
2195 540 2295 576 von
2315 527 2427 576 dem
2448 527 2624 594 Gany„

438 612 527 660 der
561 610 829 661 Godanken
860 608 1129 674 qoboterwn
1160 610 1382 659 kleinem
1411 611 1517 660 und
1546 613 1779 674 grossam
1795 611 2015 661 Pau-sen:
2051 623 2104 660 so
2141 610 2204 660 ist
2235 608 2493 660 Mainake’s
2511 611 2622 660 rein

437 695 759 756 dusserlicha,
815 694 941 743 bloss
992 694 1047 742 in
1078 694 1167 742 der
1205 692 1391 755 schrift
1436 693 1525 756 fiir
1556 694 1649 743 das
1689 693 1829 758 Auge
1865 694 2278 744 wahrnelunbaro
2316 693 2624 757 Anordmmq

441 778 601 828 dieser
636 777 867 828 Gedichta
899 777 976 826 als
1005 772 1409 847 τετράστροφα
1438 778 1613 827 weiter
1642 778 1801 828 nicht-5
1819 779 1899 828 als
1917 778 1999 828 ein
2030 778 2485 842 bedeutwnysleerer
2503 778 2627 827 Ein-

437 863 558 926 t'all,
594 862 683 912 der
713 861 889 910 kainon
919 862 1115 910 andem
1146 860 1324 910 Grund
1356 860 1444 910 hat
1469 860 1546 909 als
1567 862 1648 910 die
1678 861 2057 925 Baobaohtunq,
2095 863 2211 912 dass
2238 863 2318 912 die
2347 862 2624 926 fraqtichen

443 945 671 997 Gedichto
692 946 832 1007 jedes
863 958 959 994 aus
989 945 1127 994 einer
1155 943 1351 994 Ansam
1387 945 1531 995 Versa
1563 944 1772 1006 bestehe,
1822 946 1901 995 die
1931 946 2034 995 sich
2066 945 2224 995 durch
2257 945 2335 994 dio
2364 945 2486 995 lam
2513 946 2624 994 viar

439 1030 551 1079 rein
583 1028 760 1078 meilen
797 1029 949 1089 lassi,
988 1028 1096 1077 also
1127 1027 1266 1078 kain
1300 1029 1543 1089 Getas,
1577 1028 1784 1078 welches
1814 1042 1909 1078 uns
1941 1029 2254 1092 borochtiyto,
2290 1029 2420 1078 auch
2449 1042 2552 1079 nur
2570 1029 2626 1077 in

442 1114 639 1164 cinam
673 1111 900 1161 Gedichte
933 1112 1017 1160 des
1042 1112 1285 1161 Horatius
1316 1116 1470 1161 olivas
1500 1112 1935 1174 weqzuschneiden
1958 1114 2078 1162 oder
2108 1117 2432 1174 anzusetzen,
2467 1126 2556 1161 um
2575 1126 2627 1162 es

443 1197 497 1245 in
518 1197 666 1258 jener
685 1194 955 1258 zusdttiqen
979 1193 1381 1245 deusserlichkeit
1411 1196 1575 1246 seincn
1605 1197 2081 1259 Metrmnsqenossen
2111 1197 2268 1259 qleich
2302 1210 2372 1247 zu
2398 1197 2623 1258 machon,

442 1292 590 1330 worm
618 1278 918 1328 urkmzdtich
951 1279 1230 1342 darqethan
1264 1278 1355 1338 ist,
1391 1279 1507 1328 dass
1541 1280 1632 1328 dor
1661 1279 1867 1328 Dichter
1897 1279 2041 1329 solbst
2074 1293 2126 1330 os
2151 1279 2299 1330 &men
2317 1280 2452 1329 nicht
2470 1280 2628 1343 yleioh

444 1363 671 1427 gemacht
701 1362 840 1411 hat.»
889 1362 1037 1412 Hanc
1071 1362 1390 1412 sententiam
1423 1364 1643 1425 praeter
1662 1361 2095 1427 Eichstadium*)‚
2131 1363 2399 1424 Iahnium‚
2436 1361 2629 1413 Dillen-

445 1446 767 1508 burgerum,
803 1447 1158 1506 Diintzerum,
1197 1444 1492 1494 Gerberum
1507 1445 1610 1508 **),
1658 1443 1994 1496 Gerlachium
2038 1445 2425 1508 mmmmm),
2464 1446 2623 1506 alios,

449 1542 622 1592 nuper
654 1527 929 1593 amplexus
982 1530 1065 1579 est
1114 1529 1275 1578 etiam
1310 1529 1607 1589 SteineruS,
1662 1529 1753 1592 qui
1803 1528 2143 1592 disputationi
2176 1541 2306 1579 suae
2340 1527 2408 1578 de
2443 1531 2625 1580 nostro

447 1611 567 1663 loco
601 1625 763 1675 supra
797 1611 984 1662 allatae
1017 1613 1154 1663 haec
1186 1612 1447 1662 subiecit:
1503 1612 1600 1662 «At
1628 1611 1716 1662 lex
1747 1610 1832 1662 illa
1854 1612 2213 1671 Meinekiana‚
2250 1624 2354 1674 qua
2379 1612 2627 1663 Horatius

449 1697 627 1746 omnia
660 1697 895 1746 carmina
930 1694 1094 1758 lyrica
1128 1696 1179 1745 in
1209 1700 1571 1756 quator-nomn
1590 1709 1848 1746 versuum
1873 1695 2121 1759 strophas
2145 1696 2344 1755 divisit,
2381 1693 2629 1746 hocloco

453 1781 519 1842 (v.
546 1779 645 1840 47.)
672 1777 931 1843 postulat,
978 1781 1037 1828 ut
1072 1778 1206 1828 duos
1239 1791 1429 1829 versus
1468 1781 1560 1829 aut
1593 1778 1855 1829 excidisse
1891 1781 1984 1829 aut
2016 1777 2185 1828 aliena
2221 1791 2385 1829 manu
2417 1778 2628 1830 additos

451 1875 573 1913 esse
606 1864 916 1912 statuamus.
958 1862 1222 1925 Equidem
1247 1862 1327 1912 isti
1364 1861 1466 1925 legi
1489 1875 1596 1912 non
1621 1864 1828 1912 tantum
1852 1861 2144 1912 tribuerim.
2181 1862 2390 1913 Etenim
2413 1865 2630 1925 praeter

452 1946 555 1995 hoc
586 1958 803 1996 carmen
838 1947 1055 2007 quinque
1086 1946 1302 1996 omnino
1339 1945 1390 1995 in
1428 1947 1680 2008 quattuor
1712 1945 1938 1996 odarum
1971 1943 2118 1995 libris
2153 1946 2494 2009 reperiuntur
2516 1957 2632 1995 car-

453 2029 621 2091 mina,
654 2030 707 2079 in
743 2028 937 2092 quibus
972 2029 1117 2079 idem
1148 2043 1338 2081 versus
1373 2043 1592 2094 semper
1615 2030 1898 2094 reperitur.
1934 2028 2030 2078 Od.
2060 2029 2116 2090 4,
2156 2030 2211 2088 4;
2249 2028 2307 2088 3,
2344 2028 2407 2078 30
2440 2041 2631 2079 versus

454 2111 833 2176 Asclepiadeus
866 2113 1063 2172 minor;
1102 2113 1196 2162 Od.
1240 2113 1298 2175 1,
1342 2114 1431 2173 44;
1469 2114 1525 2174 4,
1565 2113 1657 2171 48;
1697 2112 1757 2171 4,
1798 2114 1859 2163 40
1893 2110 2271 2175 Asclepiadeus
2303 2105 2516 2163 maior.'
2555 2113 2629 2162 Ex

456 2198 565 2245 tam
604 2197 789 2261 paucis
833 2195 1090 2260 exemplis
1133 2199 1336 2246 certam
1379 2197 1446 2246 de
1482 2195 1809 2246 carminibus
1859 2195 2205 2246 monostichis
2251 2194 2426 2258 legem
2460 2195 2632 2245 conti-

458 2292 583 2328 cere
621 2293 725 2329 non
761 2279 913 2341 licet,
969 2293 1094 2330 cum
1127 2280 1445 2344 praesertim
1478 2282 1530 2329 in
1564 2279 1786 2343 Epodon
1821 2276 1956 2328 libro
1991 2291 2279 2328 numerum
2311 2277 2454 2328 illum
2496 2291 2632 2342 qua-

456 2364 747 2413 ternarium
781 2362 850 2413 ab
884 2364 1000 2428 ipso
1031 2368 1191 2427 poeta
1223 2362 1525 2426 neglectum
1558 2363 1855 2412 videamus,
1909 2361 2130 2411 Accedit
2162 2360 2308 2424 quod
2340 2361 2525 2411 divisio
2548 2360 2630 2411 illa

456 2447 863 2511 tetrastrophica
897 2460 1074 2511 neque
1118 2448 1170 2498 in
1201 2447 1365 2512 ipsius
1398 2447 1555 2498 metri
1590 2448 1779 2497 natura
1812 2445 1994 2496 nititur
2025 2447 2081 2495 et
2115 2445 2497 2495 sententiarum
2534 2458 2633 2495 ne-

456 2543 585 2580 xum
617 2532 930 2596 saepissime
963 2530 1311 2596 interpellat.»
1362 2531 1467 2581 Sed
1502 2533 1607 2582 iam
1642 2534 1852 2595 tempus
1877 2531 1961 2580 est
1993 2528 2061 2578 ab
2095 2527 2227 2591 legis
2249 2529 2628 2588 Meinekianae‚

458 2613 527 2664 de
552 2616 704 2666 cuius
726 2616 950 2665 veritate
973 2616 1244 2665 neminem
1268 2616 1367 2665 nisi
1388 2615 1560 2678 ipsam
1584 2614 1948 2678 stupiditatem
1967 2612 2211 2662 dubitare
2237 2611 2392 2675 (auur
2412 2612 2490 2661 dia
2506 2612 2629 2661 bare

457 2698 724 2748 dwnmheit
754 2699 966 2761 zweit'ett
979 2698 1022 2759 ι)
1072 2699 1442 2749 Lachmannus
1482 2699 1781 2747 contentius
1822 2709 1985 2761 quam
2032 2695 2288 2745 urbanius
2329 2695 2630 2754 affirmavit,

460 2780 907 2831 obtrectatoribus
947 2781 1208 2831 redeundi
1264 2781 1331 2831 ad
1373 2781 1614 2831 eiusdem
1653 2781 1914 2842 fautores,
1970 2781 2108 2829 inter
2157 2791 2293 2842 quos
2327 2780 2435 2828 iam
2469 2791 2633 2842 supra

460 2877 513 2928 p.
551 2863 665 2914 42⁴.
702 2864 1053 2915 Kirchnerum
1087 2864 1444 2926 laudavimu8‚
1496 2862 1671 2914 nullus
1707 2866 1885 2914 tamen
1919 2865 2091 2913 maior
2123 2863 2318 2914 exstitit
2358 2875 2521 2925 quam
2554 2862 2635 2911 vir

462 2959 731 3007 summm,
780 2947 1113 2998 Godot'redus
1147 2949 1506 3008 Hermannus‚
1551 2948 1703 2997 cuius
1738 2947 2149 2999 audacissimam
2180 2947 2348 2997 nostri
2383 2946 2633 2996 carminis

461 3031 850 3081 restitutionem
880 3030 1125 3096 (Berichte
1154 3031 1278 3082 iiber
1307 3033 1385 3081 die
1423 3031 1685 3081 Verhandl.
1723 3032 1812 3080 der
1845 3031 2098 3082 Gesellsch.
2135 3032 2225 3082 dor
2259 3029 2549 3081 Wissensch.
2574 3042 2625 3079 z.

462 3115 630 3177 Leipz.
669 3116 729 3164 N.
767 3116 899 3166 vm.
935 3129 990 3180 p.
1026 3115 1163 3178 274.)
1200 3113 1460 3166 corollarii
1493 3112 1611 3164 loco
1645 3114 1733 3164 hic
1765 3113 2117 3165 subiecimus:

724 3293 974 3356 Gaudes
1019 3291 1439 3368 carminibus3
1488 3290 1768 3355 carmina
1812 3311 2145 3377 possumus

722 3415 971 3476 Donate
1014 3420 1077 3476 et
1120 3415 1393 3495 pretium
1436 3410 1652 3478 dicere
1696 3412 1979 3477 muneri:

891 3533 1015 3595 Per
1056 3552 1216 3616 quae
1260 3533 1518 3618 spiritus
1562 3541 1626 3597 et
1669 3532 1796 3597 vita
1839 3532 2008 3597 redit
2050 3530 2235 3598 bonis

725 3656 871 3716 Post
919 3659 1187 3716 mortem
1233 3650 1520 3718 ducibus.
1613 3658 1752 3718 Non
1798 3662 2036 3718 statuae
2081 3652 2317 3736 magis,

728 3776 866 3837 Non
909 3774 1105 3839 incisa
1150 3777 1311 3839 notis
1359 3793 1673 3839 marmora
1719 3773 1984 3860 publicis
2099 3755 2108 3764 ’
2563 3777 2635 3838 15

596 4099 628 4149 ’)
670 4093 833 4149 Progr.
876 4081 1160 4141 Acadslen.
1202 4095 1326 4141 ⁴843.

594 4161 653 4214 ⁸⁸)
694 4160 856 4217 Progr.
890 4160 1216 4207 Sondershus.
1252 4160 1377 4207 ⁴846.

596 4228 677 4282 m)
710 4227 875 4274 Revue
919 4229 981 4275 de
1011 4228 1279 4284 Philologie
1310 4227 1361 4272 ΙΙ.
1397 4241 1444 4285 p.
1478 4228 1562 4272 336
1592 4239 1700 4283 sqq.
