3234 4975
1196 401 1312 449 ΜΒ.
1354 400 1435 448 lV.
1509 401 1546 449 C

1556 438 1566 449 .
1606 399 1712 449 vu.
2483 396 2595 461 574

522 556 719 619 Mutat
767 566 937 620 terra
984 555 1159 620 vices
1205 565 1268 620 et
1311 554 1754 621 decrescentia
1799 555 1972 641 ripas

776 673 1063 741 Flumina
1107 686 1550 762 praetereunt3

519 843 733 908 Gratia
777 863 926 908 cum
967 842 1279 932 Nymphis
1325 844 1734 931 geminisque
1782 843 2115 910 sororibus
2160 844 2354 910 audet

770 964 1025 1030 Ducere
1070 963 1244 1030 nuda
1288 963 1541 1030 choros

2566 846 2606 905 5

522 1082 901 1151 immortalia
946 1106 1027 1151 ne
1075 1106 1330 1172 spere8‚
1379 1097 1598 1152 monet
1648 1105 1854 1151 annus
1898 1095 1963 1152 et
2008 1084 2246 1151 almum

769 1207 952 1284 Quae
998 1206 1163 1293 rapit
1204 1204 1364 1272 hora
1421 1205 1613 1272 diem.

564 1440 611 1488 7.
649 1440 711 1504 et]
750 1441 818 1489 ad
851 1440 906 1489 T.
951 1468 1002 1475 —
1043 1439 1213 1489 albiam
1244 1440 1304 1497 d,
1345 1453 1483 1489 corr.
1520 1439 1584 1499 b,
1612 1440 2012 1492 Franekeranus
2036 1440 2132 1505 (v),
2158 1455 2255 1507 pro
2278 1455 2391 1492 var.
2416 1441 2537 1493 lect.

500 1511 555 1572 β.
605 1540 659 1548 -
703 1514 751 1562 s.
793 1514 949 1575 Qum
980 1514 1036 1563 T.
1082 1541 1135 1549 -
1173 1512 1317 1575 aian]
1349 1515 1525 1575 polum

435 1722 636 1791 μάχην
667 1722 995 1790 μάχεσθαι,
1038 1727 1091 1776 in
1126 1739 1283 1789 prosa
1308 1730 1441 1776 orat.
1471 1740 1481 1773 :

436 1802 688 1865 «patitur,
728 1799 871 1850 subit
905 1801 1051 1851 vices
1091 1813 1324 1860 annuas;
1362 1813 1487 1851 mu-

441 1878 619 1925 tantur
653 1877 828 1924 terrae
874 1876 1055 1934 vices,
1109 1887 1234 1924 cum
1268 1888 1333 1925 ex
1368 1875 1486 1924 hie-

442 1947 566 1999 mali
634 1961 857 1999 vernam
913 1950 1152 2012 speciem
1208 1950 1483 2000 assumit.»

438 2021 641 2073 Placuit
680 2021 874 2073 locutio
915 2023 1203 2073 Claudiano
1238 2023 1395 2074 Proh.
1434 2025 1489 2073 et

439 2095 621 2160 Olybr.
650 2098 747 2148 ⁴2:
787 2099 894 2161 (His
917 2098 1039 2158 non)
1064 2100 1201 2147 novit
1226 2098 1482 2160 (Fortuna)

436 2175 634 2221 auctare
648 2173 793 2221 vices.
821 2173 1080 2235 panegyr.
1102 2173 1154 2222 in
1174 2173 1346 2222 Pison.
1369 2172 1480 2222 ⁴33:

437 2245 555 2307 Ipsa
592 2246 723 2294 vices
770 2251 962 2295 natura
1008 2246 1137 2295 subit
1183 2247 1487 2305 variamque

437 2333 612 2369 cursus
634 2320 875 2380 Ordinat‚
910 2321 1122 2370 inversis
1153 2324 1201 2369 et
1228 2319 1487 2383 frondibus

441 2394 661 2455 explicat
693 2407 900 2443 annum.
962 2392 1090 2444 Plin.
1130 2395 1191 2443 Η.
1226 2394 1287 2443 N.
1322 2394 1381 2453 2,
1418 2392 1482 2441 6:

436 2470 566 2519 vices
620 2473 899 2530 temporum
952 2480 1243 2529 annumque
1295 2480 1488 2529 semper

436 2548 791 2594 renascentem.
818 2571 870 2581 --
907 2543 1251 2607 decrescentia]
1277 2541 1486 2606 Alpium

437 2619 489 2667 et
522 2617 782 2680 Apennini
814 2616 1024 2667 nivibus
1056 2618 1161 2666 cito
1192 2616 1486 2680 liquefactis

436 2692 610 2756 primo
633 2704 762 2741 vere
785 2692 1149 2742 intumescunt
1170 2690 1349 2741 ltaliae
1384 2691 1488 2739 ssu-

440 2765 581 2815 mina
604 2779 616 2824 ;
654 2777 778 2815 mox
809 2762 990 2814 adulto
1013 2778 1141 2814 vere
1167 2764 1487 2815 decrescunt

436 2842 490 2889 et
534 2852 595 2890 se
638 2841 910 2890 continent
955 2840 1091 2890 intra
1137 2841 1280 2903 ripas
1325 2851 1484 2897 suas;

436 2915 613 2977 itaque
637 2927 731 2964 eas
750 2919 1100 2976 praetereunt,
1129 2914 1183 2963 id
1207 2915 1290 2964 est
1307 2951 1318 2973 ,
1345 2913 1485 2961 iuxta

442 2989 584 3053 ripas
618 2986 869 3040 labuntur
903 3001 1079 3052 neque
1116 3000 1208 3037 eas
1254 2999 1488 3047 evagan-

437 3066 523 3113 tur
544 3063 927 3127 (vorbeirollen).
967 3064 1074 3113 Liv.
1102 3063 1185 3123 38,
1215 3064 1304 3113 ⁴8:
1336 3074 1491 3123 prae-

436 3143 512 3187 ter
543 3140 713 3200 ripam
754 3138 981 3188 euntibus
1028 3138 1280 3187 Romanis.
1352 3133 1487 3186 Male

435 3212 559 3264 olim
584 3214 915 3264 decrescentia
949 3211 1132 3262 «valde
1159 3210 1484 3261 crescentia»

438 3289 493 3335 et
508 3293 831 3347 praetereunt
866 3288 1192 3346 «exundant,
1232 3284 1489 3336 inundant

438 3357 555 3409 loca
604 3360 930 3411 adiacentia»
979 3359 1483 3424 interpretabantur.

501 3434 547 3482 ὃ.
578 3435 626 3482 6.
656 3436 839 3484 Gratia
861 3449 976 3484 cam
996 3461 1021 3471 -
1040 3435 1286 3498 yeminis-
1302 3435 1490 3484 sorori-

437 3505 541 3570 bus]
567 3506 620 3555 id
644 3510 729 3558 est
753 3510 989 3558 «Gratiae
1015 3508 1393 3571 tergeminae»,
1421 3520 1487 3558 ex

437 3581 683 3642 opinione
707 3580 904 3643 volgari
942 3580 1010 3631 ab
1052 3581 1282 3632 Hesiodo
1314 3582 1490 3645 profe-

437 3655 545 3712 cta,
574 3655 943 3717 Euphrosyne,
965 3655 1159 3718 Aglaia,
1181 3655 1357 3706 Thalia
1381 3672 1392 3715 ;
1421 3670 1485 3707 ex

437 3728 652 3790 antiqua
677 3728 1080 3779 Atheniensium
1105 3729 1271 3789 duae,
1319 3723 1484 3793 Αὗξώ

436 3801 536 3849 καὶ
571 3795 873 3867 Ἡγεμόνη.
940 3804 1165 3853 Pausan.
1205 3803 1261 3860 9,
1297 3803 1388 3864 35,
1431 3806 1480 3854 2.

444 3899 499 3909 —
538 3888 653 3924 mun
688 3875 956 3940 Nymphis]
1011 3880 1069 3926 ut
1106 3878 1201 3926 Od.
1244 3879 1298 3938 4,
1338 3876 1395 3938 4,
1434 3879 1481 3927 6.

436 3949 592 3999 Hom.
632 3951 823 4018 Hymn.
864 3951 915 4001 in
950 3952 1086 4000 Ven.
1111 3952 1238 4002 262:
1301 3950 1486 4017 (Νύμ-

433 4023 568 4086 φαι)
615 4023 726 4074 Καί
768 4039 828 4074 τε
867 4027 989 4089 μετ’
1026 4019 1345 4089 ἀθανάτοις
1378 4042 1484 4077 κα-

434 4092 539 4146 λὸν
589 4094 769 4168 χορὸν
817 4093 1166 4169 ε’ῥριόσαντο.
1210 4128 1263 4137 -
1317 4101 1482 4164 nuda]

435 4172 531 4222 Od.
560 4173 618 4234 3,
647 4173 736 4232 49,
768 4175 828 4224 46
852 4187 933 4238 sq.
976 4177 1200 4226 Pausan.
1229 4175 1290 4234 9,
1318 4176 1406 4236 35,
1433 4176 1480 4224 6.

436 4251 615 4298 narrat
664 4248 987 4312 antiquiores
1040 4252 1093 4300 et
1144 4249 1379 4313 pictores
1433 4253 1487 4299 et

1559 1522 1630 1575 ψ.

1556 1724 1883 1791 sculptores,
1911 1725 2169 1791 Bupalum
2186 1766 2198 1789 ,
2224 1726 2482 1792 Apellem‚
2509 1730 2610 1790 Py-

1558 1801 1837 1863 thagoram
1877 1801 2114 1861 Parium,
2160 1801 2462 1862 Socratem,
2508 1803 2607 1851 So—

1557 1875 1827 1938 phronisci
1869 1872 2062 1934 filium,
2116 1876 2319 1926 Gratias
2363 1875 2606 1926 vestibus

1558 1948 1770 1999 indutas
1793 1949 2153 2013 expressisse:
2191 1948 2252 1999 οἱ
2265 1946 2327 1999 δὲ
2345 1944 2605 2019 ὕστερον,

1559 2017 1670 2074 οὐκ
1729 2018 1861 2073 οἶδα
1901 2021 1993 2084 ἐφ’
2031 2016 2149 2089 ὅτῳ
2169 2060 2184 2083 ,
2240 2021 2608 2089 μεταβεβλή-

1557 2114 1697 2148 κασι
1729 2092 1799 2147 τὸ
1832 2095 2037 2162 σχῆμα
2069 2092 2291 2160 αὑταῖς.
2342 2095 2608 2223 Χάέίτας

1556 2169 1700 2238 γοῦν
1755 2172 1816 2221 οἱ
1868 2173 1992 2221 κατ’
2049 2170 2155 2236 ἐμὲ
2208 2165 2435 2223 ο«ε’νιύὶοισσ
2546 2186 2608 2223 τε

1558 2248 1658 2297 καὶ
1690 2240 1950 2316 ’ἔγραφον
1981 2243 2223 2312 γυμνάς.

1624 2322 1653 2370 7
1679 2348 1707 2359 -
1733 2321 1812 2370 ⁴2.
1856 2321 2171 2370 Immortalia
2202 2334 2266 2370 ne
2296 2324 2477 2387 speres]
2517 2325 2610 2376 «Ut

1559 2394 1715 2446 nobis
1764 2395 1853 2443 vix
1902 2395 2102 2445 conscii
2153 2395 2424 2446 interdum
2478 2396 2609 2446 saci-

1560 2482 1706 2531 muS,
1767 2468 1899 2520 dum
1946 2470 2091 2532 viget
2149 2471 2295 2520 aetas
2353 2482 2609 2534 morsque

1559 2546 1795 2594 immane
1858 2547 2118 2607 quantum
2167 2542 2354 2606 procul
2413 2544 2607 2595 abesse

1560 2618 1800 2669 felicibus
1848 2617 2111 2668 videtur.»
2180 2618 2479 2668 Simonides
2524 2620 2605 2668 Fr.

1560 2694 1641 2743 60.
1681 2691 2047 2742 Schneidew.:
2087 2686 2326 2755 Θνητῶν
2357 2688 2404 2739 δ’
2448 2685 2607 2761 ὄφρα

1559 2780 1645 2828 τις
1678 2757 1864 2827 ἄνθος
1897 2758 2008 2835 ἔχῃ
2041 2759 2409 2834 πολυήρατον
2435 2756 2606 2830 ἥβης,

1560 2837 1805 2900 Κοῦφον
1849 2833 2001 2898 ἔχων
2045 2834 2240 2903 θυμὸν
2281 2836 2441 2889 πόλλ’
2477 2832 2610 2890 ἀτέ-

1558 2914 1735 2965 λεστα
1766 2917 1907 2963 νοεῖ.
1961 2906 2107 2963 Οὔτε
2138 2906 2249 2982 γὰρ
2282 2910 2458 2964 ἐλπίδ’
2483 2905 2605 2972 ἔχει

1557 2987 1901 3112 Μωγηρασὲἵ
1931 2979 2441 3124 ᾘὶἓθαέΐτῖῧέῑ
2467 2989 2612 3114 ’,έῖἴ

1560 3148 1748 3198 nemo,
1819 3136 2163 3187 Horatianum
2224 3150 2330 3187 non
2384 3138 2495 3197 est3
2556 3139 2608 3188 in

1560 3214 1774 3263 Lucano
1808 3209 2176 3274 similibusque
2222 3213 2394 3275 poetis
2426 3213 2611 3276 utique

1560 3287 1708 3338 esset
1757 3285 2051 3336 ferendum.
2112 3312 2168 3323 —
2222 3285 2430 3350 almum]
2466 3285 2610 3337 diem

1558 3362 1741 3421 vocat,
1779 3360 1922 3424 quod
1957 3358 2062 3422 sol,
2109 3361 2201 3423 qui
2236 3359 2341 3410 diei
2374 3363 2609 3424 praeest,

1559 3435 1738 3485 omnia
1782 3433 1888 3484 alit.
1959 3435 2052 3484 Est
2099 3432 2366 3484 ἐπίθετον
2415 3445 2614 3497 perpe-

1560 3512 1738 3570 tuum,
1765 3512 1823 3558 ut
1845 3503 2001 3578 ἱερὸν
2022 3498 2199 3578 ἦμαρ.
2236 3508 2378 3570 Virg.
2404 3509 2536 3557 Aen.
2558 3509 2609 3568 δ,

1560 3583 1658 3634 64:
1696 3584 1738 3633 si
1770 3595 1908 3633 nona
1941 3583 2072 3631 diem
2101 3581 2399 3631 mortalibus
2419 3582 2613 3631 almum

1558 3657 1762 3707 Aurora
1795 3655 2046 3706 extulerit.
2118 3654 2212 3705 Alii
2263 3655 2438 3705 minus
2489 3657 2612 3720 apte

1559 3732 1754 3791 album,
1792 3731 1842 3780 id
1881 3732 1990 3791 est,
2030 3727 2290 3790 «laetum,
2327 3729 2610 3779 inustum.»

1565 3831 1621 3842 —
1660 3805 1811 3869 hora]
1865 3804 1961 3855 Hic
2003 3818 2112 3854 non
2158 3803 2259 3854 dea
2293 3803 2614 3854 vicissitudi-

1562 3880 1675 3940 nis,
1715 3892 1817 3929 nec
1852 3881 2160 3942 temporum
2193 3879 2467 3938 universe,
2514 3878 2612 3928 sed

1559 3954 1773 4018 proprie
1827 3952 1991 4002 horae
2043 3949 2306 4014 singulae,
2360 3953 2419 4001 ut
2465 3954 2613 4015 patet

1560 4041 1626 4077 ex
1661 4041 1746 4076 w.
1786 4039 1952 4075 annus
1984 4028 2038 4075 et
2071 4026 2215 4075 diem.
2258 4024 2429 4088 (Apud
2453 4026 2615 4075 Athe-

1561 4101 1778 4151 nienses
1836 4099 1974 4149 duae
2035 4099 2246 4149 fuerunt
2306 4101 2613 4164 temporum

1559 4175 1837 4241 praesides
1861 4212 1873 4234 ,
1943 4169 2145 4225 Θαλλώ
2204 4174 2304 4225 καὶ
2360 4168 2572 4241 Καρπώ
2595 4209 2609 4231 ,

1559 4251 1784 4300 Pausan.
1824 4247 1880 4310 9,
1908 4247 1997 4308 35,
2037 4250 2116 4304 2.;
2154 4247 2297 4312 apud
2323 4247 2612 4298 Hesiodum
