3234 4975
626 406 748 470 494

1389 406 1646 458 HORATu
1683 405 2020 457 CARMINUM

964 561 1251 630 Credidit
1292 572 1475 628 tauro
1519 561 1686 627 latus
1730 570 1794 627 et
1835 568 2184 626 scatentem

960 683 1178 749 Beluis
1220 691 1488 770 pontum
1530 680 1911 767 mediasque
1957 679 2218 746 fraudes

1216 803 1443 869 Palluit
1487 801 1717 867 audax.

962 963 1182 1050 Nuper
1226 961 1288 1025 in
1336 960 1535 1048 pratis
1579 957 1868 1024 studiosa
1912 955 2145 1023 florum
2189 968 2254 1023 et

960 1081 1230 1148 Debitae
1273 1078 1583 1170 Nymphis
1628 1078 1841 1167 opifex
1883 1098 2165 1144 coronae

2711 1078 2793 1140 30

960 1204 1159 1268 Nocte
1203 1199 1506 1267 sublustri
1552 1198 1704 1264 nihil
1750 1209 1922 1264 astra
1967 1209 2228 1286 praeter

753 1400 835 1450 26.
873 1399 934 1461 et]
972 1403 1027 1447 at
1058 1395 1225 1448 Bentl.
1267 1398 1400 1447 coni.

624 1572 701 1641 τῷ
736 1571 974 1645 Κρητῶν
1005 1570 1251 1633 βασιλεῖ.
1291 1571 1577 1636 Γενομένη
1603 1567 1667 1620 δὲ
1742 1568 1789 1618 δ’
1827 1570 1948 1620 ουτ
1983 1563 2131 1635 ἀκτή
2189 1584 2274 1632 τις
2315 1563 2654 1660 ἁλίῤῥοθος
2669 1563 2794 1620 οὔτ

622 1642 831 1715 ἔγκυος
862 1648 1070 1712 ἐκείνη,
1106 1650 1257 1717 τρεῖς
1280 1643 1488 1707 παῖδας
1511 1643 1670 1710 ἐγέν-

623 1737 800 1787 νησε,
864 1722 1096 1782 Μίνωα,
1171 1716 1518 1790 Σαρπηδόνα
1569 1718 1668 1769 καὶ

617 1791 1035 1859 Ῥαδάμανθυν.
1111 1788 1183 1844 Ἡ
1244 1794 1470 1863 ἱστορία
1537 1794 1668 1864 παρ’

617 1863 862 1935 Ἡσιόδῳ
894 1869 995 1918 καὶ
1026 1865 1374 1937 Βακχυλίδη.
1404 1893 1459 1903 -
1498 1868 1669 1917 Euro-

624 1954 692 2006 pa
745 1941 934 1993 falsum
984 1944 1197 1992 taurum
1245 1943 1478 2006 primum
1529 1938 1672 1990 mul-

624 2031 779 2078 cens,
819 2018 1013 2068 deinde
1049 2031 1115 2067 eo
1146 2019 1328 2078 vecta,
1367 2015 1509 2065 haud
1546 2028 1669 2065 raro

624 2104 877 2154 expressa
909 2093 993 2141 est
1012 2090 1081 2140 ab
1105 2090 1335 2154 antiquis
1357 2088 1666 2140 artificibus.

628 2163 735 2215 crr.
764 2163 950 2214 Miiller
971 2164 1181 2214 Denkm.
1207 2164 1341 2214 T.11.
1363 2165 1424 2213 N.
1453 2161 1666 2213 39-42.

623 2238 783 2301 atque
820 2238 1078 2301 imprimis
1113 2237 1351 2288 Gerhard
1379 2238 1524 2287 Vei-ses
1545 2250 1672 2299 apu—

689 2420 754 2471 26
778 2447 806 2457 —
827 2422 908 2472 28.
964 2427 1010 2472 et
1056 2423 1350 2483 scatentem]
1406 2422 1458 2471 in
1508 2433 1670 2486 prosa

624 2510 702 2546 or.
758 2509 912 2545 «mox
960 2499 1142 2547 tamen
1186 2499 1483 2547 scatentem
1530 2496 1668 2544 cet.»

624 2569 815 2631 odyss.
842 2586 903 2635 γ,
931 2570 1051 2620 458ε
1087 2565 1416 2636 μεγακήτεα
1433 2564 1664 2618 πόντον.

625 2643 720 2694 Od.
760 2642 819 2704 4,
848 2643 937 2703 44,
964 2641 1056 2693 47:
1104 2643 1665 2693 beluosus--Oceanus.

628 2746 683 2753 —-
735 2717 1024 2779 mediasque
1069 2718 1301 2780 fraudes]
1380 2736 1404 2761 ιι
1421 2715 1665 2776 insidias,

624 2789 857 2852 occulta,
913 2790 1109 2854 quibus
1156 2792 1392 2855 undique
1435 2792 1670 2841 circum-

623 2865 747 2914 data
770 2866 913 2925 erat,
950 2864 1186 2928 pericula
1220 2878 1251 2914 a
1274 2865 1526 2915 monstris
1550 2875 1668 2913 ma-

624 2939 777 2997 rinis,
815 2952 845 2988 a
878 2937 1149 3001 procelliS‚
1187 2938 1255 2988 ab
1288 2939 1444 2989 undis
1485 2937 1665 3001 ipsism

628 3036 682 3047 —
720 3011 925 3074 Ραίίιιὲί]
962 3011 1164 3061 Eadem
1199 3014 1394 3062 constr.
1432 3012 1563 3074 Epp.
1604 3010 1664 3071 4,

623 3086 681 3145 3,
721 3085 816 3134 4οι
852 3085 1289 3148 Pindaricifontis
1320 3086 1668 3147 quemnem-

616 3158 804 3222 palluit
835 3158 1057 3208 haustus,
1095 3161 1308 3210 Persius
1332 3160 1439 3209 Sat.
1470 3160 1515 3218 4,
1541 3156 1665 3208 ⁴24:

622 3234 819 3283 Irattsm
864 3233 1141 3294 Eupolidon
1182 3233 1501 3296 praegrandi
1554 3246 1670 3281 cum

625 3320 736 3358 sene
776 3306 952 3370 palles.
1014 3304 1166 3357 Silius
1209 3308 1264 3367 4,
1310 3307 1441 3357 404;
1484 3306 1670 3368 palluit

622 3383 746 3431 iras.
789 3409 843 3417 -
880 3380 1075 3444 audw]
1114 3381 1336 3431 «eadem
1369 3379 1480 3440 illa,
1529 3392 1668 3444 quae

621 3455 798 3520 paullo
842 3456 964 3505 ante
1001 3457 1111 3505 tam
1146 3455 1321 3505 audax
1356 3453 1550 3515 fuerat,
1610 3455 1672 3503 ut

624 3530 758 3579 tauri
794 3532 942 3591 tergo
974 3528 1276 3579 insideret.»

688 3640 753 3689 29
776 3665 805 3675 -
828 3639 908 3689 34.
945 3640 1168 3689 studiosa
1186 3640 1390 3704 florum]
1423 3636 1666 3702 «cupide,

620 3712 839 3775 puellari
870 3714 1032 3763 studio
1069 3712 1234 3776 (ovid.
1278 3713 1401 3763 Met.
1437 3713 1494 3772 5,
1531 3710 1666 3771 393.)

624 3788 786 3837 flores
819 3786 1052 3850 legensm
1094 3815 1148 3823 —-
1205 3786 1431 3850 Debuae]
1469 3787 1670 3836 «Coro-

625 3873 751 3910 nam
801 3860 1052 3912 nectebat
1107 3860 1366 3924 Nymphis
1429 3874 1496 3910 ex
1544 3862 1669 3909 voto

624 3934 994 3997 promissam.»
1024 3962 1078 3971 —
1115 3934 1369 3995 mblustm]
1404 3932 1672 3997 «aliquan-

625 4006 795 4057 tulum
862 4022 962 4058 nec
1011 4011 1191 4058 tamen
1243 4009 1371 4059 satis
1421 4021 1451 4057 a
1503 4007 1668 4059 stellis

624 4079 904 4141 illustrata,
942 4082 1067 4132 beim
1084 4082 1384 4132 Halblichtm
1419 4082 1669 4133 Moschus

624 4157 684 4215 2,
722 4155 850 4205 ⁴27:
919 4149 1062 4204 Ἡδ’
1098 4148 1196 4205 ὅτε
1228 4151 1302 4221 δὴ
1335 4157 1505 4222 γαίης
1548 4148 1668 4206 ἀπὸ

626 4225 898 4300 πατρίδος
946 4219 1047 4293 ἦεν
1094 4220 1373 4291 ἄνευθεν,
1426 4229 1668 4281 Φαίνετο

1745 1661 1915 1733 ορος
1931 1642 2108 1706 αἰπύ,
2155 1641 2291 1697 Ἀλλ
2327 1642 2443 1733 ἀὴρ
2474 1645 2583 1711 μὲν
2621 1639 2795 1716 ὕπερ-

1743 1721 1864 1781 θεν,
1885 1714 2084 1790 ενερθε
2099 1720 2161 1771 δὲ
2178 1717 2391 1783 πόντος
2403 1716 2657 1789 ἀπείρων
2668 1719 2791 1769 κτλ.

1810 1794 1891 1844 33.
1948 1796 2089 1856 Quae
2119 1795 2291 1858 simul]
2341 1796 2524 1844 Totam
2559 1807 2677 1844 rem
2710 1795 2790 1844 sic

1740 1868 2018 1932 proponit,
2072 1872 2130 1919 ut
2179 1870 2314 1919 tauri
2359 1868 2579 1932 quidem
2622 1867 2794 1918 forma

1743 1940 1926 1992 dolosa
1976 1944 2253 1993 evanuerit
2274 1981 2286 2005 ,
2345 1944 2556 2006 Europe
2607 1944 2790 1992 tamen

1744 2016 1959 2065 iamiam
1975 2018 2277 2081 praesagiat
2292 2018 2486 2074 animo,
2515 2015 2643 2079 quid
2662 2028 2790 2066 mox

1742 2089 1844 2140 sibi
1869 2090 2027 2140 instet
2041 2128 2053 2150 ,
2090 2091 2269 2142 Venus
2292 2093 2474 2141 autem
2496 2088 2643 2140 velut
2661 2103 2792 2153 pro-

1743 2163 1887 2213 nuba
1920 2176 2041 2213 eam
2073 2164 2299 2224 soletur,
2337 2167 2626 2227 antequam
2663 2177 2792 2214 vera

1742 2235 1910 2286 forma
1944 2249 2130 2288 rursus
2161 2240 2436 2302 assumpta
2459 2238 2693 2302 luppiter
2723 2237 2794 2286 ad

1741 2312 1975 2360 amatam
2007 2309 2241 2374 puellam
2273 2311 2479 2362 redeat.
2553 2313 2627 2361 De
2661 2325 2790 2362 con-

1741 2384 1924 2434 cubitu
1957 2384 2072 2447 ipso
2097 2384 2337 2435 consulto
2370 2388 2541 2445 tacet,
2579 2398 2647 2434 ne
2683 2386 2788 2434 mi-

1743 2472 1843 2509 nus
1877 2458 2142 2522 dignitatis
2182 2472 2246 2509 ac
2291 2459 2647 2510 verecundiae
2683 2460 2786 2509 ha-

1740 2534 1903 2584 heant
1919 2532 2152 2583 lamenta
2171 2535 2432 2599 Europae,
2459 2546 2788 2599 quamquam

1739 2606 1824 2657 vel
1848 2609 1970 2657 ante
1996 2608 2250 2658 amissam
2284 2609 2642 2671 virginitatem
2673 2605 2789 2657 cul-

1739 2694 1841 2745 pae
1878 2680 1979 2732 sibi
2016 2682 2119 2731 iam
2156 2683 2420 2732 consciae.
2481 2679 2644 2732 Aliter
2676 2682 2791 2731 Mo-

1741 2756 1903 2805 schus
1948 2756 2008 2814 2,
2048 2755 2142 2805 458
2186 2768 2369 2818 seqq.,
2430 2755 2574 2820 apud
2623 2766 2787 2818 quem

1741 2832 1923 2878 taurus
1975 2830 2089 2892 ipse
2142 2828 2402 2890 virginem
2445 2826 2781 2886 consolatur,

1741 2902 1968 2953 deinde·
2028 2903 2270 2963 φαίνετο
2309 2902 2418 2967 μὲν
2449 2898 2522 2967 δὴ
2557 2897 2788 2988 Κρήτη,

1739 2973 1880 3039 Ζεὺς
1950 2975 2013 3026 δὲ
2085 2971 2255 3026 πάλιν
2327 2975 2526 3046 ἑτέρην
2580 2970 2790 3025 ἀνελά-

1739 3055 1866 3115 ζετο
1891 3046 2161 3120 μορφήν·
2197 3047 2355 3102 Λῦσε
2387 3047 2450 3100 δέ
2484 3050 2547 3099 οἱ
2574 3052 2786 3136 μίτρην

1739 3126 1840 3175 καί
1862 3124 1924 3174 οἱ
1954 3122 2124 3186 λέχος
2157 3117 2359 3174 ἔντυον
2383 3113 2589 3194 Ὧραι·
2618 3117 2696 3173 Ἦ
2722 3121 2788 3174 δὲ

1740 3195 1926 3269 πάρος
1957 3194 2141 3269 κούρη
2174 3195 2361 3264 Ζηνὸς
2380 3200 2555 3264 γένετ’
2579 3193 2792 3250 αυτίκα

1740 3273 1962 3338 νύμφη.
2032 3274 2168 3323 Item
2191 3272 2507 3324 Lucianusl.
2536 3273 2601 3323 i.:
2634 3266 2791 3325 Ἐπεὶ

1740 3345 1802 3398 δὲ
1851 3345 2030 3411 ἐπέβη
2079 3343 2150 3417 τῇ
2184 3343 2381 3414 νήσῳ,
2435 3341 2470 3397 ὁ
2502 3346 2615 3411 μὲν
2647 3343 2790 3397 ταῦ-

1741 3435 1843 3492 ρος
1877 3414 1985 3470 οὐκ
2029 3414 2113 3472 ἔτι
2155 3419 2457 3481 ἐφαίνετο·
2511 3417 2791 3481 ἐπιλαβό-

1740 3509 1917 3560 μενος
1948 3491 2010 3544 δὲ
2031 3491 2137 3558 τῆς
2158 3488 2406 3565 χειρὸςε
2373 3510 2409 3543 ο
2432 3490 2575 3556 Ζευς
2596 3489 2789 3561 ἀπῆγε

1742 3565 1850 3633 τὴν
1904 3562 2192 3639 Ευρῶπην
2262 3567 2323 3630 ἐς
2376 3564 2445 3618 τὸ
2517 3568 2791 3619 Δίκταιον

1741 3637 1983 3731 ἄντρον,
2052 3640 2435 3729 ἐρυθριῶσαν
2466 3644 2566 3692 καὶ
2632 3639 2791 3692 κάτω

1743 3712 2002 3803 ὁρῶσαν·
2053 3710 2337 3781 ἠπίστατο
2368 3711 2479 3786 γὰρ
2514 3708 2649 3780 ἤδη,
2698 3714 2791 3775 ἐφ’

1744 3783 1779 3840 ὅ
1813 3805 1868 3840 τι
1902 3783 2122 3855 ἄγοιτο.
2164 3819 2218 3826 -
2277 3790 2489 3854 οοηίυω]
2527 3788 2672 3839 Iliad.
2709 3785 2785 3848 β,

1743 3863 1875 3915 649:
1915 3859 2145 3934 Κρήτην
2172 3858 2581 3927 ἑκατόμποὶιν.
2617 3862 2784 3926 Epod.

1743 3938 1799 3999 9,
1838 3938 1928 3988 29:
1983 3942 2181 3988 centum
2211 3936 2423 3986 nobilem
2457 3937 2658 3986 Cretam
2691 3948 2790 3984 ur—

1808 4083 1873 4136 34
1895 4111 1924 4121 -
1945 4084 2026 4134 36.
2062 4085 2231 4145 Pater]
2263 4082 2344 4134 Ab
2378 4083 2561 4133 Ovidio
2596 4085 2650 4133 et
2682 4083 2790 4131 Lu-

1742 4159 1895 4208 ciano
1916 4160 2151 4220 Agenor,
2188 4170 2218 4207 a
2242 4155 2416 4207 Schol.
2445 4157 2596 4207 Hom.
2624 4168 2786 4219 supra

1742 4229 1897 4281 allato
1933 4233 1988 4281 et
2020 4230 2090 4280 ab
2126 4230 2393 4281 Hellanico
2429 4228 2616 4291 (Schol.
2653 4229 2782 4278 min.
