3234 4975
1203 403 1320 452 LlB.
1359 404 1396 451 1.
1469 403 1526 452 C.
1565 402 1716 452 XXV.

2446 399 2549 464 m

741 558 922 636 Quae
968 557 1147 644 prius
1191 557 1457 623 multum
1499 557 1702 624 facilis
1748 557 2048 624 movebat
2524 560 2562 621 5

746 678 1089 757 Cardines;
1136 679 1322 746 audis
1367 680 1578 746 minus
1624 690 1689 746 et
1731 679 1940 745 minus
1986 680 2141 744 iam:

749 826 774 859 «
795 800 892 865 Me
942 809 1050 866 tuo
1093 799 1317 888 longas
1361 812 1673 889 pereunte
1716 812 1969 876 nocteS,

995 921 1228 1011 Lydia,
1277 922 1612 989 dormis?»

743 1082 1023 1147 Invicem
1066 1079 1372 1148 moechos
1417 1102 1578 1147 anus
1623 1091 1997 1170 arrogantes

743 1202 952 1269 Flebis
997 1202 1061 1268 in
1105 1201 1245 1268 solo
1291 1202 1451 1270 levis
1495 1203 1862 1291 angiportu,

2482 1203 2563 1269 lo

741 1323 1006 1391 Thracio
1051 1322 1404 1390 bacchante
1449 1325 1655 1411 magis
1699 1323 1821 1390 sub
1866 1324 2062 1390 inter-

990 1445 1162 1511 lunia
1205 1456 1397 1512 vento
1412 1497 1425 1523 ,

534 1673 582 1721 7.
620 1674 769 1722 Metu.
808 1687 853 1721 o.
894 1673 1004 1734 (sic)
1042 1672 1097 1722 T.
1140 1701 1193 1708 —
1220 1674 1373 1736 ζουσα
1393 1699 1422 1709 -
1442 1678 1583 1723 nocto
1613 1674 1679 1733 Τ,
1717 1673 1921 1736 tanqam
1952 1677 2143 1723 noctem
2164 1674 2328 1724 Bentl.
2358 1677 2494 1726 coni.

472 1774 526 1782 —
565 1746 613 1796 9.
640 1749 928 1809 arroyantis
958 1748 1016 1796 B.
1048 1774 1102 1782 —
1134 1748 1213 1797 44.
1245 1748 1442 1797 nmio
1465 1761 1495 1797 e
1520 1748 1650 1798 Cod.
1678 1749 1900 1811 Gotting.
1929 1750 2146 1799 Gesner.
2178 1777 2231 1786 —
2260 1750 2498 1800 bacchata

467 1821 700 1871 malebat
735 1821 901 1873 Bentl.

402 2029 529 2077 sunt
560 2026 702 2090 apud
736 2026 884 2077 ovid.
921 2029 981 2077 A.
1019 2030 1080 2078 Α.
1108 2028 1158 2089 3,
1183 2030 1273 2078 69;
1314 2030 1449 2079 Tem-

396 2115 499 2164 pus
532 2102 645 2161 erit,
683 2115 780 2163 quo
813 2107 886 2163 tu,
923 2104 1449 2163 quaonuncexcluais

403 2180 658 2237 amante-5,
707 2177 915 2239 Friyida
958 2178 1153 2227 deserta
1193 2184 1333 2227 nocto
1363 2179 1447 2227 ia-

403 2250 533 2300 cebis
565 2263 717 2308 anim
762 2252 865 2300 Nec
898 2255 988 2300 tua
1017 2256 1268 2301 nocem-aa
1297 2253 1447 2315 fran-

402 2329 550 2388 uetur
595 2325 754 2373 ianua
800 2325 942 2386 rixa,
995 2325 1189 2386 Sparsa
1235 2340 1325 2375 nec
1373 2328 1449 2376 in-

399 2400 566 2449 venies
614 2400 791 2449 limina
836 2413 987 2450 mane
1027 2414 1163 2449 rosa.
1251 2402 1446 2451 Contra

401 2472 747 2538 Asclepiades
789 2475 946 2525 Anth.
992 2473 1098 2526 Pal.
1143 2476 1183 2526 1.
1226 2490 1280 2541 p.
1322 2477 1442 2526 ⁴29:

401 2544 554 2611 Νύξ,
592 2547 659 2599 σὲ
692 2545 831 2618 γάρ,
869 2544 978 2601 οὐκ
1010 2543 1195 2616 ἄλλην
1225 2547 1448 2639 μαρτύ-

401 2639 614 2694 ρομαι,
661 2618 846 2689 οἷάμ
847 2619 1117 2696 ’ὑβρίζει
1147 2624 1376 2687 Πυθιας
1409 2619 1446 2691 ἦ

401 2695 653 2761 Νικοῦς,
710 2690 864 2750 οὖσα
911 2698 1030 2761 φίλ’
1088 2697 1151 2764 ἐξ
1199 2694 1444 2765 ἀπάτης.

402 2772 670 2838 Κληθείς,
723 2789 831 2824 ουκ
879 2766 1132 2841 ἄκλητος
1172 2773 1444 2841 ἐλήλυθα·

402 2841 589 2898 ταῦτὰ
622 2846 900 2899 παθοῦσα
930 2849 1037 2900 Σοὶ
1056 2850 1342 2914 μέμψαιτ’
1366 2849 1448 2900 ἐπ’

404 2922 570 2988 ἐμοῖς
603 2920 795 2974 στᾶσα
828 2920 982 2994 παρὰ
1017 2922 1346 2995 προθύροις.
1389 2952 1443 2962 -

402 2999 579 3063 loaqas
623 2999 803 3063 noctes]
852 3003 975 3049 «est
1011 3000 1170 3050 hodie
1205 3003 1260 3050 et
1292 3003 1448 3050 antea

405 3086 639 3136 saepe»;
698 3075 775 3123 sic
821 3074 1156 3125 necessarius
1205 3088 1312 3125 non
1368 3077 1451 3125 est

402 3146 624 3198 Bentleii
659 3147 955 3212 singularis.
1028 3149 1133 3199 Cfr.
1172 3150 1451 3200 Pseudoti-

407 3221 535 3273 bull.
574 3223 622 3284 3,
661 3224 709 3283 6,
747 3224 837 3274 53:
879 3225 1042 3286 Quam
1072 3224 1246 3274 vollem
1276 3225 1452 3288 &myas

405 3303 567 3348 tecum
614 3299 921 3360 requiescere
966 3304 1132 3348 noctes
1179 3299 1244 3348 Et
1292 3303 1453 3348 tecum

404 3373 577 3436 longos
601 3374 909 3436 pervigilare
940 3374 1070 3424 dios!
1127 3372 1292 3436 (ovid.
1329 3375 1446 3424 Am.

404 3448 457 3507 2,
484 3446 566 3506 49,
591 3447 681 3496 2⁴:
718 3447 783 3496 Et
815 3448 1454 3534 simmomtetuospro-

405 3523 587 3571 §actm
616 3522 671 3570 in
702 3522 871 3572 limine
900 3527 1066 3584 postes
1099 3523 1272 3585 Longa
1297 3522 1450 3583 prui-

402 3609 528 3644 nosa
564 3596 763 3660 frigora
805 3602 946 3647 nocte
979 3598 1109 3658 pati.
1178 3595 1452 3660 Asclepia-

406 3669 506 3719 des
539 3670 594 3719 in
626 3670 783 3721 Anth.
823 3669 931 3721 Pal.
978 3671 1017 3720 1.
1054 3684 1107 3735 p.
1146 3670 1270 3720 ⁴38:
1328 3665 1451 3733 Νὺξ

403 3739 600 3814 μακρὴ
651 3746 752 3796 καὶ
784 3752 986 3811 χετμα,
1037 3747 1224 3835 psam:
1265 3743 1313 3795 δ’
1357 3745 1452 3797 ἐπὶ

404 3815 664 3869 Πλειάδα
706 3816 888 3882 δύνει,
935 3814 1107 3887 Κάγώ
1151 3816 1268 3891 πὰρ
1309 3835 1452 3890 προ-

404 3893 608 3965 θυροις
639 3897 949 3961 νεὶσσομαι
983 3890 1258 3961 ὑόμενος,
1296 3896 1452 3966 Τρω-

404 3968 529 4031 θεὶς
582 3964 688 4035 τῆς
741 3969 938 4036 δολίης
991 3967 1209 4041 κούρης
1263 3966 1446 4037 πόθῳ.

406 4036 478 4093 οὗ
522 4039 633 4115 γὰρ
681 4037 711 4094 ἐ’
825 4061 866 4095 α
915 4042 1158 4116 Κύπρις,
1209 4038 1451 4116 ἀνιηρὸν

404 4114 451 4165 δ’
488 4116 553 4168 ἐκ
587 4132 664 4170 πυ
741 4109 914 4185 ςῆκε
945 4117 1158 4182 βέλος.)

472 4194 520 4243 9.
573 4194 651 4244 40.
720 4195 950 4260 luviem]
1010 4194 1239 4244 barbare
1297 4194 1451 4244 «vice

407 4281 619 4318 versa».
691 4270 841 4319 Hand
894 4271 1044 4319 Tura.
1100 4271 1182 4319 ΙΙΙ.
1230 4281 1282 4332 p.
1332 4268 1447 4319 1455.

1523 2032 1625 2081 «Ut
1657 2032 1813 2080 antea
1848 2029 1981 2079 dura
2016 2042 2161 2091 eras,
2202 2030 2271 2080 ita
2294 2043 2417 2080 mox
2438 2043 2566 2095 poe-

1520 2118 1619 2156 nas
1642 2102 1951 2155 insolentiae
1975 2104 2162 2154 datura
2178 2105 2412 2155 vicissim
2435 2118 2567 2168 que-

1522 2192 1644 2229 rere
1688 2177 1755 2228 de
1798 2180 2145 2229 moechorum
2195 2182 2249 2229 te
2298 2178 2565 2243 repellen-

1521 2255 1655 2303 tium
1688 2253 2011 2315 arrogantia,
2049 2252 2263 2315 quando
2296 2254 2350 2302 in
2383 2252 2566 2304 solita-

1522 2328 1600 2377 rio
1631 2328 1905 2392 angiportu
1938 2328 2044 2389 (ubi
2060 2327 2373 2392 prostabant
2388 2332 2564 2379 scorta

1520 2401 1789 2464 vilissima)
1844 2403 2147 2466 contempta
2201 2401 2269 2452 ab
2316 2403 2563 2454 omnibus

1521 2475 1716 2527 frustra
1740 2475 1995 2541 captabis,
2033 2478 2123 2541 qui
2147 2478 2198 2527 te
2222 2477 2454 2528 vetulam
2475 2492 2566 2527 ve-

1521 2550 1638 2601 lit.»
1688 2578 1745 2587 —
1796 2551 1951 2601 Flebis
1999 2551 2295 2614 significare
2348 2553 2560 2617 nequit:

1524 2628 1775 2676 «Frustra
1844 2639 1969 2676 cum
2023 2625 2252 2677 lacrimis
2308 2628 2563 2676 moechos

1521 2700 1836 2765 precabere,
1872 2712 1941 2750 ne
1975 2701 2029 2749 te
2062 2700 2469 2763 dedignentur»,
2507 2704 2567 2750 ut

1520 2774 1631 2824 voit
1665 2773 1950 2837 Garganus.
2630 2787 2637 2792 ’

1589 2851 1762 2900 40-42.
1816 2849 1935 2913 solo]
1974 2848 2269 2910 «deserto»,
2305 2850 2366 2898 ut
2397 2846 2561 2899 Plaut.

1521 2923 1655 2975 Rud.
1693 2925 1742 2983 4,
1769 2922 1818 2984 t,
1845 2923 1902 2974 8:
1939 2925 2109 2986 Neque
2134 2924 2289 2987 may-’⁹
2313 2924 2568 2973 solaeter-

1520 3013 1613 3049 rao
1643 2999 1779 3048 solae
1810 3012 1965 3060 quam
1990 2999 2112 3048 haee
2132 2998 2244 3048 loca
2263 3003 2391 3047 sunt.
2419 2998 2563 3060 Virg.

1523 3073 1698 3134 Ge.3,
1739 3074 1863 3122 2⁴2:
1904 3074 1959 3121 in
1987 3073 2097 3122 sola
2124 3073 2346 3136 relegant
2372 3074 2567 3122 Pascua

1524 3148 1758 3212 (tauros).
1774 3175 1829 3183 -
1845 3147 1979 3212 lovis]
1996 3147 2352 3199 «abomnibus
2363 3150 2562 3212 spreta,

1524 3221 1666 3273 nullo
1708 3221 1825 3272 loco
1870 3221 2100 3272 habita.»
2169 3224 2371 3273 Seneca
2407 3223 2560 3272 Herc.

1523 3297 1623 3347 fur.
1664 3297 1814 3348 ⁴308:
1851 3297 2027 3347 minna
2058 3297 2201 3357 lovis,
2238 3298 2290 3347 id
2315 3298 2414 3357 est,
2450 3295 2567 3346 vilis

1525 3375 1579 3422 et
1611 3371 1835 3421 abiecta.
1908 3371 2064 3422 Certe
2108 3384 2213 3421 non
2259 3373 2343 3420 est
2391 3383 2565 3420 «vana

1524 3460 1587 3497 ac
1623 3447 1956 3506 temeraria»,
1992 3458 2169 3509 neque
2194 3445 2563 3508 «impudensn3

1524 3522 1743 3571 minime
1785 3533 1942 3570 vero:
1994 3532 2163 3582 «quae
2206 3521 2387 3569 vivere
2424 3519 2568 3580 cupit

1523 3596 1583 3645 ut
1616 3595 1822 3645 iuvenis
1853 3592 2088 3658 puella»,
2126 3597 2239 3643 aut:
2280 3605 2449 3656 «quae
2469 3603 2567 3655 pro

1525 3667 1758 3733 superba
1793 3667 1992 3718 facilior
2023 3667 2161 3717 sacta
2197 3668 2347 3726 est»,
2393 3667 2452 3714 ut
2483 3664 2569 3715 alii

1526 3743 1804 3808 explicant.
1847 3769 1902 3778 —
1939 3743 2252 3805 αηρὶρονεω,
2289 3742 2392 3791 iter
2425 3753 2571 3790 com-

1523 3817 1861 3882 pendiarium
1928 3817 1980 3866 in
2048 3816 2260 3880 oppido.
2359 3817 2563 3866 Fasrus.

1523 3893 1843 3956 Himeraasse
1873 3893 2065 3955 Zumpt
2083 3890 2357 3941 Ramisches
2380 3890 2569 3940 Wohn-

1523 3968 1650 4017 haus
1697 3980 1751 4031 p.
1805 3968 1854 4017 6.
1924 3966 2045 4016 Sine
2097 3966 2286 4016 semita
2338 3966 2392 4014 et
2440 3965 2568 4015 satis

1526 4044 1732 4106 angusti
1767 4044 1936 4103 erant,
1974 4043 2044 4091 ita
2076 4042 2137 4090 ut
2160 4038 2401 4090 vehicula
2426 4036 2568 4089 nulla

1524 4131 1624 4182 per
1666 4129 1760 4167 eos
1801 4128 2106 4166 commeare
2152 4117 2389 4179 possent.
2460 4114 2571 4176 Op-

1524 4192 1736 4257 ponitur
1768 4190 2044 4255 quadrivio
2078 4189 2221 4254 apud
2255 4186 2439 4239 Catuli.
2481 4186 2567 4244 58,

1526 4266 1584 4318 t:
1624 4265 1829 4328 (Lesbia)
1863 4267 2009 4316 Nunc
2028 4266 2084 4315 ia
2105 4264 2383 4326 quadriviis
2402 4267 2449 4310 ct
2469 4274 2571 4309 an-
