3234 4975
1232 399 1351 448 LIB.
1388 399 1471 447 lv-
1544 400 1601 448 C.
1644 400 1725 448 vl.

2498 397 2621 459 569

704 554 842 620 Rite
884 554 1165 620 Latonae
1212 574 1488 640 puerum
1534 565 1872 625 canentes,

705 674 842 740 Rite
889 684 1289 741 crescentem
1336 674 1473 741 sace
1519 673 1945 749 Noctilucam,

706 797 1090 882 Prosperam
1135 796 1388 882 frugum
1432 793 1845 881 celeremque
1892 815 2132 881 pronos

876 913 1143 981 Volvere
1189 936 1466 981 menses,

2545 916 2626 978 40

707 1073 916 1158 Nupta
962 1071 1087 1136 iam
1131 1070 1338 1137 dices:
1388 1072 1520 1157 Ego
1565 1071 1666 1137 dis
1711 1072 2020 1143 amicum,

713 1189 946 1258 Seculo
991 1192 1184 1257 festas
1230 1191 1549 1257 referente
1596 1190 1808 1267 luceS,

723 1310 996 1377 Reddidi
1042 1332 1335 1386 carmen,
1384 1310 1610 1378 docilis
1657 1311 1996 1378 modorum

884 1432 1053 1497 Vatis
1099 1432 1336 1498 Horati.

589 1630 669 1679 37.
703 1630 850 1691 pueri
883 1629 939 1678 Τ.
983 1653 1037 1664 -
1077 1629 1157 1679 38.
1196 1628 1516 1679 Noctclucam
1549 1628 1602 1688 d,
1641 1641 1736 1679 sex
1771 1630 2017 1681 Pottierii.
2059 1630 2219 1693 (nocte
2251 1631 2408 1682 lucem
2442 1634 2519 1695 Τ.)

462 1798 510 1847 8.
569 1798 737 1846 Varro
786 1798 841 1846 L.
894 1797 948 1847 L.
987 1798 1045 1857 ὃ,
1083 1796 1179 1847 68:
1260 1797 1505 1846 Luna--

461 1872 597 1921 dicta
626 1871 891 1921 Noctiluca
921 1871 976 1919 in
1005 1870 1201 1920 Palatio
1218 1883 1236 1929 ;
1286 1883 1408 1919 nam
1438 1870 1508 1920 ibi

458 1950 610 1995 noctu
639 1945 769 1994 lucet
799 1944 1049 2006 ternplum.
1092 1944 1366 2008 Inscriptio
1390 1945 1506 1994 Mu-

462 2020 541 2069 sei
576 2019 812 2068 Kircher.
859 2018 945 2068 ed.
982 2018 1215 2068 Brunatii
1248 2030 1368 2081 pag.
1406 2019 1504 2068 ⁴0:

462 2093 588 2143 Bon.
653 2093 818 2143 DEAE.
887 2093 1188 2143 Locren-m.
1246 2093 1504 2144 Aurrsru.

471 2168 703 2217 mes.
741 2178 839 2216 us.
875 2178 990 2215 svn.
1027 2179 1078 2214 n.
1114 2178 1167 2215 n.

528 2241 609 2290 39.
659 2242 959 2301 prosperam
1010 2238 1242 2302 [ruffum]
1306 2241 1510 2290 Graeca

465 2315 860 2366 constructione
884 2351 896 2374 ‚
936 2315 1374 2378 «prosperantem
1406 2313 1514 2364 tru-

466 2401 560 2452 ges
584 2386 936 2451 celeriterque
961 2400 1123 2437 cursu
1157 2400 1254 2438 suo
1277 2386 1511 2450 singulos

464 2475 681 2514 menses
714 2462 782 2512 ad
805 2462 968 2513 finem
990 2461 1429 2526 perducentem.»
1452 2487 1508 2499 --

460 2537 669 2601 pronos]
740 2536 1018 2587 «celeriter
1055 2539 1509 2600 praetereuntes.»

467 2610 651 2662 Catuli.
704 2609 795 2670 34,
854 2611 951 2660 ⁴7:
1031 2610 1102 2659 Tu
1147 2622 1321 2671 cursu,
1379 2611 1509 2671 dea,

464 2690 718 2735 menstruo
755 2686 964 2735 Melioris
996 2686 1093 2734 iter
1122 2697 1370 2745 annuum,
1406 2686 1513 2734 Ru-

466 2761 592 2810 stica
629 2759 885 2823 agricolao
923 2759 1061 2810 bonis
1100 2759 1245 2809 Tecta
1285 2759 1514 2822 timqibus

533 2907 590 2959 4⁴
615 2907 743 2959 -44.
796 2909 971 2969 Nupta
1003 2905 1136 2970 cet]
1174 2905 1512 2970 «Aliquando

469 2983 765 3045 gratissima
792 2981 888 3032 tibi
919 2981 1020 3032 erit
1048 2980 1305 3032 festorum
1321 2981 1515 3031 horum

471 3057 680 3108 dierum
712 3056 1066 3108 recordatio.»
1115 3056 1260 3115 Quae
1296 3054 1511 3118 quidem

472 3132 715 3196 cogitatio
743 3133 848 3183 iam
882 3144 1024 3183 nunc
1059 3128 1233 3181 alacre
1263 3129 1514 3180 carminis

1580 1800 1727 1847 recte
1771 1796 2013 1848 discendi
2057 1798 2291 1848 studium
2340 1802 2628 1853 excitatura

1582 1874 1713 1920 erat.
1767 1871 2022 1921 Tenerior
2044 1874 2225 1922 autem
2249 1886 2314 1923 eo
2338 1873 2397 1924 fit
2417 1887 2626 1936 sensuS,

1581 1944 1726 2008 quod
1790 1945 1858 1996 de
1908 1946 2200 2009 virginibus
2261 1949 2630 2000 tantummodo

1580 2018 1750 2069 verba
1785 2019 1924 2070 tacit.
1970 2045 2025 2055 —
2079 2021 2226 2085 luces]
2264 2023 2366 2071 Per
2397 2022 2631 2074 triduum

1583 2096 1639 2142 et
1690 2095 1994 2144 trinoctium
2061 2094 2475 2147 celebrabantur
2523 2096 2631 2148 ludi

1585 2168 1875 2219 seculares.
1917 2196 1973 2205 —
2009 2171 2232 2235 Reddidi]
2274 2172 2497 2233 «Cantu,
2538 2186 2633 2235 ge-

1584 2243 1696 2299 stu,
1733 2240 2009 2293 saltatione
2045 2246 2283 2307 expressi
2318 2258 2446 2308 ego,
2497 2260 2633 2309 quos

1585 2312 1823 2365 studiose
1860 2318 1915 2365 et
1947 2315 2081 2366 sacili
2117 2330 2281 2380 opera
2316 2317 2627 2379 didiceram,

1586 2389 1786 2437 Horatii
1817 2402 2059 2440 versus»
2100 2391 2158 2439 ln
2192 2392 2368 2453 ipsum
2404 2393 2631 2442 Carmen

1587 2459 1832 2513 seculare
1851 2475 1976 2513 cum
1998 2475 2194 2514 nomen
2213 2476 2372 2515 suum
2395 2465 2631 2515 inserere

1587 2549 1695 2586 nou
1719 2539 1930 2599 posset,
1968 2539 2294 2588 Graecorum
2318 2539 2632 2600 Lyricorum

1588 2609 1832 2673 exempla
1876 2613 2092 2661 secutus
2135 2612 2270 2660 iusta
2312 2624 2437 2661 cum
2470 2610 2634 2674 gloria

1585 2687 1639 2735 in
1675 2685 1779 2734 hoc
1813 2685 2087 2747 prooemio
2123 2697 2183 2735 se
2218 2685 2287 2734 ad
2319 2684 2447 2734 illud
2482 2699 2635 2735 com-

1586 2758 1898 2822 ponendum
1944 2755 2212 2808 delectum
2264 2770 2385 2808 esse
2421 2759 2490 2808 ab
2525 2762 2636 2809 Au-

1589 2834 1745 2896 gusto
1779 2834 2184 2882 commemorat.
2214 2858 2269 2867 —
2295 2833 2501 2894 Horati]
2536 2834 2637 2882 No-

1590 2919 1717 2957 men
1752 2906 1857 2956 hoc
1891 2907 2083 2969 poetae
2118 2907 2298 2968 pater,
2343 2908 2404 2955 ut
2436 2905 2637 2970 proba-

1587 2980 1695 3031 bile
1731 2984 1842 3042 est‚
1903 2981 2192 3044 assumpsit
2227 2994 2255 3029 a
2293 2979 2432 3030 tribu
2466 2982 2636 3030 Hora-

1590 3056 1691 3113 tia,
1748 3055 1834 3105 cui
1876 3053 2130 3116 adscripti
2175 3056 2328 3105 erant
2360 3053 2633 3105 Venusini.

1588 3129 1732 3180 Vidit
1766 3127 2152 3179 Grotet'endius.
