3234 4975
676 392 797 454 208

1324 454 1329 463 p
1434 393 1690 445 noan-u
1730 392 2062 444 mamma

1224 549 1442 615 Classe
1485 549 1609 613 cita
1654 548 1974 636 reparavit
2016 568 2202 627 oras,-

1008 712 1178 773 Ausa
1221 718 1286 773 et
1328 707 1640 773 iacentem
1681 708 1892 773 visere
1941 706 2180 792 regiam

2750 705 2831 771 25

1020 828 1199 895 Voltu
1245 849 1511 903 sereno,
1558 828 1733 894 fortis
1778 839 1842 894 et
1884 847 2148 915 asperas

1144 951 1438 1016 Tractare
1482 960 1842 1036 serpentes,
1889 959 1959 1013 ut
2000 959 2205 1013 atrum

805 1121 886 1172 24.
925 1120 1151 1182 repetivit
1185 1118 1315 1169 Cod.
1343 1119 1508 1168 Vatic.
1544 1119 1800 1180 Reginae;
1834 1119 2110 1180 penetravit
2145 1116 2376 1168 malebat
2406 1117 2594 1177 Beati„
2629 1130 2769 1181 repe—

741 1198 878 1247 davit
899 1196 1061 1246 Titius
1077 1234 1089 1256 ,
1120 1194 1388 1256 peraravit
1418 1193 1675 1253 Bouhier,
1713 1193 1950 1241 remeavit
1972 1193 2172 1242 Oeseke
2191 1231 2203 1253 ,
2239 1194 2484 1243 recreavit
2504 1193 2762 1253 Bosscha‚

736 1271 1025 1334 properavit
1061 1269 1345 1328 Guaccius‚
1391 1268 1658 1329 trepidavit
1699 1267 2103 1317 Hammerstein.
2149 1295 2201 1303 —
2239 1268 2319 1317 25.
2359 1272 2598 1317 tacentem
2627 1266 2756 1317 Cod.

738 1346 1050 1396 Bersmanni
1084 1343 1237 1408 prob.
1276 1341 1527 1393 Bentleio.

673 1496 1013 1545 transmissas
1036 1493 1104 1542 ab
1126 1492 1389 1542 Arabibus
1407 1491 1716 1542 combustas

676 1569 927 1620 audisset
986 1568 1082 1617 Dio
1111 1568 1201 1626 5⁴,
1239 1567 1294 1616 6:
1333 1559 1715 1631 ἡτοιμάζοπο

676 1637 754 1705 ὥς
788 1643 885 1692 καὶ
918 1640 979 1703 ἐς
1012 1636 1116 1705 τὴν
1135 1635 1400 1727 Ἰβηρίαν,
1436 1632 1510 1689 ἄν
1531 1654 1586 1689 τι
1607 1655 1714 1688 κα-

676 1713 928 1803 τετείξῃ,
982 1711 1400 1779 πλευσούμενοι
1435 1743 1483 1763 -.
1543 1732 1579 1778 η
1615 1715 1714 1763 καὶ

675 1788 817 1863 πρὸς
852 1786 957 1855 τὴν
989 1785 1236 1859 ἐρυθρὰν
1268 1784 1574 1838 θάλασσαν
1607 1803 1714 1852 με-

674 1865 1114 1930 ταστησάμενοι.
1152 1861 1332 1913 Florus
1367 1876 1579 1926 quoque
1615 1862 1649 1912 l.
1676 1862 1708 1913 l.

673 1942 1017 2006 praeparatae
1053 1940 1166 1989 eius
1192 1939 1244 1987 in
1270 1939 1536 1988 Oceanum
1560 1937 1712 2000 fugae

673 2013 937 2073 meminit,
983 2011 1083 2062 sed
1115 2013 1411 2076 suppressit
1441 2013 1572 2073 hoc,
1627 2011 1713 2062 vel

672 2088 847 2153 potius
882 2086 1125 2150 negando
1153 2087 1463 2149 significavit
1484 2086 1715 2151 pruden-

676 2165 757 2212 ter
795 2162 1057 2212 Horatius,

740 2235 821 2286 24.
862 2236 1025 2286 Classe
1064 2234 1182 2298 cita]
1231 2234 1520 2286 «velociter
1562 2237 1713 2286 navi-

673 2314 897 2375 ganta»,
943 2323 1078 2360 non:
1131 2313 1301 2359 «mota
1338 2313 1497 2374 atque
1536 2313 1713 2362 trans-

673 2384 814 2435 lata»
834 2370 1037 2448 ,lquae
1084 2385 1225 2435 notio
1272 2385 1323 2434 in
1363 2399 1415 2434 v.
1460 2386 1562 2435 cita
1607 2398 1711 2435 non

672 2462 826 2511 inest.
869 2488 922 2497 —-
961 2458 1236 2523 reparavit]
1262 2460 1396 2523 «Spe
1420 2460 1539 2510 novi
1564 2460 1712 2523 regni

673 2535 936 2585 condendi
977 2534 1104 2584 alias
1137 2533 1235 2584 sibi
1270 2546 1460 2598 parare
1486 2536 1539 2584 et
1570 2547 1715 2585 asse·-

672 2611 763 2674 qui
784 2609 985 2660 studuit
1005 2610 1249 2672 regiones
1282 2622 1380 2673 pro
1415 2607 1536 2670 illis,
1578 2622 1712 2672 quas

671 2685 988 2736 amittendus
1002 2685 1322 2747 Caesarique
1339 2683 1712 2747 relinquendas

673 2772 791 2810 esse
815 2759 1056 2820 videbat,
1082 2758 1137 2808 id
1160 2761 1265 2818 est,
1299 2771 1396 2821 pro
1418 2759 1711 2822 Aegypte.»

670 2834 754 2883 Sic
797 2834 1117 2896 interpretor
1158 2832 1437 2882 conserens
1484 2834 1713 2882 Franco-

670 2906 926 2972 gallorum
940 2920 1213 2970 reyaynem
1234 2921 1341 2957 non
1356 2921 1503 2957 vero:
1532 2905 1715 2957 «Cleo-

669 2985 820 3047 patra
843 2995 948 3032 non
972 2982 1278 3031 instauravit
1298 2980 1499 3031 bellum
1522 2979 1711 3031 auxilio

669 3058 891 3120 Aegypti
944 3057 1279 3116 interioris,»
1339 3070 1513 3120 neque
1563 3054 1711 3106 locus

670 3133 754 3181 est
803 3131 1148 3181 coniecturis:
1194 3133 1506 3193 penetravit,
1552 3144 1712 3193 pera-

668 3205 855 3268 gravit,
874 3206 1157 3267 peraravit,
1178 3207 1496 3268 properavit,
1523 3206 1600 3255 ire
1611 3219 1711 3267 pa-

668 3278 830 3339 ravit,
865 3280 1137 3341 repedavit,
1172 3280 1414 3342 repetivit,
1450 3280 1709 3340 reseravit,

667 3354 906 3403 remeavit
941 3355 1063 3413 cet„
1102 3355 1156 3403 et
1187 3355 1230 3404 si
1267 3368 1400 3418 quas
1442 3353 1569 3404 alias
1602 3354 1710 3403 iam

669 3427 1032 3490 excogitarunt
1064 3428 1256 3478 critici.
1308 3429 1559 3478 Ceterum
1580 3440 1710 3478 usus

669 3503 754 3552 hic
803 3516 852 3551 v.
904 3515 1152 3564 reparare
1208 3515 1377 3566 prope
1432 3499 1709 3564 singularis

670 3579 776 3635 est;
828 3578 1068 3640 proxime
1112 3577 1331 3627 tortasse
1375 3576 1579 3626 accedit
1622 3576 1711 3627 ln-

668 3652 870 3715 scriptt.
908 3663 1075 3700 mear.
1112 3651 1225 3700 Lat.
1272 3651 1332 3700 N.
1372 3650 1524 3701 ⁴587:
1579 3652 1712 3712 quod

667 3726 806 3774 uouit
830 3726 1028 3787 patrios
1056 3737 1304 3786 reparare
1330 3726 1547 3774 Penates.
1601 3726 1710 3774 Au-

669 3811 785 3849 son.
798 3798 1044 3849 Mosellae
1059 3798 1120 3848 35
1135 3812 1146 3846 :
1172 3799 1287 3848 Non
1302 3803 1565 3860 superante
1577 3800 1709 3849 vado

666 3873 873 3934 rapidos
901 3886 1147 3935 reparare
1174 3877 1369 3922 memus
1401 3872 1616 3936 Cogeris.

732 3947 815 3997 25.
850 3946 1105 4010 iacentem]
1133 3945 1428 3995 «deiectam
1450 3959 1481 3995 a
1506 3946 1707 4011 fastigio

668 4035 791 4082 suo,
828 4020 1078 4071 afflictam
1112 4034 1176 4070 ac
1211 4019 1553 4072 desolatam.»
1595 4023 1703 4073 Cic.

669 4099 810 4147 Orat.
836 4095 898 4157 6Ἰ
912 4110 923 4144 :
961 4097 1266 4158 depressam,
1292 4109 1518 4158 caecam,
1544 4097 1710 4147 iacen-

667 4176 764 4221 tem
801 4170 1016 4219 domun.
1088 4170 1325 4220 Eandem
1368 4170 1463 4220 Od.
1510 4169 1566 4231 4,
1614 4170 1704 4232 ⁴4,

668 4245 749 4294 36.
800 4257 1016 4294 vacuam
1060 4244 1233 4295 aulam
1278 4246 1538 4303 nominat,
1594 4244 1703 4308 ubi,

1789 1494 1847 1540 ut
1890 1492 1962 1540 ait
2007 1491 2064 1540 C.
2105 1489 2341 1540 Rabirius
2385 1490 2479 1539 Ed.
2521 1492 2734 1554 Kreyss.
2773 1506 2825 1556 p.

1788 1565 1910 1614 2⁴6:
1967 1565 2183 1627 deforme
2225 1569 2451 1614 coactum
2484 1566 2636 1615 Omne
2665 1580 2829 1630 vaya-

1789 1640 1937 1688 batur
1968 1640 2050 1689 leti
2083 1652 2260 1703 penus,
2298 1652 2439 1689 omne
2472 1639 2679 1691 timoris.

1852 1714 1934 1763 26.
1973 1712 2086 1763 Noli
2120 1715 2459 1763 construere:
2495 1715 2634 1765 voltu
2658 1729 2829 1766 sereno

1781 1788 1955 1851 sortis,
2009 1793 2056 1837 et
2092 1801 2221 1838 aissa
2252 1793 2496 1849 tractare,
2551 1789 2650 1839 sed
2681 1791 2830 1853 fortis

1786 1868 2025 1922 tractare,
2053 1862 2186 1912 adeo
2213 1862 2385 1923 fortis,
2421 1866 2481 1913 ut
2502 1866 2824 1925 attrectaret,

1788 1937 2033 1987 manibus
2063 1939 2319 1999 versaret,
2359 1938 2569 2002 aspides
2602 1953 2825 2001 asperas,

1787 2025 1893 2062 non
1927 2014 2035 2062 tam
2068 2015 2287 2076 propter
2329 2025 2611 2075 squamas,
2665 2027 2827 2078 quam

1789 2099 2032 2146 «saevas,
2087 2087 2314 2146 iratas»,
2367 2090 2426 2137 ut
2464 2089 2605 2151 Virg.
2643 2091 2734 2138 Ge.
2773 2089 2822 2149 3,

1786 2160 1910 2211 433:
1954 2162 2137 2224 anquis
2167 2188 2196 2198 -
2229 2188 2257 2198 -
2290 2175 2531 2224 asperque
2563 2163 2645 2212 siti
2677 2168 2827 2226 atque

1784 2237 2056 2284 exterritus
2087 2242 2239 2285 aestu.

1850 2309 1932 2360 28.
1989 2310 2206 2372 Corpore
2255 2310 2469 2360 minime
2520 2323 2643 2360 cum
2694 2325 2828 2362 con-

1787 2385 1989 2447 temptu
2025 2384 2240 2445 dictum,
2277 2387 2337 2434 ut
2367 2397 2539 2449 nuper
2569 2389 2715 2436 ratus
2745 2389 2828 2437 est

1786 2457 1999 2523 aliquiS,
2059 2459 2155 2510 sed
2206 2459 2466 2524 significat
2514 2461 2567 2511 in
2616 2461 2825 2512 intimas

1787 2535 2021 2598 corporis
2065 2538 2244 2598 partes
2286 2549 2407 2586 eam
2448 2538 2687 2601 recipere
2727 2551 2826 2587 vo·

1785 2608 1944 2660 luisse
1979 2623 2260 2660 venenum.
2304 2638 2358 2646 -
2396 2611 2701 2676 combiberet]
2738 2613 2828 2661 «ut

1785 2684 2119 2734 mortiferum
2165 2685 2308 2735 virus
2349 2686 2561 2749 penitus
2594 2684 2826 2735 imbibe-

1787 2760 1920 2808 ret.»
1989 2760 2071 2808 Sic
2109 2759 2362 2820 perbibere
2405 2762 2606 2810 Seneca
2641 2759 2707 2809 de
2741 2761 2825 2809 Ira

1789 2834 1807 2882 4
1834 2870 1845 2892 ,
1885 2832 1964 2881 46.
2001 2833 2143 2882 Artes
2173 2833 2442 2884 combibere
2474 2834 2673 2897 tropice
2697 2833 2827 2883 dixit

1787 2908 1895 2958 Cic.
1931 2906 1998 2956 de
2034 2908 2179 2956 Finn.
2218 2907 2277 2969 3,
2314 2909 2363 2969 2,
2398 2908 2445 2957 9.
2485 2909 2588 2958 Cir.
2617 2908 2685 2958 de
2719 2907 2822 2959 hoc

1786 2980 1970 3031 mortis
2033 2994 2228 3043 genere
2286 2982 2344 3032 C.
2405 2982 2672 3032 Rabirium
2725 2981 2820 3032 Ed

1786 3056 2048 3118 Kreyssig.
2087 3068 2139 3118 p.
2177 3056 2299 3105 226:
2352 3055 2439 3105 Ille
2468 3083 2499 3093 -
2528 3084 2558 3094 -
2584 3058 2826 3119 pendente

1783 3131 1885 3179 suis
1916 3130 2185 3180 cer-«ficibus
2212 3131 2380 3193 aspide
2399 3131 2597 3181 mollem
2618 3132 2826 3181 Labitur

1783 3206 1838 3254 in
1869 3217 2096 3254 sonmum
2129 3206 2442 3267 trahiturque
2474 3205 2673 3255 libidine
2690 3219 2826 3256 mor-

1782 3279 1868 3339 tis,
1905 3277 2099 3342 quibus
2134 3280 2331 3342 optime
2362 3278 2652 3344 explicatur
2674 3278 2823 3330 locus

1783 3354 1927 3403 Statii
1962 3352 2081 3402 Silv.
2120 3353 2174 3414 3,
2213 3355 2271 3414 2,
2311 3354 2433 3403 ⁴⁴9:
2469 3354 2823 3418 Anquiferam—

1782 3442 1876 3489 que
1908 3430 2125 3488 domum,
2161 3429 2436 3489 blandoque
2454 3442 2620 3478 mersa
2639 3443 2823 3479 veneno

1778 3502 1946 3551 Actias
1975 3502 2219 3552 Ausonias
2247 3503 2379 3565 ficqit
2411 3503 2675 3565 Cleopatra
2694 3508 2824 3553 cate—

1779 3590 1900 3638 nas,
1957 3576 2048 3626 ubi
2099 3577 2287 3628 frustra
2344 3590 2611 3629 nonnemo
2660 3577 2824 3628 voluit

1778 3664 1968 3701 morsa.
2036 3648 2380 3716 Κεντήματα
2411 3648 2589 3703 λεπτὰ
2619 3653 2673 3704 in
2706 3654 2820 3704 eius

1780 3724 2001 3775 brachio
2043 3727 2349 3790 apparuisse
2395 3727 2552 3778 tradit
2594 3729 2692 3779 Dio
2725 3728 2781 3778 5⁴
2804 3766 2816 3788 ‚

1782 3799 1860 3850 44.
1910 3801 2051 3863 Virg.
2089 3804 2217 3852 Aen.
2255 3802 2311 3863 8,
2359 3803 2479 3854 696:
2534 3805 2725 3868 Regina
2766 3802 2821 3852 in

1778 3876 1951 3925 mediis
1993 3877 2164 3937 patrio
2207 3882 2353 3927 vocat
2392 3879 2599 3942 domim
2645 3880 2814 3938 sistro,

1780 3949 1999 3999 Necdum
2031 3951 2182 4000 etiam
2202 3952 2423 4014 qeminos
2443 3966 2479 4001 a
2499 3958 2637 4016 tergo
2657 3953 2817 4014 respi-

1780 4024 1846 4073 cit
1878 4037 2080 4088 angues.

1843 4097 1926 4147 29.
1977 4098 2217 4162 ferocior]
2272 4101 2608 4153 «Animosior
2657 4101 2817 4151 etiam

1781 4171 1939 4232 facta,
1991 4175 2279 4236 postquam
2321 4178 2524 4226 certum
2559 4175 2816 4226 moriendi

1780 4245 2056 4297 consilium
2092 4249 2294 4312 cepit.»
2360 4250 2452 4300 Est
2492 4251 2664 4314 potius
2709 4247 2811 4300 abl.
