3234 4975
1248 383 1365 433 Lm.
1404 383 1465 432 ΙΙ.
1539 384 1596 431 C.
1637 382 1743 430 vll.

2512 370 2624 437 251

811 536 1148 605 Oblivioso
1190 537 1361 604 levia
1403 537 1679 604 Massico

813 658 1070 725 Ciboria
1116 656 1339 745 exple3
1388 657 1583 724 funde
1630 655 1978 744 capacibus

890 781 1231 867 Unguenta
1276 779 1358 847 de
1404 777 1688 846 conchis,
1778 777 1938 857 Quis
1985 776 2113 841 udo

974 903 1426 989 Deproperare
1485 901 1635 988 apio
1681 919 1957 966 coronas

807 1061 1081 1127 Curatve
1126 1060 1384 1149 myrto?
1427 1081 1626 1148 quem
1668 1060 1884 1125 Venus
1928 1056 2237 1124 arbitrum

2554 1056 2638 1119 25

812 1181 1000 1248 Dicet
1040 1180 1358 1247 bibendi?
1400 1182 1541 1247 Non
1586 1201 1710 1268 ego
1754 1179 1976 1246 sanius

896 1301 1273 1368 Bacchabor
1316 1297 1585 1368 Edonis:
1635 1311 1898 1389 recepto

474 1557 601 1607 dem
645 1569 869 1621 prorsus
909 1558 1295 1607 sententiarum
1332 1554 1524 1606 celeri-

1596 1556 1682 1615 20,
1704 1556 1784 1604 u:
1805 1554 1931 1617 Apio
1947 1555 2120 1618 qratia
2136 1556 2190 1604 in
2204 1555 2353 1618 mdqo
2371 1560 2456 1605 est.
2484 1553 2634 1604 Conl'.

477 1634 609 1692 tate,
664 1644 827 1695 quam
868 1630 1009 1694 apud
1054 1631 1327 1681 Horatium
1362 1630 1525 1680 efficit
1596 1629 1663 1679 ad
1700 1629 1795 1678 Od.
1827 1631 1875 1689 ⁴,
1912 1629 2002 1688 36,
2042 1630 2121 1678 ⁴6.
2160 1628 2217 1688 4,
2257 1630 2344 1688 Η,
2382 1630 2431 1678 3.
2463 1655 2516 1663 -
2542 1629 2641 1678 De-

475 1700 808 1756 ἆσύνδετον.
896 1704 1066 1755 Nolim
1110 1708 1288 1756 tamen
1335 1709 1521 1769 putare
1588 1701 1883 1766 properare]
1921 1715 2182 1766 «propere
2206 1705 2544 1761 contexere»,
2579 1704 2640 1750 ut

475 1795 601 1831 cum
635 1781 946 1831 Schnitzero
973 1780 1056 1829 his
1080 1780 1406 1843 imperativis
1427 1794 1524 1844 pu-

474 1869 627 1905 erum
679 1868 709 1903 a
756 1855 953 1917 cyatho
989 1856 1223 1904 excitari.
1268 1882 1322 1891 —
1375 1855 1520 1918 levia]

478 1928 695 1991 «(λεΐα),
741 1930 793 1978 in
830 1932 981 1978 tuum
1015 1928 1275 1979 honorem
1310 1928 1522 1979 detersa

479 2017 542 2053 ac
575 2001 787 2067 polita.»
830 2001 942 2052 Noli
978 2002 1217 2052 scribere
1252 2003 1432 2053 laevia.
1463 2030 1518 2039 —

480 2078 708 2141 Massico]
746 2077 799 2126 in
836 2077 1139 2139 Campania.

540 2153 620 2201 22.
650 2151 727 2200 23.
762 2150 979 2215 ciboria]
1017 2149 1190 2214 poculi
1226 2164 1395 2213 genus
1428 2164 1520 2200 ore

476 2226 721 2289 superius
734 2223 859 2285 lat0,
875 2225 1091 2275 inferius
1103 2230 1342 2288 angusto,
1360 2227 1524 2276 instar

482 2298 633 2349 tabae
662 2299 952 2362 Aegyptiae
970 2337 981 2357 ‚
1019 2312 1180 2362 quam
1206 2299 1521 2350 colocasiam

476 2373 838 2437 appellabant,
887 2374 1038 2422 cuius
1073 2372 1328 2423 folliculus
1362 2388 1522 2423 vaso-

480 2461 597 2498 rum
633 2462 697 2499 ac
731 2446 1048 2512 poculorum
1069 2461 1227 2500 usum
1250 2449 1522 2513 Aegyptiis

476 2522 799 2587 praestabat.
872 2523 1162 2574 Grandiora
1198 2526 1349 2573 erant
1371 2523 1523 2573 cibo-

474 2599 581 2657 ria,
618 2598 858 2659 Humpen.
901 2624 958 2633 -
995 2598 1155 2660 ample]
1183 2596 1426 2661 «imple»,
1463 2601 1524 2646 ut

476 2686 505 2722 e
542 2672 699 2734 gloss.
736 2670 974 2721 habebat
1007 2672 1136 2721 Cod.
1167 2673 1367 2722 Faerni.
1423 2674 1522 2731 Qui

479 2746 693 2806 uebibe‚
722 2746 993 2807 exhauri»,
1027 2745 1371 2810 explicarunt,
1398 2759 1525 2796 con-

477 2819 771 2870 suetudinis
794 2820 983 2869 aetatis
1006 2820 1322 2869 Horatianae
1347 2822 1522 2870 minus

478 2896 621 2956 gnari
668 2895 833 2942 erant.
916 2894 1114 2944 Ennius
1160 2894 1344 2957 utique
1380 2895 1523 2958 apud

478 2968 719 3016 Senium
755 2966 824 3016 ad
858 2969 989 3016 Aen.
1029 2967 1086 3028 6,
1124 2968 1249 3018 545:
1301 2969 1526 3017 Navibus

478 3041 742 3102 explebant
788 3053 889 3089 sese
943 3046 1203 3102 terraeque
1251 3043 1521 3104 replebant.

483 3141 538 3150 —
572 3116 739 3178 funde]
794 3116 909 3164 Non
958 3115 1025 3164 de
1078 3114 1328 3165 libatione
1380 3119 1528 3167 acci-

477 3189 757 3252 piendum,
806 3201 944 3250 quae
988 3190 1112 3238 vino
1154 3189 1342 3250 flebat,
1398 3191 1523 3240 sed:

481 3261 744 3312 «deiunde
762 3263 814 3312 in
835 3264 1011 3313 crines
1031 3264 1203 3312 tuoS.»
1228 3291 1283 3299 —
1306 3265 1530 3315 Conchae

478 3338 661 3385 autem
682 3348 806 3385 vasa
831 3338 1175 3399 unguentaria
1199 3338 1525 3388 concharum

480 3410 708 3459 formam
743 3410 1043 3460 referentia.
1104 3411 1321 3462 Martial.
1354 3412 1403 3472 3,
1441 3413 1522 3472 82,

481 3485 563 3533 27.
589 3485 829 3533 muricem
846 3499 1056 3535 aureum
1078 3492 1303 3550 usurpat
1319 3486 1386 3536 de
1400 3499 1525 3536 vase

482 3561 847 3621 unguentario.

545 3632 626 3682 23.
652 3631 737 3683 24.
770 3634 1098 3698 adm-apio]
1127 3627 1340 3705 «ὑγρῷ,
1376 3635 1530 3684 flexi-

482 3703 623 3755 bili.»
656 3707 877 3756 Theocr.
905 3709 962 3768 7,
989 3709 1079 3758 68:
1108 3705 1528 3776 πολυγνάμπτῳ

482 3794 542 3827 τε
565 3777 785 3845 σελίνῳ.
822 3781 1045 3831 Videtur
1068 3782 1349 3845 significari
1372 3782 1530 3834 ἐλεο-

483 3850 737 3914 σέλινον,
762 3855 1220 3919 Sumpseppich,
1248 3871 1354 3920 quo
1379 3871 1532 3909 coro-

484 3927 746 3977 nabantur
778 3930 1007 3982 victores
1039 3933 1091 3981 in
1126 3929 1263 3981 ludis
1285 3933 1532 3982 Isthmia-

484 4003 591 4060 εἰς,
651 4004 833 4052 contra
889 3997 1231 4074 ὀρεοσελίνῳ
1276 4008 1527 4056 Nemeae.

483 4075 560 4125 Ob
597 4078 808 4137 gratum
841 4081 1021 4131 autem
1061 4080 1284 4132 odorem
1321 4083 1531 4131 coronis

484 4149 761 4200 nectendis
796 4150 1165 4204 adhibebatur.
1221 4156 1445 4205 Theocr.
1471 4155 1528 4214 3,

1594 1778 1735 1840 virg.
1774 1779 1865 1826 Ge.
1905 1777 1965 1837 4,
2005 1777 2124 1826 ⁴70:
2167 1777 2398 1839 Cyclopes
2423 1777 2641 1841 suunina

1593 1853 1770 1900 massis
1804 1851 1927 1900 Cum
1951 1856 2257 1913 properant,
2296 1854 2400 1902 cet.

1659 1928 1741 1979 25.
1785 1925 1956 1989 Venus]
2001 1924 2053 1975 id
2099 1928 2205 1986 est,
2259 1926 2429 1975 iactus
2463 1925 2642 1974 Vene-

1594 2014 1747 2061 reus‚
1786 2000 1877 2049 ubi
1915 1998 2001 2049 tali
2035 2002 2310 2064 quattuor,
2350 1999 2545 2064 quibus
2567 1997 2644 2047 lu-

1594 2074 1724 2124 dere
1771 2073 2039 2135 solebant‚
2095 2074 2340 2124 diversos
2387 2085 2642 2124 numeros

1596 2151 1634 2212 (4
1658 2187 1670 2209 ,
1707 2149 1764 2210 3,
1802 2149 1862 2207 4,
1900 2150 1967 2211 ὃ.)
2017 2150 2379 2199 ostenderent.
2424 2148 2638 2198 Lucian.

1595 2226 1776 2272 Amor.
1825 2224 1881 2272 T.
1930 2224 1978 2273 2.
2025 2237 2077 2287 p.
2127 2224 2241 2273 301.
2278 2222 2487 2272 1acob,:
2545 2221 2642 2270 καὶ

1593 2292 1791 2358 βαλών
1844 2295 1953 2361 μὲν
2007 2296 2324 2355 ἐπίσκοπα,
2387 2292 2644 2360 μάλιστα

1593 2369 1641 2420 δ’
1678 2369 1736 2422 εἴ
1763 2386 1901 2421 ποτε
1933 2367 2039 2436 τὴν
2073 2367 2212 2421 θεὸν
2247 2366 2433 2435 αὐτὴν
2468 2365 2642 2430 εὐβο-

1593 2444 1814 2514 λήσειε,
1852 2443 2102 2513 μηδενὸς
2136 2442 2502 2518 ἀστραγάλου
2540 2458 2640 2494 πε-

1594 2519 1806 2584 σόντος
1845 2520 1953 2588 ἴσῳ
1993 2517 2269 2586 σχήματι.
2330 2523 2458 2573 Mire
2502 2516 2645 2589 πόρ-

1595 2613 1699 2663 νης
1720 2593 1903 2657 βόλον
1936 2598 2148 2645 vocavit
2166 2595 2475 2646 Menander.
2522 2594 2640 2642 Vid.

1594 2674 1752 2722 Orion
1786 2671 2114 2720 Schneidew.
2153 2683 2204 2733 p.
2243 2670 2324 2719 76.
2351 2669 2646 2733 opponitur

1590 2746 1838 2795 volturius
1889 2742 2070 2806 (Plaut.
2121 2745 2275 2793 Curc.
2325 2744 2383 2804 2,
2432 2742 2490 2802 3,
2541 2742 2642 2804 78.)

1595 2822 1708 2871 sive
1754 2820 1910 2869 canis.
1970 2817 2152 2869 Pollux
2197 2819 2255 2878 9,
2310 2818 2369 2866 7:
2429 2817 2528 2865 καὶ
2576 2811 2646 2865 τὸ

1594 2895 1703 2960 μὲν
1746 2889 1976 2959 μονάδα
2021 2889 2235 2957 δηλοῦν
2280 2892 2349 2954 (in
2396 2890 2645 2940 omnibus

1599 2968 1732 3031 talis)
1777 2966 2034 3018 καλεῖται
2074 2963 2248 3018 κύων.
2320 2967 2542 3028 Propert
2585 2962 2643 3024 4,

1598 3045 1657 3104 8,
1694 3040 2389 3104 45zmquoq1aepertazos
2415 3040 2648 3089 Venerem

1599 3123 1866 3180 quaerente
1896 3119 2158 3177 secundos,
2196 3117 2400 3177 Semper
2420 3114 2648 3162 damnosi

1597 3193 1865 3243 subsiluere
1899 3205 2063 3241 canes.
2136 3191 2302 3241 Huius
2345 3189 2511 3239 moris
2553 3187 2648 3237 tri-

1601 3268 1894 3317 stissimum
1941 3263 2245 3330 exemplum
2290 3263 2459 3313 habes
2504 3260 2649 3324 apud

1599 3342 1762 3392 Tacit.
1801 3343 1935 3391 Ann.
1975 3341 2061 3400 ⁴3,
2110 3342 2189 3390 ⁴5.
2228 3340 2279 3388 in
2326 3336 2549 3387 Neronis
2596 3336 2652 3384 et

1601 3416 1886 3466 Britannici
1923 3428 2146 3477 regnum
2172 3413 2291 3464 lusu
2315 3409 2648 3461 sortientium

1603 3502 1789 3540 coena.
1852 3489 1956 3539 Cfr.
1997 3488 2219 3538 Ernestii
2265 3484 2409 3535 ClaV.
2447 3484 2556 3533 Cic.
2594 3483 2646 3531 in

1601 3577 1652 3613 v,
1705 3564 1866 3613 Talus.
1934 3563 2142 3612 Bekker
2184 3559 2373 3610 Gallus.
2423 3558 2482 3605 11.
2535 3555 2644 3615 (ed.

1602 3636 1709 3698 alt.)
1750 3649 1870 3701 pag.
1907 3636 2005 3686 253
2039 3648 2159 3697 sqq.
2201 3659 2258 3669 -
2292 3629 2452 3693 Dicet]
2482 3628 2652 3678 «desi-

1603 3711 1785 3775 gnabit
1816 3710 2313 3776 συμποσίαρχον.»

1667 3787 1749 3836 27.
1822 3784 2013 3844 Edoni,
2074 3781 2330 3831 Thraciae
2397 3777 2646 3843 populus,

1601 3859 1912 3910 Bacchiacis
1977 3857 2136 3919 orgiis
2200 3853 2427 3904 deditus.
2507 3854 2653 3902 Non-

1605 3932 1730 3983 nulli
1767 3929 2033 3995 explicant
2067 3929 2136 3979 de
2171 3924 2429 3989 Βάκχαις
2464 3929 2519 3976 et
2540 3929 2652 3976 ter-

1603 4007 1824 4057 minatio
1870 4004 2119 4054 feminina
2168 4006 2276 4053 tam
2320 4005 2404 4052 est
2433 3996 2650 4065 Ἠδωνὴ

1605 4094 1768 4143 quam
1798 4073 2045 4140 Ἠδωνίς.
2095 4078 2296 4129 Verum
2329 4080 2518 4141 poetae
2550 4078 2652 4125 La-

1605 4155 1698 4204 tini
1718 4155 1818 4204 hac
1840 4153 2218 4216 significatione
2237 4165 2456 4215 semper
2471 4150 2652 4200 dicunt

484 4224 571 4272 23:
593 4218 897 4289 εὖόδμοισι
922 4227 1183 4289 σελίνοις.
1225 4228 1351 4280 Plin.
1384 4230 1444 4279 H.
1466 4230 1526 4278 N.
1602 4230 1817 4290 Edonis,
1855 4229 1965 4279 fidis.
2005 4229 2256 4279 Ceterum
2279 4228 2414 4278 haec
2439 4239 2654 4290 compa-
