3234 4975
612 352 734 415 328

1385 354 1638 403 iloRATu
1676 353 2013 403 CARMlNUM

942 511 1158 574 Penna
1205 508 1491 573 biformis
1536 529 1659 596 per
1703 506 2025 595 liquidum
2069 507 2332 574 aethera

1027 632 1243 705 Vate5‚
1295 650 1507 716 neque
1556 629 1619 693 in
1666 630 1854 696 terris
1902 629 2208 695 morabor

1113 752 1428 838 Longius,
1480 750 1852 839 invidiaque
1895 751 2101 817 maior

957 909 1162 977 Urbes
1208 909 1585 997 relinquam.
1675 911 1811 976 Non
1857 930 2012 996 ege,
2062 931 2425 997 pauperum
2739 914 2778 974 5

735 1081 783 1129 ἓ.
822 1081 989 1130 Pinna
1011 1081 1068 1130 B.
1102 1108 1155 1115 —
1195 1080 1242 1129 3.
1280 1085 1422 1129 tem-a
1455 1079 1576 1141 Sed,
1601 1075 1808 1143 βκνξχ.
1849 1078 1975 1143 (non
1999 1078 2121 1130 BbT
2155 1093 2257 1130 nec
2288 1081 2423 1132 Pott.
2462 1082 2624 1144 octe.)
2655 1107 2709 1117 -

670 1154 715 1201 6.
756 1153 803 1202 7.
842 1167 988 1216 quem
1017 1159 1224 1213 vocant,
1261 1155 1450 1204 Dilecta
1483 1156 1751 1204 Maecenas
1785 1151 2006 1203 Bentleii
2042 1155 2292 1218 suspicio.

604 1315 728 1352 eum
752 1300 1087 1353 Scholasticis
1119 1299 1381 1353 nonnullis
1405 1315 1504 1366 pro
1527 1301 1655 1352 sub-

604 1376 781 1427 diticio
816 1376 1053 1427 habebit.
1102 1377 1179 1427 Cf.
1219 1378 1427 1428 Steiner
1460 1379 1648 1429 Conun.

603 1452 724 1500 Hor.
764 1452 918 1514 Spec.
956 1452 1017 1500 11.
1063 1464 1115 1514 p.
1164 1452 1244 1500 ⁴2.
1296 1479 1352 1487 —
1399 1453 1653 1501 Ceterum

605 1527 712 1575 iam
754 1524 899 1588 apud
933 1528 1165 1575 Graecos
1209 1525 1313 1576 hoc
1349 1527 1653 1576 mutationis

603 1601 656 1649 in
690 1612 923 1662 cycnum
956 1595 1277 1663 φάντασμα
1315 1602 1552 1665 reperire
1589 1599 1654 1649 li-

605 1675 708 1722 cet.
747 1673 923 1736 Eurip.
965 1674 1170 1736 Fragm.
1210 1675 1396 1725 incert.
1425 1675 1537 1724 ⁴02.
1565 1675 1650 1724 D.:

605 1746 670 1797 X
665 1741 868 1816 ρύσεαι
917 1745 989 1811 δή
1044 1762 1149 1812 μοι
1202 1751 1471 1819 πτέρυγες
1527 1749 1655 1819 περὶ

608 1817 767 1886 νώτῳ
813 1821 926 1871 Καὶ
969 1817 1040 1870 τὰ
1085 1819 1375 1893 Σειρήνων
1419 1819 1656 1894 ἐρόεντα

610 1892 809 1946 πέδιλα
834 1890 1178 1966 Ἀρμόζεται·
1213 1894 1487 1963 Βάσομαι
1523 1900 1570 1948 τ’
1595 1896 1656 1961 ἐς

610 1971 818 2039 αἰθέρα
841 1966 1023 2021 πολὺν
1041 1967 1299 2042 Ἀερθείς,
1326 1974 1464 2039 Ζηνὶ
1483 1988 1659 2044 προσ-

606 2041 807 2111 μιξων.
878 2047 1032 2110 Apud
1065 2048 1332 2112 Aristopb.
1373 2051 1468 2099 Av.
1508 2049 1653 2099 ⁴373.

612 2120 850 2171 Cinesias
909 2123 1092 2184 poeta:
1153 2115 1528 2188 Ἄναπέτομαι
1582 2119 1655 2189 δὴ

613 2189 758 2265 πρὸς
786 2187 1080 2258 Ὄλυμπον
1126 2193 1465 2269 πτερύγεσσι
1514 2196 1657 2249 κού-

611 2283 772 2330 φαις.
821 2296 876 2305 -
928 2271 1150 2321 Pausan.
1190 2271 1245 2333 ⁴,
1293 2274 1384 2333 22,
1432 2274 1489 2323 7:
1543 2266 1656 2338 ’ἔπη

612 2343 768 2406 (quae
820 2344 1157 2395 Onomacrito
1208 2345 1404 2410 tribuit)
1455 2348 1518 2397 ἐν
1569 2342 1657 2410 οἷς

611 2416 735 2468 ἐστὶ
769 2418 1014 2468 πτέσθαι
1049 2419 1350 2471 Μουσαῖον
1390 2415 1505 2473 ὑπὸ
1539 2422 1657 2472 Βο-

608 2494 744 2563 ρέου
779 2490 980 2564 δῶρον.
1019 2495 1124 2545 Cfr.
1152 2497 1366 2546 Homeri
1384 2492 1659 2549 Ἀποθέω-

609 2583 705 2617 σιν
739 2582 804 2618 ex
839 2582 1027 2619 museo
1052 2570 1430 2624 Herculanensi
1465 2575 1516 2623 in
1543 2572 1657 2625 Mil-

608 2640 782 2705 lingen
817 2644 1039 2693 Menum.
1077 2645 1138 2694 11.
1178 2646 1232 2694 T.
1273 2646 1351 2696 ⁴3.
1391 2649 1446 2697 et
1477 2648 1657 2710 lnghi-

611 2717 744 2767 rami
779 2717 910 2766 Gall.
939 2719 1046 2767 Om.
1085 2719 1167 2767 111.
1207 2732 1259 2782 p.
1299 2721 1379 2771 46.
1422 2748 1476 2757 -
1504 2724 1659 2773 Tem-

609 2803 711 2853 pus
745 2792 944 2849 autem,
983 2803 1089 2853 quo
1124 2791 1228 2841 hoc
1262 2807 1479 2844 carmen
1504 2808 1657 2845 com-

609 2865 843 2928 positum
894 2865 989 2924 sit,
1045 2864 1184 2914 nullo
1236 2868 1398 2917 modo
1449 2869 1658 2920 definiri

610 2940 803 3002 potest.
842 2937 1083 2987 Nonnulli
1109 2939 1344 2990 referunt
1366 2942 1434 2991 ad
1469 2956 1518 2993 a.
1537 2959 1588 2994 u.
1606 2960 1654 2996 c.

610 3013 747 3072 735„
785 3011 1133 3061 Walckenaer
1166 3013 1235 3062 ad
1270 3027 1317 3063 a.
1350 3015 1463 3067 734.
1506 3022 1662 3069 «Por-

613 3088 883 3136 tentosum
903 3098 1027 3134 vero
1046 3089 1128 3135 est
1145 3086 1489 3153 Peerlkampii
1516 3105 1661 3142 com-

612 3161 872 3220 mentum,
901 3159 1142 3210 ultimum
1167 3161 1269 3211 hoc
1294 3177 1414 3214 esse
1440 3179 1659 3216 carmen

612 3233 790 3299 paullo
845 3236 966 3283 ante
1024 3234 1091 3283 ab
1145 3236 1356 3286 Horatio
1400 3241 1658 3303 scriptum

614 3322 776 3373 quam
812 3310 1043 3359 mortem
1068 3310 1169 3359 sibi
1205 3310 1317 3373 ipse
1343 3315 1663 3365 consciverit

611 3397 846 3444 venene,
891 3385 1014 3447 quia
1049 3386 1338 3436 Maecenati
1371 3388 1476 3438 iam
1513 3402 1662 3439 mor-

614 3463 704 3510 tuo
747 3472 1032 3524 superesse
1075 3457 1237 3511 nollet
1278 3474 1380 3511 nec
1421 3465 1658 3526 posset.»

612 3536 996 3585 Dirnnnnuacaa
1014 3535 1069 3582 et
1089 3535 1299 3584 Famae.
1329 3536 1460 3585 Huic
1480 3525 1660 3587 autem

612 3603 837 3679 ᾠδαριῳ
864 3608 1200 3672 quorundam
1225 3609 1461 3660 innititur
1483 3612 1660 3674 opinio

610 3685 846 3749 primum
881 3683 1016 3732 duos
1052 3683 1328 3734 dumtaxat
1359 3683 1522 3735 libros
1550 3686 1662 3735 edi-

613 3764 697 3809 tos
732 3771 872 3820 esse,
910 3759 1105 3808 deinde
1131 3760 1450 3810 Maecenatis
1474 3763 1658 3823 rogatu

613 3833 827 3882 tertium
885 3832 1168 3882 adiectum.
1260 3834 1364 3883 Cfr.
1420 3833 1661 3883 Vander-

612 3907 784 3968 bur-gii
831 3906 1177 3957 Scholiastam
1222 3907 1290 3957 ad
1333 3907 1428 3957 Od.
1466 3909 1525 3968 2,
1577 3909 1657 3957 ⁴9.

614 3983 670 4030 et
704 3981 759 4042 3,
800 3981 846 4028 4.

684 4058 731 4105 4.
791 4057 906 4105 Non
953 4056 1166 4119 usitata]
1238 4058 1400 4120 «quia
1457 4058 1661 4122 primus

613 4133 871 4180 Romanae
882 4131 1060 4193 fidicen
1084 4131 1277 4190 lyrae.»
1310 4156 1362 4167 -
1391 4147 1479 4182 nec
1498 4131 1659 4196 tenui]

616 4205 746 4256 used
781 4204 948 4256 densa
983 4217 1046 4254 ac
1079 4203 1306 4255 valida.»

1793 1302 1841 1351 2.
1880 1301 2131 1366 bisomis]
2170 1303 2328 1361 «Quis
2350 1315 2589 1367 unquam
2613 1318 2777 1356 sanae

1731 1376 1921 1425 mentis
1944 1377 2119 1438 poeta,
2147 1375 2240 1425 ubi
2262 1389 2378 1427 rem
2402 1379 2542 1428 serio
2566 1378 2775 1443 agebat,

1729 1450 1951 1500 monstri
1986 1450 2211 1500 formam
2254 1449 2424 1502 induit
2457 1454 2538 1511 et.
2592 1456 2651 1504 ut
2682 1466 2780 1517 per

1729 1529 1912 1574 aerem
1940 1522 2167 1584 volaret,
2203 1525 2440 1576 humano
2474 1528 2631 1592 capiti
2666 1526 2780 1577 col-

1728 1598 1838 1649 lum
1898 1600 2052 1661 cycni
2125 1599 2364 1650 adiunxit
2436 1614 2777 1665 cycneasque

1730 1673 1937 1735 corpori
1972 1684 2178 1736 pennas
2201 1673 2448 1724 induxit?
2482 1677 2620 1726 Num
2643 1676 2778 1726 haec

1730 1746 2031 1809 prodigiosa
2084 1747 2258 1810 imago
2308 1747 2487 1798 differt
2535 1749 2605 1799 ab
2661 1748 2774 1807 illa.

1729 1833 1892 1882 quam
1927 1820 2171 1870 Horatius
2217 1820 2270 1870 in
2303 1824 2430 1872 Arte
2480 1822 2609 1873 risui
2642 1824 2779 1873 ami-

1731 1906 1918 1944 corum
1941 1895 2185 1958 exposuit
2199 1896 2256 1944 ‘h
2282 1896 2630 1947 Emusunms.
2669 1898 2778 1947 Ve-

1731 1980 1852 2018 rum
1886 1968 2104 2019 minime
2130 1970 2471 2032 cogitandum
2505 1970 2573 2021 de
2610 1971 2776 2023 forma

1731 2054 1797 2090 ex
1831 2042 2063 2093 humana
2098 2045 2155 2093 et
2186 2056 2390 2106 cycnea
2423 2044 2780 2109 prodigialiter

1731 2117 2017 2167 commixta
2034 2154 2046 2178 ,
2128 2118 2430 2182 eademque
2487 2133 2519 2169 a
2573 2121 2776 2184 pictore

1729 2192 2003 2253 imitanda3
2057 2193 2156 2243 sed
2191 2196 2246 2244 et
2266 2197 2456 2258 poetae
2490 2199 2544 2245 et
2566 2195 2778 2247 lectoris

1731 2279 1859 2315 eum
1906 2270 2053 2317 recte
2105 2267 2441 2332 intelligentis
2483 2271 2779 2338 φαντασίᾳ

1731 2339 2121 2391 obversabatur
2170 2356 2373 2405 cycnus
2422 2356 2521 2407 per
2571 2342 2779 2394 caelum

1730 2412 1826 2465 alis
1859 2413 2022 2477 latus,
2061 2417 2153 2479 qui
2188 2419 2365 2467 tamen
2402 2418 2547 2468 idem
2570 2418 2779 2468 divinus

1731 2492 1987 2541 manserit
2031 2494 2208 2555 poeta.
2277 2494 2502 2544 Omnino
2550 2490 2780 2554 κοῦφον

1731 2561 1932 2633 χρῆμα
1965 2562 2212 2632 ποιητής
2244 2565 2368 2618 ἐστι
2413 2569 2511 2618 καὶ
2562 2563 2779 2632 πτηνὸν

1729 2638 1829 2688 καὶ
1865 2634 2037 2710 ἱερόν.
2108 2640 2236 2691 Plat.
2289 2643 2344 2692 in
2394 2644 2518 2693 lone
2569 2656 2622 2707 p.
2660 2642 2775 2693 534.

1731 2714 1789 2763 Β.
1840 2713 1985 2777 (Mire
2009 2716 2234 2779 biremis
2254 2717 2582 2782 explicarunt
2602 2717 2775 2768 Schol.

1733 2791 1787 2837 et
1837 2789 2155 2841 Lambinus:
2231 2795 2412 2843 «vates
2478 2792 2676 2854 lyricus
2726 2795 2783 2843 et

1733 2862 2049 2925 satiricus»)
2106 2892 2159 2900 —
2220 2866 2488 2931 liquidum]
2543 2867 2778 2917 «clarum

1733 2951 1796 2986 ac
1846 2935 2134 2988 lucidum.»
2204 2939 2345 3003 Virg.
2401 2943 2492 2990 Ge.
2550 2942 2607 3001 4,
2644 2940 2773 2991 404:

1732 3009 1953 3072 Apparet
2018 3012 2206 3072 liquido
2272 3013 2493 3063 sublenis
2550 3017 2603 3064 in
2658 3016 2781 3063 ae'ra

1731 3086 1899 3135 Nisus.
1969 3085 2215 3136 Similiter
2254 3089 2396 3151 apud
2438 3088 2779 3138 Parthenium

1734 3161 1790 3209 2⁴
1820 3174 1831 3206 :
1888 3155 1922 3209 ὁ
1967 3155 2075 3225 τὴν
2107 3159 2340 3222 Λέσβου
2387 3165 2573 3213 κτίσιν
2607 3159 2779 3226 ποιή-

1735 3248 1862 3295 σας·
1918 3232 2133 3284 απὸλλὰ
2181 3232 2226 3284 δ’
2276 3236 2336 3298 ἐς
2388 3231 2567 3306 ὑγρὴν
2613 3229 2781 3306 Ἠέρα

1734 3312 1932 3379 χεῖρας
1964 3301 2225 3359 ἔτεινεν.»

1799 3383 1847 3433 t.
1884 3384 2174 3445 invidiaque
2204 3386 2394 3449 maior]
2434 3385 2627 3434 «Cuius
2664 3383 2780 3447 glo-

1734 3458 1809 3506 ria
1845 3460 2063 3521 superat
2094 3459 2398 3508 invidiam.»
2435 3460 2617 3508 Senot..
2658 3459 2780 3509 Cal-

1734 3530 1945 3582 limacb.
1983 3533 2078 3596 Ep.
2105 3534 2195 3583 22:
2236 3528 2271 3583 ὁ
2304 3531 2349 3582 δ’
2373 3527 2565 3599 ἦεισεν
2586 3532 2780 3603 κρείσ-

1734 3621 1884 3655 σονα
1914 3604 2255 3673 βασκανιης.

1799 3683 1846 3730 5.
1905 3682 2069 3747 Urbes]
2111 3683 2171 3731 H.
2226 3682 2261 3732 l.
2317 3688 2484 3733 terrae
2534 3687 2589 3734 et
2636 3684 2781 3734 urbes

1735 3758 2125 3819 componuntur
2168 3759 2225 3806 ut
2274 3756 2368 3806 od.
2408 3757 2463 3818 3,
2503 3756 2559 3818 4,
2598 3757 2679 3808 45.
2722 3784 2776 3794 —

1728 3830 2041 3894 pauper-mn]
2088 3832 2232 3881 Inest
2265 3831 2317 3879 in
2352 3830 2434 3881 his
2468 3824 2777 3894 ἀντίθεσις·

1738 3907 1901 3969 «Ego,
1940 3918 2104 3969 quem
2150 3903 2301 3955 multi
2350 3902 2596 3956 libertino
2628 3909 2782 3970 patre

1736 3984 1919 4032 natum
1955 3982 2209 4044 carpunt,
2248 3980 2347 4030 etsi
2381 3993 2486 4029 non
2522 3993 2658 4043 nego
2691 3992 2780 4030 me

1738 4055 1983 4107 libertino
2017 4057 2167 4121 patre
2203 4057 2385 4104 natum
2423 4068 2571 4113 esse3
2616 4066 2780 4117 quem

1738 4134 1793 4180 tu
1830 4133 2008 4180 tamen
2043 4128 2382 4182 nihilominus
2416 4132 2504 4180 tua
2552 4129 2781 4177 amicitia

1738 4205 1987 4268 dignaris,
2013 4216 2287 4268 nunquam
2312 4205 2542 4254 mortem
2564 4201 2780 4254 obibo.»
