3234 4975
666 416 791 480 500

1423 417 1681 469 nolum
1716 417 2054 471 CARMINUM

1007 572 1176 638 Mitte
1222 570 1562 659 singultuS,
1614 572 1785 640 bene
1828 572 1996 639 ferre
2041 593 2340 662 magnam

998 693 1190 761 Disce
1234 693 1581 771 fortunam,
1634 705 1742 760 tua
1787 705 2003 761 sectus
2046 692 2226 761 orbis

2705 667 2836 760 '75

1252 815 1523 882 Nomina
1565 815 1778 883 ducet.

660 1050 1093 1102 affirmationem:
1123 1051 1338 1102 «Nescis
1360 1050 1554 1111 adhuc,
1582 1063 1707 1100 cara

658 1122 860 1190 puella,
907 1124 1046 1174 Iovis
1088 1125 1142 1174 te
1188 1125 1469 1187 coniugem
1513 1137 1705 1186 esse»,

661 1198 712 1249 id
749 1200 858 1260 est,
896 1198 1059 1249 «scito
1091 1199 1145 1248 te
1168 1211 1294 1248 mox
1330 1197 1476 1249 illum
1521 1199 1709 1249 coniu-

660 1285 782 1336 gem
833 1270 1136 1321 habituram
1180 1284 1356 1322 esse.»
1425 1272 1530 1322 Sed
1581 1285 1707 1323 cum

660 1347 967 1397 nominativi
1001 1358 1128 1396 cum
1158 1345 1413 1396 infinitivo
1434 1358 1564 1397 usus
1585 1347 1710 1410 post

659 1419 829 1471 verba
870 1418 1135 1471 sentiendi
1179 1422 1234 1470 et
1271 1418 1577 1470 declarandi
1622 1417 1705 1469 vel

660 1494 805 1560 apud
837 1496 1024 1559 poetas
1058 1494 1269 1545 Latinos
1292 1495 1594 1545 rarissimus
1617 1493 1703 1554 sit,

658 1570 895 1633 praestat
939 1567 1161 1619 sortasse
1207 1567 1342 1619 haec
1388 1568 1708 1632 interpreta—

660 1645 758 1694 tio:
797 1643 997 1693 «Nescis
1030 1642 1154 1705 (non
1176 1641 1351 1704 vales,
1390 1656 1497 1693 non
1519 1642 1705 1704 audes)

658 1731 759 1767 osse
790 1718 920 1767 Iovis
948 1731 1087 1767 uoeor
1116 1718 1185 1779 (te
1209 1730 1396 1780 gerere
1421 1717 1558 1767 lovis
1580 1730 1711 1767 uxo-

661 1791 850 1854 rem);»
877 1804 1001 1841 cum
1025 1804 1131 1855 qua
1155 1790 1257 1841 leni
1287 1790 1706 1856 reprehensione

660 1866 859 1931 optime
893 1864 1123 1928 quadrat
1144 1866 1233 1928 qui
1268 1865 1509 1928 sequitur
1541 1866 1711 1928 impe-

661 1940 884 1991 rativus:
937 1939 1056 1989 bono
1095 1939 1231 2003 ferro
1270 1952 1514 2003 magnati»
1563 1939 1709 1988 Disco

658 2013 934 2077 fortunam.

725 2085 790 2137 74
812 2087 941 2136 -76,
995 2087 1111 2137 bone
1156 2085 1307 2150 forro]
1361 2088 1710 2137 «constanter

659 2174 724 2210 ac
757 2159 976 2223 dignum
1010 2160 1063 2210 in
1098 2159 1350 2220 modum,
1385 2172 1485 2223 pro
1519 2160 1709 2209 conin-

660 2235 740 2298 gis
788 2234 864 2283 tui
897 2235 1228 2284 maiestate.»
1297 2233 1547 2284 Chariton
1580 2246 1702 2297 pag.

660 2307 775 2360 ⁴45.
812 2309 984 2373 Lips.:
1031 2303 1113 2359 Σὺ
1146 2305 1211 2358 δέ
1222 2344 1238 2368 ,
1283 2303 1319 2373 ἡ
1355 2304 1562 2374 δούλη,
1598 2303 1707 2373 τὴν

657 2375 929 2441 εὗτυχὶαν
964 2375 1034 2432 οὗ
1080 2383 1293 2446 φέρεις.
1335 2410 1390 2419 -
1434 2388 1593 2433 sectus
1626 2396 1709 2431 or-

657 2454 753 2520 bis]
813 2454 1066 2507 «dimidia
1124 2468 1249 2521 pars
1305 2455 1452 2507 orbis
1507 2469 1706 2507 nomen

657 2532 808 2580 tuum
843 2531 1117 2595 accipiet.»
1152 2531 1297 2581 Duas
1332 2530 1475 2581 enim
1501 2530 1710 2580 dumta-

657 2606 748 2655 xat
797 2603 944 2655 orbis
994 2607 1259 2655 terrarum
1307 2606 1489 2669 partes
1539 2618 1708 2668 agno-

659 2677 761 2728 scit
793 2678 846 2728 h.
883 2676 948 2739 l.‚
996 2680 1262 2744 Europam
1309 2680 1365 2730 et
1395 2679 1601 2741 Asiam,
1648 2680 1710 2729 ut

659 2750 761 2801 Sal.
801 2753 910 2815 lug.
948 2753 1028 2803 ⁴7.
1074 2754 1130 2803 et
1169 2753 1339 2803 Varro
1378 2754 1475 2804 LL.
1512 2754 1572 2816 δ,
1609 2753 1703 2804 3⁴:

659 2826 837 2876 Divisa
869 2831 939 2877 ost
982 2826 1108 2878 caeli
1145 2827 1429 2892 ropionibus
1472 2832 1612 2880 cen-a
1653 2828 1708 2878 in

1781 1050 1954 1101 Asiam
1985 1055 2032 1100 οι
2064 1050 2340 1113 Ean-opum.
2388 1051 2548 1116 Soph.
2586 1051 2828 1103 Trachin.

1785 1125 1911 1174 ⁴00:
1964 1121 2258 1176 δισσαῖσιν
2298 1119 2560 1196 ἀπείροις
2593 1123 2827 1188 κλιθείς.

1783 1196 1910 1248 Plat.
1947 1199 2002 1249 in
2028 1198 2190 1250 Critia
2218 1199 2331 1250 ΗΞ.
2366 1200 2422 1249 Ε.
2448 1199 2553 1251 Ct'r.
2582 1199 2837 1252 Schaefer

1781 1269 2046 1322 Meletem.
2085 1273 2200 1324 crit.
2237 1286 2291 1338 p.
2319 1272 2423 1335 36„
2459 1273 2552 1324 uhi
2588 1271 2735 1325 locos
2757 1275 2836 1325 si-

1782 1343 1935 1395 miles
1954 1344 2162 1409 collegit
2180 1344 2430 1410 Aeschyl.
2459 1349 2608 1398 Pers.
2635 1360 2687 1397 v.
2715 1348 2829 1397 479.

1782 1416 1909 1468 plat.
1950 1421 2104 1482 Gorg.
2140 1432 2195 1483 p.
2221 1421 2337 1471 265.
2376 1420 2472 1471 Ed.
2501 1421 2688 1472 Heind.
2727 1422 2837 1471 Iso-

1782 1492 1941 1543 cratis
1963 1494 2155 1556 Paneg.
2177 1507 2226 1544 c.
2246 1492 2327 1544 48.
2347 1495 2550 1546 Moschi
2571 1497 2623 1558 2,
2648 1495 2696 1546 6.
2724 1498 2828 1546 cet.

1783 1568 1978 1618 Contra
2012 1569 2162 1618 Ovid.
2201 1570 2337 1619 Fast.
2375 1570 2432 1632 5,
2470 1569 2598 1620 6⁴7:
2637 1574 2706 1632 te,
2742 1570 2832 1619 8ο·-

1781 1642 1924 1704 doni,
1961 1642 2185 1705 Iuppiter
2216 1643 2411 1705 ὁηιρὶοι,
2446 1644 2669 1707 Parsque
2689 1649 2833 1694 nm

1780 1722 1948 1767 terrae
1980 1719 2132 1768 tortia
2161 1731 2341 1768 nomm
2381 1718 2540 1769 habet.
2612 1719 2831 1771 Modum

1780 1791 2024 1841 Latinum
2057 1790 2327 1855 aliquanto
2362 1791 2704 1844 audaciorem
2739 1807 2831 1844 re-

1781 1865 1951 1916 tinere
2001 1867 2171 1930 potuit
2220 1864 2517 1929 Garganus:
2572 1868 2752 1918 trarrd
2792 1868 2833 1917 il

1780 1944 1866 1989 tuo
1915 1953 2034 1990 nom
2071 1940 2264 1991 Partito
2307 1940 2347 1989 ἃ
2376 1941 2575 1992 mondo.
2626 1969 2681 1978 —
2717 1942 2829 1992 No-

1778 2012 1937 2078 mina]
1972 2011 2183 2074 Nullus,
2238 2013 2384 2077 quod
2416 2015 2611 2076 sciam,
2666 2015 2832 2065 inter-

1779 2099 1906 2150 pres
1929 2089 2021 2137 ant
2049 2085 2329 2152 explicavit
2350 2088 2493 2138 hunc
2516 2101 2661 2138 num.
2687 2088 2828 2154 plur.

1781 2162 1873 2211 aut
1909 2162 1963 2210 in
2007 2174 2072 2212 eo
2115 2161 2287 2211 haesit
2329 2165 2546 2226 praeter
2576 2163 2702 2225 111²„
2738 2168 2833 2227 qui

1781 2236 1959 2285 omnia
2009 2234 2131 2286 inde
2176 2249 2208 2285 a
2250 2249 2300 2284 v.
2345 2235 2439 2286 33:
2498 2239 2638 2299 Quae
2683 2237 2835 2287 simul

1781 2311 1883 2360 cet.
1924 2310 2137 2360 Horatio
2169 2308 2513 2370 abiudicavit,
2551 2310 2604 2360 h.
2633 2310 2665 2361 Ι.
2692 2312 2832 2361 inter

1780 2381 1880 2433 alia
1914 2383 2204 2434 adnotans:
2242 2385 2384 2433 «Nec
2416 2382 2715 2436 laudandus
2748 2389 2833 2437 est

1778 2455 1995 2523 pluralis
2017 2458 2224 2508 nentina
2243 2470 2341 2523 pro
2363 2470 2592 2509 nomen.»
2627 2458 2830 2510 Verum

1781 2545 1848 2582 ex
1882 2545 1984 2583 usu
2017 2532 2226 2597 poetico
2257 2530 2327 2581 de
2348 2545 2457 2582 una
2489 2545 2719 2596 persona
2743 2531 2829 2583 ille

1779 2607 2008 2671 ponitur.
2046 2605 2142 2656 Od.
2181 2605 2242 2668 4,
2278 2606 2337 2669 2,
2373 2605 2433 2656 3:
2472 2606 2686 2656 dam-tas
2716 2608 2828 2657 No-

1778 2681 1922 2731 mina
1945 2686 2132 2743 ponto,
2168 2680 2317 2729 Ovid.
2344 2680 2497 2730 Trist.
2539 2680 2593 2741 ⁴,
2634 2682 2692 2741 ⁴,
2730 2680 2824 2731 90:

1779 2755 1956 2805 leat-m
2002 2755 2182 2804 Icariis
2227 2753 2435 2804 nentina
2487 2752 2603 2816 fecit
2650 2755 2826 2817 aquis,

1781 2842 1948 2880 unum
1982 2828 2145 2879 maris
2179 2828 2330 2878 lcarii
2366 2840 2578 2878 nomen.

1528 3512 1968 3535 ΙΙ
