3234 4975
626 363 749 428 344

1398 366 1655 416 nonA‘ru
1692 367 2028 419 CARmNuu

962 520 1164 588 Dulce
1209 530 1273 587 et
1315 521 1629 588 decorum
1674 533 1773 587 est
1815 544 1934 609 pro
1977 523 2183 610 patria
2228 525 2432 589 mori:

959 641 1131 707 Mors
1176 651 1241 707 et
1283 640 1577 728 fugacem
1622 643 2038 731 persequitur
2080 644 2291 709 virum
2315 695 2329 721 ,

1039 764 1172 829 Neo
1214 764 1419 850 parcit
1461 762 1736 831 imbellis
1781 764 2081 831 iuventae

1124 882 1480 970 Poplitibus
1523 883 1880 972 timidoque
1923 894 2122 972 tergo.

959 1042 1169 1110 Virtus
1216 1040 1515 1128 repulsae
1560 1042 1783 1109 nescia
1827 1042 2133 1109 sordidae

960 1162 1352 1228 intaminatis
1396 1161 1593 1250 fulget
1637 1162 2032 1240 honoribus,

750 1334 829 1386 44.
861 1337 1184 1396 prosequitur
1226 1334 1286 1394 S,
1329 1334 1646 1394 consequitur
1684 1331 1851 1383 Bentl.
1891 1334 2029 1383 coni.
2071 1333 2142 1395 (et
2184 1334 2314 1384 Cod.
2354 1336 2726 1399 cuninghamii

685 1422 741 1473 p.
777 1408 962 1470 2⁶73)
1012 1409 1075 1459 Ut
1117 1420 1237 1467 nos,
1276 1408 1440 1459 ceteri
1480 1408 1649 1457 nostri
1691 1421 1754 1458 ac
1796 1408 2027 1458 Pottierii
2070 1421 2276 1459 omnes.

2329 1437 2384 1445 —
2423 1411 2504 1462 45.
2539 1411 2731 1461 &wellis

683 1481 924 1533 BbS‘rcd.
961 1508 1015 1518 —-
1054 1482 1133 1532 46.
1159 1482 1390 1532 timidove
1411 1486 1549 1545 tet-90
1571 1480 1668 1542 Bb,
1707 1494 1846 1532 corr.
1873 1483 1929 1542 Τ,
1958 1482 2153 1547 (tionido
2174 1488 2376 1548 uolet-90
2398 1497 2480 1549 pr.
2508 1485 2586 1547 T,)
2609 1482 2691 1550 μξ
2707 1524 2721 1545 ,

684 1557 967 1608 Bentleius.
1008 1557 1198 1618 (Ceteri
1222 1556 1388 1606 nostri
1411 1557 1679 1617 timidoque
1697 1561 1854 1620 tergo.
1893 1558 1987 1607 Hic
2020 1571 2072 1607 v.
2110 1560 2195 1608 est
2214 1556 2432 1609 ultimus
2466 1560 2519 1609 in
2541 1560 2620 1623 B.)
2662 1588 2717 1597 —

685 1630 763 1680 48.
791 1629 1174 1680 lamaci-sb.
1201 1642 1467 1694 supersor.
1493 1642 1603 1679 eon.
1631 1628 1883 1693 (sordidae
1903 1632 1958 1681 in
1975 1639 1993 1697 ῃ
2020 1632 2384 1683 Contaminatis
2412 1633 2452 1683 C
2478 1646 2508 1684 e
2527 1633 2717 1696 Codd.)

622 1774 733 1818 tare
773 1769 977 1819 Ιοοποηι.
1048 1768 1385 1818 Contrarium
1426 1766 1569 1817 Iliad.
1608 1784 1667 1829 χ,

622 1842 753 1892 373:
791 1834 834 1907 ἢ
863 1839 1024 1906 μάλα
1063 1837 1136 1906 δὴ
1181 1839 1671 1930 μαλακώτερος

623 1910 1073 1980 ἀμφαφάασθαι
1097 1907 1348 1988 ”,Εκτωρ
1385 1933 1421 1981 η
1397 1909 1545 1966 ὅτε
1567 1913 1671 1982 νῆ-

626 2006 697 2054 ας
728 1989 1040 2061 ἐνέπρησεν
1074 1992 1210 2061 πυρὶ
1242 1989 1444 2057 κηλέῳ.

692 2064 772 2114 43
830 2064 1010 2128 Dulce]
1060 2066 1202 2115 «Hoc
1243 2066 1436 2128 cogitet
1469 2066 1673 2116 iuvenis

629 2140 915 2190 Romanus:
941 2140 1100 2189 Dulce
1115 2142 1251 2189 eet.»
1225 2140 1600 2202 MTyrtaeus‘l
1623 2140 1669 2189 4.

628 2212 799 2274 Bergk
846 2226 902 2277 p.
955 2213 1079 2263 308.
1156 2209 1511 2278 Τεθνάμεναι
1563 2208 1675 2284 γὰρ

630 2281 812 2335 καλὸν
876 2285 962 2338 ἐνὶ
1009 2284 1393 2375 προμάχοισι
1422 2284 1676 2338 πεσόντα

611 2353 792 2431 ,ἄνδρ’
849 2355 1109 2428 ἀγαθόν,
1175 2363 1302 2433 περὶ
1353 2351 1393 2433 ᾖ
1451 2360 1678 2433 πατρίδι

625 2432 1013 2507 μαρνάμενον.
1068 2437 1247 2504 Eurip.
1301 2437 1490 2488 Troad.
1544 2436 1672 2488 386:

630 2508 818 2581 Τρῶες
849 2508 913 2561 δὲ
946 2510 1170 2582 πρῶτον
1201 2513 1342 2577 μέν,
1378 2509 1447 2562 τὸ
1480 2508 1678 2562 κάλλι-

630 2600 772 2637 στον
804 2583 1002 2648 κλέος,
987 2527 1202 2657 ρωῗπὲρ
1236 2582 1456 2657 πάτρας
1499 2578 1676 2652 ἔθνη-

627 2674 791 2710 σκον.
830 2660 939 2710 Cie.
967 2659 1185 2725 Philipp.
1208 2660 1294 2721 44,
1323 2661 1409 2710 ⁴2:
1448 2660 1676 2723 Ofortu-

624 2739 752 2785 nata
783 2746 949 2795 mors,
984 2748 1114 2795 quae
1143 2739 1361 2784 naturae
1394 2735 1559 2784 debita
1575 2748 1677 2798 pro

622 2814 802 2871 pau-oa
832 2813 904 2858 est
927 2809 1240 2869 potissivmom
1270 2809 1503 2859 reddita!

697 2881 776 2933 44.
807 2883 949 2932 Mors
966 2880 1096 2944 cet.]
1136 2881 1437 2932 Simonides
1467 2883 1672 2947 Fragm.

628 2958 710 3007 25⁴.
740 2955 1067 3006 Schneidew.
1091 2953 1204 3004 Del.
1226 2948 1286 3003 ‘O
1317 2953 1364 3004 δ’
1393 2947 1472 3007 αὖ
1497 2952 1679 3006 θάνα-

627 3045 730 3092 τος
745 3030 874 3089 κίχε
896 3029 996 3079 καὶ
1015 3024 1118 3078 τὸν
1140 3025 1509 3094 φυγόμαχον.
1537 3032 1677 3082 Cur-

628 3252 1059 3315 OWWW·-·
1089 3253 1430 3317 Pmoqttimr]
1476 3255 1588 3305 Hoc
1621 3269 1673 3305 v

630 3325 901 3392 duplicem
933 3324 1087 3375 nobis
1120 3325 1338 3377 exhibet
1369 3328 1673 3392 imaginem,

631 3406 686 3454 et
719 3399 967 3452 celeriter
1009 3400 1324 3465 insequendi
1367 3404 1422 3452 et
1460 3404 1680 3467 propter

629 3477 683 3527 id
736 3476 937 3540 ipsum,
995 3475 1140 3538 quod
1175 3476 1315 3527 Mors
1365 3475 1679 3527 inevitabilis

629 3551 929 3615 insequitur
949 3587 962 3609 ,
1006 3550 1387 3613 consequendi.
1458 3553 1681 3603 «Perse-

629 3627 832 3690 quitur,
907 3624 998 3687 qui
1060 3637 1168 3674 non
1218 3623 1412 3674 desinit
1471 3627 1677 3688 sequi.»

629 3702 824 3751 Dour.
861 3698 931 3748 ad
966 3699 1084 3748 Ter.
1122 3697 1285 3747 Andr.
1322 3698 1379 3758 ὅ,
1416 3696 1474 3758 4,
1509 3698 1590 3748 32.
1620 3727 1674 3736 —

627 3775 704 3824 lta
755 3768 882 3843 Κὴρ
936 3770 1021 3821 vel
1087 3771 1278 3840 Μοῖρα
1343 3774 1682 3836 persequitur

630 3844 946 3897 bellatorem
981 3845 1270 3910 fugientem
1305 3847 1358 3896 in
1387 3859 1513 3897 vase
1536 3847 1678 3912 picto

632 3920 776 3986 apud
810 3917 1190 3970 d'Hanearville
1226 3921 1262 3969 1.
1302 3921 1357 3970 T.
1396 3920 1477 3971 35.

697 3994 778 4043 46.
813 3993 1104 4058 Popzatbus]
1153 3995 1348 4057 Fugam
1383 3994 1676 4057 significan

631 4066 857 4132 poplites
891 4068 1035 4118 enim
1057 4068 1365 4133 fugientium
1391 4071 1682 4120 cernuntur

630 4141 1090 4205 quemadmodum
1113 4145 1276 4206 terga.
1315 4145 1486 4207 Atque
1508 4143 1681 4210 popli·

631 4220 713 4267 tes
765 4217 1023 4282 imprimis
1072 4216 1384 4280 rugientium
1450 4219 1681 4269 victores

1741 1769 2056 1820 caedebant.
2117 1772 2227 1820 Liv.
2253 1772 2341 1832 22,
2388 1771 2481 1822 48:
2532 1772 2793 1823 Numidae

1742 1844 2104 1894 Romanorum
2125 1849 2271 1908 torpa
2298 1846 2528 1908 sev-imm
2547 1860 2611 1895 ac
2629 1847 2795 1909 popli-

1740 1922 1810 1968 tes
1840 1920 2112 1969 οαοάθηιοσ.
2182 1919 2394 1970 Lucian.
2448 1920 2633 1970 Toxar.
2689 1920 2786 1970 60:

1744 1989 1945 2060 ἰγνύην
1976 1992 2364 2058 κατατμηθεὶς
2398 1991 2680 2060 καμπύλῳ
2712 1992 2791 2061 τῷ

1743 2062 1912 2133 τόξῳ.
1953 2093 2009 2103 -
2058 2066 2349 2130 maeque]
2384 2068 2621 2119 Praefert
2653 2069 2791 2119 hano

1744 2139 1867 2192 lect.
1928 2141 2089 2191 etiam
2145 2139 2515 2204 Dillenburger
2566 2155 2621 2206 p.
2677 2144 2788 2193 ⁴02.

1747 2213 2039 2279 «poplites»
2053 2253 2066 2274 ,
2104 2216 2376 2278 inquit,«
2349 2219 2433 2265 «et
2468 2218 2675 2278 tergum
2710 2216 2794 2266 iu-

1746 2289 1980 2352 gientem
2011 2287 2235 2338 militem
2268 2290 2439 2338 totum
2478 2289 2788 2352 significant,

1747 2365 1801 2413 et
1834 2364 2036 2412 ιᾶηιόαω
2068 2362 2393 2413 adiectivum
2432 2376 2539 2413 non
2584 2365 2791 2426 tergum

1746 2434 1921 2488 solum
1952 2435 2051 2487 sed
2086 2435 2314 2501 poplites
2346 2450 2562 2502 quoque
2585 2439 2789 2488 ornat.»

1813 2510 1892 2560 47.
1953 2511 2127 2561 Stoice
2169 2512 2277 2561 iam
2323 2509 2587 2574 loquitur:
2644 2513 2793 2561 «Vir-

1747 2588 1859 2646 tus,
1897 2585 2069 2634 maior
2101 2598 2249 2645 casu,
2291 2599 2566 2649 nunquam
2598 2586 2795 2649 patitur

1747 2657 1994 2724 repulsae
2044 2658 2456 2720 contumeliam;
2515 2672 2639 2709 nam
2695 2660 2794 2710 etsi

1745 2732 1948 2784 homini
1981 2733 2177 2782 virtute
2208 2733 2450 2798 praedito
2483 2731 2669 2796 volgus
2702 2733 2797 2783 ho-

1747 2820 1908 2857 nores
1931 2809 2109 2869 negat,
2141 2804 2225 2856 ille
2249 2818 2426 2869 neque
2451 2807 2793 2869 ignominiam

1747 2881 1908 2932 sentit
1941 2893 2044 2930 neo
2079 2878 2344 2942 dolorem,
2397 2883 2456 2930 ut
2485 2881 2541 2930 in
2579 2882 2794 2931 comitio

1747 2954 1850 3020 pila
1885 2953 2010 3005 lusit
2046 2954 2204 3016 Cato,
2262 2967 2370 3018 quo
2403 2954 2489 3005 die
2524 2954 2794 3020 repulsam

1747 3027 1864 3079 tulit
1909 3028 2047 3091 (Son.
2084 3028 2181 3092 Ep.
2220 3028 2380 3090 404.),
2433 3030 2592 3092 atque
2644 3027 2790 3092 (Plin.

1748 3102 1916 3153 Praei.
1953 3102 2021 3165 9.)
2068 3101 2295 3166 repulsis
2326 3100 2473 3153 velut
2504 3102 2796 3153 honoribus

1748 3176 1976 3240 indeptis
1998 3175 2280 3239 gaudebat.
2336 3178 2471 3226 Cum
2494 3176 2794 3227 fortitudine

1748 3252 1932 3300 autem
1954 3287 1966 3310 ,
1991 3263 2155 3314 quam
2175 3252 2350 3314 primo
2373 3250 2792 3309 commendarat,

1751 3323 2055 3375 necessario
2077 3325 2359 3375 eoniuncta
2382 3327 2467 3375 est
2487 3325 2655 3393 virtus
2672 3325 2801 3375 eivi-

1748 3398 1811 3449 lis
1830 3436 1843 3460 ,
1880 3395 2118 3464 γενικῶς
2150 3401 2408 3463 spectata.
2462 3399 2612 3449 Hanc
2635 3400 2798 3450 comi-

1751 3476 1890 3523 tatur
1933 3485 2098 3523 verus
2147 3473 2318 3524 honos
2357 3475 2519 3536 atque
2570 3473 2796 3524 nominis

1750 3544 2167 3597 immortalitas.»
2223 3573 2277 3583 -
2350 3547 2542 3611 nescia]
2602 3559 2794 3610 «quam

1751 3633 2026 3684 nunquam
2058 3621 2262 3683 attingit
2292 3633 2468 3685 neque
2494 3623 2797 3672 commovet

1750 3697 1843 3745 aut
1874 3695 2126 3759 deprimit
2156 3695 2421 3759 repulsa.»
2452 3722 2508 3733 —-
2548 3695 2794 3759 sordidae]

1752 3767 2021 3820 credebat
2062 3768 2248 3831 volgus
2279 3770 2578 3819 Romanum
2622 3770 2798 3819 mami-

1749 3857 1837 3893 ma
1868 3844 1988 3894 Esse
2016 3844 2159 3893 mala
2190 3843 2431 3906 avianum
2461 3856 2663 3893 censuum
2691 3848 2798 3893 ιω-

1745 3931 1959 3980 pemque
1977 3918 2249 3980 repulsam.
2288 3917 2419 3981 Epp.
2448 3917 2469 3966 4
2493 3955 2505 3978 ,
2534 3917 2555 3966 4
2579 3955 2591 3978 ,
2619 3916 2683 3968 42
2713 3930 2793 3980 sq.

1820 3993 1900 4043 48.
1954 3991 2299 4056 Intaminatt‘s]
2357 4003 2389 4040 a
2444 4006 2495 4041 v.
2554 3990 2796 4043 obsoleto

1752 4069 2036 4130 munao-e,
2074 4071 2323 4131 tangere;
2361 4067 2586 4118 tortasse
2621 4071 2799 4118 tamen

1753 4156 1819 4193 ex
1880 4135 2087 4205 aliqua
2120 4142 2431 4193 auctoritate
2503 4141 2799 4205 antiquiore

1752 4218 1854 4269 hac
1886 4217 2055 4269 forma
2091 4230 2220 4269 usus
2254 4219 2337 4268 est
2368 4229 2467 4282 pro
2501 4216 2803 4267 incontami-
