3234 4975
663 385 730 450 44
744 386 784 452 2

1168 545 1299 611 Ore
1344 542 1643 632 trilingui.

1426 389 1684 440 nolum
1719 387 2056 441 CARMINUM

993 701 1163 781 Quin
1207 712 1273 768 et
1312 703 1491 768 Ixion
1534 702 1885 792 Tityosque
1929 700 2104 768 voltu

996 822 1155 891 Risit
1196 822 1420 901 invito,
1467 822 1640 890 stetit
1679 844 1844 890 urna
1892 822 2179 911 paullum

996 942 1209 1021 Sicca,
1258 943 1415 1011 dum
1457 953 1637 1032 grato
1679 944 1883 1012 Danai
1927 943 2173 1033 puellas

1162 1066 1458 1133 Carmine
1500 1065 1767 1134 mulces,

991 1224 1223 1290 Audiat
1264 1224 1447 1313 Lyde
1491 1223 1704 1291 scelus
1747 1234 1942 1312 atque
1985 1234 2169 1290 notas

2736 1225 2818 1289 25

990 1346 1316 1435 Virginum
1360 1367 1607 1434 poenas
1651 1356 1716 1413 et
1758 1345 1946 1412 inane
1989 1344 2295 1435 lymphae

782 1544 865 1594 24.
939 1543 1127 1608 (Habet
1158 1546 1476 1608 scripturam
1506 1545 1648 1596 voltu
1679 1544 1747 1607 c.)
1781 1571 1835 1581 —
1873 1544 1956 1594 26.
1987 1555 2179 1606 poenas
2200 1555 2306 1593 om.
2334 1543 2391 1593 Τ.

656 1720 821 1771 fertur
869 1720 1028 1770 etiam
1076 1719 1146 1770 ad
1189 1734 1239 1769 v.
1287 1721 1493 1783 spiritus
1539 1725 1691 1780 teter,
1768 1721 1883 1785 ipse
1933 1733 2148 1784 quoque
2200 1720 2360 1770 cessit
2409 1717 2617 1770 blandis
2667 1718 2815 1783 lyrae

655 1795 747 1858 qui
768 1795 982 1858 proprie
1010 1795 1354 1859 «prorumpit,
1386 1795 1689 1845 emittitur.»

607 1896 713 1917 .—
741 1869 838 1918 Oro
869 1869 1110 1931 trilingui]
1141 1870 1200 1917 ut
1230 1867 1325 1919 od.
1360 1870 1419 1929 2,
1458 1869 1547 1931 49,
1586 1870 1689 1931 34.,

652 1942 744 1992 ubi
778 1940 917 1993 vide.
988 1943 1103 1992 Est:
1156 1942 1265 1992 «de
1300 1942 1470 1994 tribus
1503 1942 1692 2007 linguis

652 2014 868 2080 triplicis
901 2017 1058 2066 oris.»
1097 2041 1152 2050 —
1191 2017 1417 2068 Naekius
1451 2017 1538 2067 hic
1563 2031 1696 2081 quo-

653 2102 760 2152 que
793 2091 852 2139 ut
897 2088 930 2140 l.
966 2088 1000 2139 l.
1038 2087 1290 2153 explicat:
1347 2104 1552 2141 «unum
1600 2104 1688 2153 οε,

650 2165 704 2214 in
740 2176 848 2227 quo
882 2166 991 2215 tres
1024 2163 1231 2227 linguae
1261 2165 1373 2215 sive
1407 2163 1580 2229 lingua
1605 2168 1695 2217 tri-

654 2237 786 2297 fida‘,
823 2239 1118 2302 praecessit
1150 2240 1291 2290 enim
1324 2245 1528 2301 caput.»
1584 2241 1694 2291 Ve-

650 2326 773 2363 rum
828 2312 1016 2378 triplex
1081 2317 1242 2377 caput
1293 2312 1692 2377 intelligendum

652 2400 773 2439 esse
815 2389 941 2439 satis
986 2400 1255 2452 superque
1301 2391 1458 2453 poeta
1492 2389 1693 2452 signifi-

651 2475 802 2514 casse
831 2462 1044 2513 videtur
1070 2476 1156 2513 vv.
1182 2463 1279 2514 Ore
1299 2464 1542 2528 trilingui.
1581 2463 1687 2514 Cir.

648 2537 789 2600 Virg.
815 2539 943 2587 Aen.
971 2539 1027 2598 6,
1054 2537 1178 2588 447;
1218 2538 1594 2588 Cerbmshacc
1614 2539 1692 2587 iw-

646 2625 767 2675 qm
786 2612 979 2662 lau-atu
1002 2625 1161 2676 roano
1189 2614 1394 2677 trifauci
1422 2614 1661 2663 Personat
1675 2651 1686 2673 ,

646 2685 702 2735 id
725 2688 831 2747 est,
889 2685 1120 2737 «latratu
1141 2687 1309 2742 tribus
1333 2701 1399 2737 ex
1422 2686 1688 2751 capitibus

646 2759 927 2825 prolato-3
988 2761 1171 2824 sicque
1230 2760 1382 2812 Silius
1430 2763 1494 2822 2,
1558 2763 1684 2812 55⁴:

643 2835 907 2898 formaque
949 2835 1154 2898 mfauci
1194 2836 1431 2885 Personat
1460 2836 1692 2899 informis

647 2910 942 2960 lacrimosae
983 2910 1173 2959 ianitor
1217 2909 1383 2958 adae.
1424 2936 1478 2946 -
1516 2912 1687 2962 Minus

646 2985 826 3046 gratae
861 2985 1043 3033 nostro
1078 2983 1223 3033 certe
1247 2995 1410 3033 sensu
1430 2984 1687 3047 imagines

646 3055 762 3106 illae
796 3069 847 3106 v.
887 3056 967 3106 49.
1006 3059 1061 3105 et
1091 3068 1245 3120 pron.
1282 3057 1410 3118 eius,
1454 3071 1561 3122 quo
1595 3072 1687 3110 so-

644 3130 756 3181 lent
787 3129 1056 3182 abstinere
1093 3131 1229 3195 epici
1265 3133 1321 3181 et
1350 3130 1526 3183 melici
1562 3133 1680 3198 (cfr.

643 3207 823 3256 tamen
873 3203 968 3254 0d.
1018 3204 1077 3265 4,
1131 3205 1189 3263 8,
1245 3206 1366 3271 48.),
1420 3208 1473 3258 in
1524 3220 1685 3260 causa

645 3279 877 3340 fuerunt,
923 3292 1019 3329 cur
1050 3280 1408 3331 recentiorum
1442 3281 1686 3347 complu-

643 3367 732 3406 res
765 3355 904 3404 banc
936 3355 1190 3419 strophen
1225 3356 1438 3406 Horatio
1474 3356 1685 3406 abiudi-

644 3432 850 3491 carent,
888 3441 1113 3493 quorum
1137 3443 1325 3482 severa
1347 3431 1538 3481 iudicia
1562 3444 1685 3481 om-

641 3504 790 3555 nium
838 3505 1035 3569 optime
1086 3506 1331 3570 exposuit
1380 3505 1679 3567 Liibkerus‚

642 3579 741 3629 etsi
773 3592 840 3629 ne
873 3579 962 3631 hic
996 3580 1214 3643 quidem
1247 3580 1315 3630 de
1342 3581 1396 3630 b.
1421 3579 1456 3630 Ι.
1481 3580 1684 3648 νοθείᾳ

640 3654 769 3704 mihi
791 3657 1071 3718 persuasit.
1116 3654 1375 3706 Videlicet
1392 3657 1551 3719 poeta
1574 3669 1683 3705 non

644 3729 758 3779 sine
809 3732 956 3780 certo
1006 3728 1223 3780 consilio
1270 3730 1539 3780 immorari
1586 3729 1685 3779 ali-

640 3806 898 3867 quantum
940 3803 1107 3855 voluit
1150 3804 1323 3855 saevis
1366 3804 1486 3854 Orci
1526 3805 1682 3853 terri—

640 3875 794 3937 culis,
834 3880 888 3928 et
921 3879 1079 3929 totius
1112 3876 1362 3942 strophae
1398 3877 1677 3939 sententia,

639 3964 800 4017 quam
847 3954 981 4003 mira
1021 3955 1141 4002 arte
1187 3951 1488 4003 calumniati
1537 3955 1677 4014 sunt,

639 4029 693 4077 et
742 4027 1126 4092 simplicissima
1174 4029 1229 4078 et
1270 4040 1368 4092 per
1400 4040 1459 4078 se
1495 4026 1682 4078 claris-

638 4103 774 4153 sima
800 4104 913 4154 est:
954 4103 1236 4162 «Quamvis
1271 4101 1538 4154 Cerberus
1560 4103 1685 4153 hor-

635 4176 789 4227 ribile
842 4190 906 4227 ac
957 4177 1213 4229 furiosum
1264 4178 1333 4228 sit
1380 4179 1680 4230 monstrum

638 4252 1036 4315 acerrimusque
1069 4252 1189 4301 Orci
1235 4254 1444 4313 custos,
1500 4254 1678 4302 tamen

1767 1795 1964 1846 sonis.»
2032 1794 2165 1844 Vide
2200 1794 2513 1845 Excursum.

1830 1868 1912 1919 24.
1937 1870 2086 1919 Ixion
2109 1867 2381 1931 Tityosque]
2409 1867 2555 1917 Pind.
2579 1868 2730 1931 Pyth.
2757 1869 2809 1930 2,

1765 1944 1822 1994 24
1843 1957 1856 1991 :
1887 1937 2095 2006 Ἰξίονα
2115 1971 2146 1982 -
2167 1969 2198 1980 -
2220 1941 2282 1993 ἐν
2314 1938 2603 2013 πτερόεντι
2623 1940 2811 2013 τροχῷ

1764 2015 1965 2067 Παντᾶ
1980 2012 2404 2082 κυλινδόμενον.
2426 2018 2628 2067 Seneca
2649 2018 2806 2067 Herc.

1767 2092 1865 2142 fur.
1921 2094 2049 2143 752:
2124 2094 2341 2155 Rapitur
2399 2092 2592 2142 volucri
2654 2097 2813 2142 toruus

1764 2168 1913 2217 Ixion
1943 2174 2074 2218 rota.
2110 2182 2164 2218 v.
2203 2168 2333 2218 758:
2384 2167 2590 2219 Proebot
2618 2167 2812 2217 volucri

1769 2242 1931 2304 Tityos
1960 2248 2192 2293 aeternas
2223 2244 2390 2304 dapes.
2461 2242 2566 2293 Cfr.
2608 2242 2703 2292 Od.
2744 2243 2807 2303 2,

1767 2315 1859 2378 44,
1886 2317 1934 2367 8.
1973 2320 2028 2367 et
2059 2317 2116 2378 3,
2145 2316 2203 2378 4,
2230 2318 2311 2367 77.
2349 2314 2535 2366 Tibull.
2564 2318 2623 2378 4,
2650 2316 2697 2377 3,
2725 2316 2806 2366 73.

1762 2391 1843 2441 Ad
1893 2393 2064 2442 totum
2111 2390 2291 2441 locum
2340 2390 2436 2440 Od.
2473 2392 2539 2451 2,
2584 2391 2678 2451 43,
2723 2389 2804 2440 37.

1763 2466 1954 2517 Ixionis
1987 2466 2274 2529 imaginem
2315 2479 2366 2515 v.
2405 2465 2638 2517 visconti
2674 2466 2805 2516 Mus.

1760 2540 1848 2590 Pto
1892 2541 2041 2590 OEem.
2088 2541 2150 2590 V.
2187 2541 2243 2590 Τ.
2282 2540 2400 2601 29.,
2458 2538 2618 2590 aliam
2656 2539 2804 2591 Arch.

1761 2615 1879 2665 Zeit.
1916 2616 1976 2664 11.
2013 2627 2066 2678 p.
2102 2613 2217 2665 224.

1825 2690 1908 2739 22.
1945 2687 2092 2752 Risit]
2126 2689 2204 2737 De
2227 2700 2327 2738 usu
2351 2700 2498 2739 num.
2526 2688 2806 2753 singularis

1762 2765 1885 2813 ante
1934 2761 2087 2826 plura
2136 2762 2352 2813 nomina
2395 2763 2451 2813 et
2490 2765 2616 2827 post
2653 2763 2806 2827 plura

1761 2837 1903 2903 apud
1937 2837 2210 2887 Horatium
2255 2836 2474 2888 consule
2508 2836 2806 2889 Bentleium

1761 2913 1831 2963 ad
1866 2910 1962 2962 od.
2005 2912 2062 2971 4,
2102 2909 2192 2971 24,
2236 2910 2285 2961 8.
2332 2937 2387 2947 -
2425 2912 2805 2963 Hermesianax

1758 3000 1810 3037 v.
1837 2987 1885 3036 9.
1924 2985 1991 3036 de
2015 2985 2251 3049 Orpheo:
2287 2982 2565 3037 Κωκυτόν
2597 2989 2644 3037 τ’
2668 2981 2807 3038 αἰθέ-

1758 3073 1968 3126 μιστον
2025 3057 2110 3110 ἐπ’
2168 3053 2387 3129 ὀφρύσι
2444 3057 2803 3126 μειδήσαντα

1758 3129 1891 3184 Εἳδε
1933 3133 2033 3183 καὶ
2081 3130 2389 3185 αἰνοτάτου
2421 3132 2629 3200 βλέμμ’
2662 3130 2802 3186 ὑπέ-

1757 3223 1916 3273 μεινε
1947 3204 2122 3270 κυνός
2137 3245 2151 3269 ,
2180 3201 2275 3258 Ἐν
2309 3209 2443 3279 πυρὶ
2463 3208 2574 3273 μὲν
2595 3205 2801 3275 φωνήν

1756 3282 2122 3348 τεθοωμένου
2143 3318 2158 3343 ,
2226 3282 2288 3334 ἐν
2351 3297 2428 3334 πυ
2534 3281 2582 3333 δ’
2636 3277 2802 3349 ὄμμα

1757 3353 2019 3428 Σκληρὸν
2051 3359 2399 3428 τριστοίχοις
2453 3365 2588 3423 εἷμα
2609 3361 2802 3429 φέρων

1756 3431 2055 3495 κεφαλαῖς.
2086 3459 2141 3469 —-
2177 3432 2328 3496 uma]
2362 3433 2416 3482 id
2452 3437 2563 3495 est,
2603 3446 2800 3484 «urnae

1757 3506 2141 3571 singularum»;
2177 3521 2304 3559 nam
2338 3508 2519 3571 quide
2546 3507 2684 3559 dolio
2717 3510 2800 3559 in—

1757 3582 2145 3647 terpretantur,
2181 3581 2295 3632 falsi
2330 3585 2470 3633 sunt.

1820 3656 1903 3707 23.
1945 3657 2119 3706 Danai
2144 3657 2365 3720 puellas}
2401 3658 2641 3707 Danaum
2675 3670 2801 3707 nar—

1755 3732 1876 3781 rant
1906 3729 2044 3780 filios
2066 3731 2289 3794 Aegypti
2321 3731 2529 3794 (fratris)
2553 3733 2802 3782 memen—

1756 3805 1865 3855 tem
1899 3817 2024 3856 cum
2060 3806 2436 3869 quinquaginta
2469 3804 2677 3856 filiabus
2698 3807 2800 3855 Ar-

1755 3892 1849 3943 gos
1868 3918 1880 3940 ‚
1918 3892 2055 3944 quae
2079 3880 2293 3941 antiqua
2316 3881 2484 3943 patria
2509 3883 2649 3939 erat,
2675 3892 2802 3929 con-

1755 3953 1969 4017 fugisse.
1996 3954 2075 4004 lbi
2097 3966 2262 4017 regno
2279 3955 2504 4018 potimm
2523 3955 2801 4018 Aegyptia-

1754 4028 1867 4090 dis,
1904 4029 1994 4092 qui
2031 4042 2094 4079 ea
2127 4041 2289 4080 causa
2321 4032 2489 4091 Argos
2520 4031 2795 4088 venerant,

1753 4102 2104 4167 despondisse
2140 4102 2361 4166 quidem
2383 4100 2516 4152 filias
2536 4140 2548 4163 ,
2595 4102 2696 4154 sed
2716 4102 2799 4152 his

1755 4177 1894 4229 clam
1925 4178 2267 4229 mandavisse
2289 4216 2301 4240 ,
2345 4179 2406 4227 ut
2437 4178 2607 4241 prima
2643 4179 2798 4227 nocte

1755 4263 1981 4316 sponsos
2005 4253 2396 4305 interimerent:
2442 4249 2586 4314 quod
2608 4250 2796 4301 fecisse
