3234 4975
679 387 719 450 8
1426 390 1681 440 HORATII
1720 390 2054 442 CARMINUM

930 547 1210 620 Stratus,
1258 565 1426 612 nunc
1469 545 1555 611 ad
1597 565 1807 633 aquae
1852 543 1999 611 lene
2043 557 2235 632 caput
2276 566 2517 613 sacrae.

932 665 1159 732 Multos
1202 675 1412 733 castra
1454 665 1674 732 iuvant
1717 677 1780 732 et
1822 665 1977 732 lituo
2021 665 2215 733 tubae

927 788 1282 853 Permixtus
1326 788 1573 852 sonitus
1615 785 1916 873 bellaque
1962 786 2272 853 matribus

1016 909 1359 972 Detestata.
1448 907 1658 973 Manet
1702 906 1824 974 sub
1871 909 2021 974 love
2065 907 2294 994 frigido

2749 912 2831 978 25

930 1029 1204 1094 Venator
1246 1038 1509 1093 tenerae
1552 1027 1845 1115 coniugis
1888 1028 2254 1106 immemor,

928 1149 1059 1213 Seu
1100 1148 1239 1213 visa
1283 1158 1383 1214 est
1424 1147 1652 1214 catulis
1697 1169 1891 1215 cerva
1934 1147 2261 1227 fidelihus,

927 1269 1056 1334 Seu
1102 1269 1271 1356 rupit
1314 1278 1551 1335 teretes
1598 1269 1848 1336 Marsus
1891 1290 2050 1357 aper
2096 1270 2337 1357 plagas.

802 1461 882 1509 25.
919 1459 1222 1509 Detestanda
1254 1460 1454 1508 Luctat.
1491 1457 1631 1508 Plac.
1670 1457 1739 1507 ad
1773 1459 1898 1507 Stat.
1938 1456 2101 1507 Theb.
2142 1459 2190 1518 3,
2224 1458 2504 1520 377.,-duo
2539 1463 2767 1512 Pottierii

741 1534 813 1596 (7.
850 1536 904 1583 et
939 1533 1037 1594 ⁴2).

739 1712 820 1760 22.
857 1711 985 1775 lene]
1040 1709 1146 1759 «ad
1198 1709 1395 1759 sontem
1437 1708 1627 1759 leniter
1660 1711 1715 1759 et

673 1788 819 1847 grate
854 1786 1328 1833 murmurantem.»
1366 1784 1496 1833 Suas
1528 1784 1580 1833 in
1615 1784 1714 1832 Sa-

671 1858 797 1909 bino
815 1859 1182 1909 rusticationes
1201 1857 1469 1918 describit,
1497 1858 1711 1922 quando

671 1931 794 1981 nihil
830 1931 970 1981 aliud
1003 1932 1221 1994 agebat,
1259 1945 1422 1996 quam
1457 1935 1515 1982 ut
1548 1932 1711 1981 Genio

672 2005 993 2069 indulgeret,
1045 2005 1183 2056 liber
1223 2008 1386 2058 etiam
1425 2020 1456 2055 a
1489 2007 1711 2071 poeticis

673 2082 830 2131 curis.
867 2081 946 2130 Ad
970 2082 1140 2131 sontes
1163 2083 1343 2131 autem
1369 2085 1521 2131 erant
1542 2083 1712 2142 Nym-

668 2155 896 2219 pharum
913 2155 1185 2219 ipsiusque
1205 2155 1358 2205 i'ontis
1377 2155 1585 2205 sacella.
1613 2156 1712 2204 Se-

672 2243 803 2278 neca
839 2230 933 2292 Ep.
971 2228 1059 2279 4⁴:
1112 2231 1417 2292 Magnorum
1445 2230 1711 2294 flwninwm

668 2304 839 2365 capita
851 2316 1175 2363 veneramur,
1199 2330 1230 2340 -
1245 2330 1275 2340 —
1295 2305 1527 2353 coluntm·
1542 2317 1712 2366 aqua-

670 2391 787 2427 rum
818 2378 1084 2427 calentium
1115 2379 1287 2441 fovum.

735 2492 817 2542 23.
857 2490 1003 2540 Ovid.
1025 2492 1236 2541 Metam.
1261 2492 1416 2551 4,98;
1453 2492 1569 2542 Non
1588 2491 1711 2540 tuba

672 2565 961 2631 (peditum,
999 2579 1129 2615 sono
1164 2567 1331 2629 gravi)
1369 2567 1571 2628 directi,
1608 2582 1709 2616 non

667 2642 802 2691 aeris
832 2655 1025 2690 cornua
1053 2642 1202 2704 flavi,
1254 2640 1411 2692 lituus
1447 2643 1704 2705 equitum,

668 2729 800 2766 sono
835 2718 1006 2765 acuto.
1077 2716 1339 2778 Significat
1371 2729 1579 2780 pugnae
1606 2717 1708 2766 ini·

666 2792 826 2850 tium,
863 2790 954 2840 ubi
990 2789 1269 2840 classicum
1303 2791 1523 2840 canitur.

731 2903 812 2951 25.
866 2902 947 2951 26.
1003 2903 1274 2965 Detestata]
1345 2897 1704 2966 παθητικῶς,

669 2979 728 3026 ut
759 2976 866 3025 Cic.
894 2975 961 3024 de
986 2975 1141 3036 Legg.
1169 2977 1217 3034 2,
1247 2976 1299 3023 44
1323 2989 1333 3022 :
1372 2977 1709 3036 detestatam

668 3050 837 3099 omnia
900 3048 1136 3097 eiusmodi
1194 3048 1509 3109 repudianda
1571 3052 1702 3096 sunt.

669 3121 885 3185 Philipp.
930 3122 977 3181 4,
1014 3122 1062 3169 2.
1101 3126 1386 3170 αωεοναεω
1418 3122 1545 3171 item
1578 3134 1706 3185 pas-

670 3199 799 3248 sive.
869 3195 1035 3260 Epod.
1083 3196 1172 3255 46,
1210 3196 1267 3246 8:
1319 3196 1708 3257 parentibusque

667 3271 980 3322 abominatus
1040 3269 1306 3318 Hannibal.
1381 3298 1436 3307 —
1504 3267 1706 3336 Manet]

671 3348 1027 3411 «pernoctata»
1071 3346 1154 3394 Sic
1178 3346 1285 3395 Cic.
1314 3345 1381 3395 ad
1404 3347 1507 3395 Att.
1534 3347 1582 3405 5,
1613 3345 1702 3394 ⁴6:

668 3423 723 3471 in
755 3420 1073 3470 tabernaculo
1104 3432 1323 3469 manere.
1365 3446 1421 3455 —
1457 3420 1544 3469 sub
1571 3417 1705 3484 Iove]

672 3493 802 3545 «sub
827 3493 965 3543 dion»
1018 3494 1238 3543 Ennius:
1276 3494 1390 3542 Istic
1421 3498 1491 3543 est
1522 3494 1566 3543 is
1584 3494 1707 3555 Iup-

662 3571 814 3632 piter,
841 3582 985 3631 quem
1007 3569 1134 3629 dice,
1162 3582 1305 3630 quom
1328 3569 1508 3618 Graeci
1526 3572 1710 3617 vocant

662 3639 838 3714 Ἀέρα.
876 3644 971 3694 Od.
998 3643 1047 3701 3,
1075 3643 1238 3705 ⁴0,‚7:
1285 3643 1431 3692 audis
1451 3647 1508 3691 ut
1527 3643 1710 3705 alactct

668 3720 804 3769 nives
831 3732 961 3780 puro
997 3719 1199 3766 numme
1238 3717 1475 3778 Iuppiter.
1534 3715 1702 3780 Epod.

670 3793 750 3853 43,
772 3795 828 3842 2:
849 3794 1079 3854 nivesque
1093 3793 1337 3840 deducunt
1350 3792 1527 3841 Iovem.
1555 3790 1704 3840 Ovid.

670 3871 807 3919 Fast.
842 3868 890 3928 3,
928 3870 1047 3918 327:
1103 3868 1204 3918 Sub
1235 3871 1349 3919 love
1373 3882 1501 3931 pars
1534 3870 1705 3928 durat,

662 3944 819 4006 pauci
839 3945 1055 3993 tentoria
1067 3950 1278 4006 ponunt.
1316 3946 1420 3995 Sat.
1448 3946 1496 4006 2,
1518 3944 1567 4006 3,
1588 3942 1703 3993 234:

675 4019 744 4069 Tu
774 4019 886 4068 nivo
918 4020 1125 4068 Lucana
1156 4020 1342 4069 domis
1373 4024 1619 4078 ocream-3,
1653 4022 1709 4067 ut

672 4106 855 4157 aprum
888 4094 1094 4145 Coenam
1125 4107 1231 4158 09⁰·
1292 4096 1399 4145 Liv.
1437 4096 1487 4156 5,
1514 4094 1570 4144 6:
1615 4094 1708 4142 Ve-

1784 1721 1973 1770 vasquo
2001 1710 2159 1771 rapit.
2199 1736 2254 1745 —
2290 1711 2504 1776 tenerae]
2541 1711 2826 1772 «iuvenis»,

1786 1784 1961 1847 potius
1995 1796 2158 1845 quam
2195 1785 2421 1835 «amoris
2455 1784 2693 1848 plenae».

1852 1858 1933 1906 28.
2003 1858 2158 1922 rupit]
2218 1858 2308 1907 «si
2348 1860 2613 1923 perruptis
2663 1859 2829 1924 plagis

1785 1933 2074 1982 evaserit.»
2142 1935 2309 1984 Nemo
2360 1935 2466 1985 iam
2517 1935 2821 2000 explicabit:

1788 2006 1870 2055 «Si
1912 2007 2162 2070 irruperit
2202 2008 2256 2057 iu
2300 2007 2548 2071 plagas.»
2625 2011 2829 2060 Marso-

1785 2092 1905 2129 rum
1961 2084 2142 2131 autem
2200 2083 2343 2145 regio
2399 2081 2632 2133 saltuosa
2687 2085 2828 2148 apris

1786 2153 2095 2204 abundabat
2116 2157 2345 2207 maxime
2369 2158 2509 2207 circa
2526 2157 2702 2208 lacum
2724 2159 2828 2208 Fu-

1785 2230 1979 2277 cinum.
2006 2256 2059 2264 —
2083 2232 2270 2295 teretes]
2298 2244 2392 2281 «ex
2415 2231 2654 2282 funiculis
2677 2246 2829 2282 com-

1783 2301 1986 2366 plicatis
2054 2305 2108 2353 et
2173 2307 2423 2356 contortis
2494 2319 2781 2357 connexae.
2801 2324 2825 2350 ι

1784 2377 2135 2442 (sestycdreht.)

1849 2451 1929 2502 29.
1967 2451 2047 2502 30.
2093 2452 2191 2518 Me]
2226 2454 2304 2504 Ne
2338 2455 2423 2505 ter
2456 2452 2597 2506 idem
2631 2454 2825 2507 dixisse

1781 2526 2027 2576 videatur
2058 2529 2320 2589 Horatius,
2358 2532 2605 2581 accurate
2638 2529 2826 2581 distin—

1784 2601 2024 2663 guendae
2048 2606 2171 2653 sunt
2187 2606 2295 2653 tres
2314 2605 2607 2655 sententiae
2628 2618 2713 2653 vv.
2739 2604 2821 2654 29.

1783 2676 1862 2726 30.
1899 2677 1980 2726 36.
2029 2677 2277 2727 nlmirum
2312 2678 2399 2737 ita,
2437 2680 2655 2730 remotis
2689 2680 2826 2729 ima-

1782 2750 2015 2813 ginibus:
2058 2752 2174 2815 (29.)
2213 2753 2325 2802 “Me
2358 2766 2488 2802 vero
2520 2752 2638 2817 plus
2661 2766 2825 2816 quam

1781 2824 1881 2875 alia
1916 2826 2092 2875 omnia
2115 2825 2380 2876 delectant
2400 2827 2573 2877 studia
2593 2828 2818 2891 poetica,

1781 2899 1975 2961 quibus
2009 2899 2138 2950 dum
2171 2913 2320 2962 vace,
2358 2914 2625 2950 summam
2659 2900 2825 2950 felici—

1780 2975 1945 3023 tatem
1988 2973 2236 3037 adeptus,
2283 2975 2420 3024 inter
2458 2975 2588 3025 deos
2621 2976 2822 3025 versari

1781 3047 1908 3096 mihi
1951 3047 2161 3107 videor3
2212 3048 2325 3111 (30.)
2380 3062 2443 3098 ac
2485 3051 2818 3113 praesertim,

1781 3118 1872 3168 ubi
1904 3119 2047 3170 solus
2081 3120 2195 3171 loca
2229 3134 2452 3171 amoena
2487 3123 2820 3187 perambulo,

1778 3193 1942 3256 lyrica
1963 3196 2195 3245 carmina
2213 3195 2493 3257 meditans,
2515 3196 2655 3261 plebi
2669 3198 2822 3262 longe

1780 3270 2110 3333 superiorem
2162 3283 2249 3320 me
2302 3284 2421 3322 esse
2465 3274 2651 3336 sentin.
2703 3274 2819 3337 (36.)

1782 3343 1978 3402 Quodsi
2012 3347 2069 3393 tu
2105 3358 2345 3408 quoque,
2383 3347 2474 3409 qui
2508 3346 2729 3397 idoneus
2762 3360 2822 3397 es

1780 3417 1936 3467 huius
1988 3416 2245 3470 facultatis
2295 3420 2485 3481 iudex,
2544 3424 2822 3485 poetarum

1781 3492 2066 3555 lyricorum
2101 3496 2204 3544 hoc
2239 3496 2452 3545 nomine
2486 3510 2612 3547 vere
2636 3498 2823 3560 digno-

1782 3580 1900 3616 rum
1942 3580 2165 3617 numero
2207 3582 2295 3619 me
2340 3569 2646 3630 adscribes,
2701 3582 2817 3632 ege,

1780 3644 2034 3705 Romanae
2062 3645 2240 3707 fidicen
2262 3645 2421 3706 lyrae,
2458 3644 2652 3708 gloriae
2675 3657 2822 3696 sem-

1780 3718 2020 3781 piternae
2063 3720 2241 3768 certus
2284 3732 2427 3768 ero.»
2493 3718 2573 3769 Ad
2598 3719 2820 3768 formam

1781 3792 2029 3841 orationis
2064 3792 2246 3841 confer
2278 3793 2372 3843 Od.
2411 3792 2458 3853 4,
2494 3793 2574 3851 34,
2613 3794 2699 3841 45ε
2740 3793 2822 3841 Mo

1773 3872 1989 3928 pascunt
2021 3868 2199 3929 olivae,
2234 3882 2315 3917 me
2344 3869 2570 3917 cichorea
2601 3868 2823 3927 levesque

1779 3943 1992 3991 nwlvac.
2023 3969 2077 3977 —
2115 3943 2391 4007 doctam]
2427 3942 2539 3992 Tib.
2568 3942 2615 4001 4,
2641 3940 2691 4001 4,
2718 3941 2772 3990 64
2805 3955 2816 3987 :

1778 4017 2025 4077 Pieridas,
2053 4018 2229 4078 pueri,
2265 4019 2430 4068 doctos
2449 4021 2495 4066 et
2514 4021 2683 4065 amate
2694 4016 2824 4076 poe·-

1781 4096 1884 4152 taS,
1921 4090 2012 4140 ubi
2045 4093 2258 4141 Dissen:
2299 4093 2515 4142 «Doctus
2536 4090 2715 4140 Latine
2738 4088 2822 4138 di-

671 4168 827 4217 nandi
866 4168 1085 4217 studium
1125 4182 1187 4217 ac
1225 4169 1454 4231 voluptas
1490 4167 1710 4218 hominos
1782 4166 1916 4215 citur
1931 4166 2146 4215 omnino
2162 4178 2290 4229 suae
2314 4167 2538 4228 quisque
2565 4163 2690 4214 artis
2723 4176 2822 4227 pe—

662 4256 759 4305 per
797 4242 934 4293 nives
972 4247 1018 4293 et
1050 4243 1268 4306 pruinas
1305 4243 1359 4292 in
1396 4247 1584 4293 montes
1615 4240 1707 4289 sil-
1782 4241 1928 4301 rima,
1967 4242 2027 4289 ut
2049 4240 2224 4289 Horat.
2254 4239 2301 4299 4,
2327 4239 2409 4299 99,
2435 4240 2483 4288 9.
2521 4236 2667 4289 ovid.
2695 4237 2815 4289 Met.
