3234 4975
649 389 772 455 446
1414 391 1674 442 noan-11
1710 392 2048 443 manuum

1366 622 2087 683 Excunsus

1473 762 1919 813 Animum-20.

781 911 999 974 Egregie
1041 912 1211 960 totum
1251 908 1431 960 locum
1474 909 1710 960 defendit
1753 911 1994 961 Iahnius:
2053 931 2078 957 α
2096 912 2156 962 Hi
2190 914 2442 976 quattuor
2473 925 2664 965 versus
2697 912 2818 978 plu-

652 993 799 1044 ribus
832 991 1226 1043 difficultatibus
1260 991 1503 1043 laborare
1540 994 1636 1043 visi
1671 997 1810 1043 sunt.
1867 996 2101 1046 Primum
2124 995 2269 1045 enim
2302 994 2503 1058 longior
2535 995 2670 1046 baec
2693 998 2820 1048 Cer-

650 1077 767 1126 beri
801 1076 1085 1141 descriptio
1119 1077 1368 1127 orationis
1403 1089 1603 1126 nexum
1621 1115 1633 1138 ,
1682 1090 1807 1128 cum
1841 1080 2000 1142 poeta
2035 1075 2265 1141 reliquas
2299 1092 2388 1129 res
2419 1078 2658 1130 breviter
2694 1081 2819 1130 atti-

651 1161 811 1224 gerit,
862 1160 1199 1223 interrumpit
1231 1162 1285 1209 et
1317 1156 1464 1210 salvo
1498 1173 1663 1210 sensu
1696 1159 1889 1211 abesse
1921 1162 2117 1225 potest.
2187 1162 2292 1212 Sed
2326 1164 2538 1227 saepius
2571 1164 2817 1215 Horatius

651 1257 850 1294 nexum
898 1243 1279 1294 sententiarum
1330 1243 1407 1293 sic
1457 1243 1819 1307 interrumpit,
1873 1245 1932 1293 ut
1973 1245 2027 1294 in
2069 1243 2381 1308 ampliorem
2424 1247 2504 1297 rei
2538 1247 2818 1298 cuiusdam

653 1327 1064 1390 descriptionem
1097 1326 1419 1390 exspatietur
1452 1328 1507 1376 et
1540 1328 1662 1390 post
1692 1325 1873 1391 plures
1905 1341 2094 1379 versus
2128 1328 2350 1379 demum
2383 1331 2633 1381 orationis
2668 1329 2818 1380 filum

652 1414 908 1462 resumat.
945 1409 1006 1459 V.
1033 1409 1088 1469 4,
1125 1410 1215 1469 42,
1250 1408 1486 1469 26-32;
1535 1409 1626 1471 32,
1663 1411 1870 1469 5-42;
1919 1410 2009 1473 37,
2049 1412 2284 1470 47-20;
2330 1412 2388 1473 3,
2426 1411 2482 1473 4,
2519 1411 2729 1465 46-48
2764 1416 2820 1465 et

654 1496 709 1546 64
723 1492 877 1551 -64;
918 1493 1005 1554 47,
1031 1492 1178 1542 2-9.
1207 1490 1314 1557 (ubi
1348 1491 1609 1542 Sanadon.
1639 1495 1694 1543 et
1726 1493 1861 1544 Edit.
1887 1493 2088 1544 Bodon.
2113 1508 2200 1545 vv.
2228 1496 2376 1545 2-5.
2403 1495 2542 1547 male
2565 1498 2817 1560 eiiciunt);

651 1577 742 1640 24,
793 1575 1003 1627 47-24.
1054 1574 1110 1637 4,
1160 1574 1214 1636 4,
1263 1575 1419 1635 2-4;
1473 1577 1529 1638 6,
1578 1576 1758 1628 9-24.
1798 1579 1973 1629 Carm.
2012 1591 2121 1628 sec.
2159 1577 2372 1630 44-44.
2426 1579 2590 1643 Epist.
2629 1581 2685 1641 4,
2724 1581 2815 1642 45,

650 1660 814 1721 2--43
849 1663 904 1711 et
936 1660 1147 1710 46-24.
1183 1659 1412 1721 Doering
1434 1658 1502 1708 ad
1535 1660 1642 1710 Sat.
1671 1661 1726 1721 4,
1763 1661 1821 1721 7,
1861 1662 1940 1711 40.
1978 1662 2090 1711 Hoc
2111 1660 2228 1711 loco
2252 1665 2433 1713 autem
2454 1666 2612 1727 poeta
2632 1662 2818 1714 latiore

653 1744 875 1796 Cerberi
920 1743 1275 1806 descriptione
1322 1744 1432 1793 vim
1476 1741 1624 1806 lyrae
1660 1757 1765 1794 non
1807 1744 1986 1809 inepte
2021 1744 2327 1795 celebravit.
2396 1746 2604 1797 Etenim
2633 1747 2821 1809 fian-im

651 1834 827 1892 caput,
879 1841 1095 1891 unqua,
1145 1828 1349 1890 spirim
1387 1831 1441 1877 et
1471 1828 1635 1877 sanies
1666 1839 1935 1878 summam
1970 1830 2085 1879 eius
2118 1830 2500 1880 immanitatem
2535 1832 2695 1894 atque
2734 1829 2820 1881 fu-

652 1925 832 1963 rorem
866 1911 1180 1975 depingunt;
1217 1910 1554 1961 nihilominus
1587 1908 1735 1975 lyrae
1769 1910 2062 1963 blandienti
2096 1913 2271 1964 cessit.
2342 1914 2473 1963 Tum
2498 1927 2628 1963 vero
2652 1916 2821 1977 magis

654 1997 816 2047 etiam
865 1994 1084 2045 offendit
1126 2007 1243 2044 voc.
1282 1995 1401 2044 eius.
1472 1997 1774 2045 Pronomen
1813 1996 1858 2044 is
1903 1997 2070 2057 enim,
2125 1996 2269 2060 quod
2321 1990 2821 2067 ὀρθοτονούμενον

655 2080 884 2143 (notione
919 2078 1084 2129 nostri
1117 2078 1232 2140 der,
1269 2079 1372 2139 die,
1420 2077 1531 2142 dds)
1567 2077 1711 2142 apud
1742 2081 1931 2142 poetas
1966 2078 2217 2143 frequens
2253 2080 2359 2140 est,
2408 2076 2729 2145 ἐγκλιτικὸν
2764 2084 2822 2131 et

654 2156 1017 2235 προκλιτικὸν
1068 2161 1237 2224 (quod
1279 2164 1520 2212 nostrum
1565 2175 1651 2223 er,
1698 2161 1791 2223 sie,
1839 2175 1890 2211 es
1920 2162 2223 2225 significans
2256 2163 2310 2212 in
2344 2162 2558 2214 casibus
2590 2162 2820 2228 obliquis

654 2249 858 2297 tantum
906 2246 1243 2309 usurpatur),
1297 2256 1422 2294 cum
1471 2243 1697 2307 logicam
1747 2246 1954 2295 tantum
2005 2244 2316 2296 relationem
2365 2246 2587 2307 indicet,
2638 2260 2819 2310 neque

654 2331 814 2381 ullam
854 2328 1106 2392 pingendi
1145 2329 1254 2378 vim
1292 2326 1513 2388 habeat,
1566 2327 1636 2378 ab
1672 2329 1733 2379 iis
1768 2328 1990 2379 devitari
2020 2327 2170 2379 solet.
2241 2328 2321 2379 Ad
2352 2330 2663 2394 pedestrem
2697 2343 2822 2380 ora-

654 2415 850 2464 tionem
886 2413 1041 2476 igitur
1078 2412 1323 2463 Horatius
1359 2409 1609 2475 delapsus
1646 2414 1744 2462 est.
1805 2414 2139 2475 Quamquam
2172 2416 2354 2464 autem
2388 2413 2539 2464 facile
2573 2413 2825 2475 eiulatquo

652 2497 738 2550 vel
773 2497 1014 2559 dulceque
1045 2495 1208 2546 scribi
1239 2497 1443 2560 potest,
1494 2508 1691 2545 vereor
1733 2497 1938 2558 tamen,
1993 2511 2059 2547 ne
2103 2497 2204 2547 hac
2237 2497 2321 2548 vel
2356 2496 2456 2548 alia
2491 2500 2822 2550 correctione

655 2583 929 2635 Horatium
964 2581 1139 2643 potius
1175 2592 1338 2643 quam
1370 2576 1612 2629 librarios
1648 2580 2017 2631 emendemus,
2055 2580 2358 2631 Inciderunt
2379 2583 2522 2632 enim
2555 2582 2823 2633 interdum

653 2668 845 2731 poetae
880 2666 933 2716 in
966 2664 1109 2714 hunc
1141 2663 1451 2728 pedestrem
1473 2676 1782 2715 sermonem
1834 2664 1909 2727 (V.
1941 2664 2269 2715 Ovid.·Trist.
2296 2665 2355 2728 3,
2392 2664 2449 2727 4,
2486 2667 2569 2716 27.
2606 2667 2818 2718 Metam.

655 2750 713 2812 8,
751 2750 830 2800 46.
868 2746 1044 2811 Virgil.
1079 2750 1211 2797 Aen.
1250 2748 1306 2809 4,
1345 2746 1440 2799 443
1474 2749 1620 2812 cet.),
1655 2748 1710 2798 in
1745 2746 1948 2811 quibus
1979 2748 2408 2812 reprehendendi
2449 2750 2626 2813 potius
2659 2761 2823 2812 quam

656 2831 977 2883 emendandi
1010 2834 1149 2883 sunt.
1187 2831 1401 2882 Minime
1435 2832 1615 2882 autem
1651 2843 1702 2881 v.
1729 2835 1880 2893 atquo
1910 2832 1965 2881 in
1999 2831 2104 2881 fine
2138 2845 2327 2884 versus
2359 2833 2578 2896 propter
2609 2828 2825 2884 πλατύ-

655 2930 823 2982 τητα,
862 2928 1025 2979 quam
1060 2915 1270 2976 dicunt,
1308 2914 1543 2965 offendit.
1613 2915 1699 2965 Sic
1730 2928 1818 2965 vv.
1856 2920 1930 2976 et,
1967 2929 2054 2976 ac,
2089 2921 2173 2978 ut,
2208 2920 2377 2977 utque,
2413 2929 2601 2978 noque,
2647 2929 2737 2968 noc
2767 2917 2821 2966 in

656 2999 762 3050 fine
806 3011 998 3049 versus
1036 2996 1281 3061 leguntur
1325 2998 1486 3060 atque
1519 2997 1625 3047 hoc
1659 2997 1835 3061 ipsum
1867 3011 1918 3048 ν.
1956 2998 2058 3049 hac
2092 2997 2223 3049 sede
2259 2999 2484 3048 recurrit
2514 2999 2573 3060 2,
2610 3000 2699 3061 40,
2734 2999 2818 3050 24.

656 3082 897 3145 Denique
932 3081 1078 3132 recte
1114 3082 1275 3131 etiam
1308 3084 1466 3144 poeta
1499 3082 1734 3144 spir-imm
1766 3085 1822 3132 et
1852 3082 2045 3131 saniem
2077 3082 2361 3132 coniunxit.
2397 3081 2543 3133 Alter
2576 3084 2717 3133 enim
2757 3096 2825 3133 ex

659 3178 753 3215 ore
787 3165 842 3215 in
875 3170 1055 3214 aerem
1090 3165 1355 3227 ascendit,
1393 3164 1558 3216 altera
1594 3165 1646 3216 in
1681 3166 1880 3215 terram
1915 3165 2116 3216 defluit.
2187 3167 2478 3230 Utrumque
2510 3167 2562 3216 in
2587 3165 2823 3217 Cerbero

660 3248 1102 3313 conspiciebatur.
1172 3250 1346 3308 Quare
1381 3262 1487 3299 non
1518 3252 1665 3300 recte
1703 3250 1946 3300 fecerunt
1977 3250 2067 3313 qui
2107 3251 2330 3314 propter
2361 3250 2457 3301 has
2492 3249 2824 3301 difficultates

660 3335 799 3384 hanc
832 3332 1085 3396 strophen
1119 3333 1354 3396 spuriam
1389 3345 1510 3384 esse
1545 3332 1840 3384 dixerunt.»

787 3416 911 3466 Eius
942 3413 1037 3478 illi,
1087 3415 1154 3466 de
1189 3430 1296 3480 quo
1333 3418 1410 3466 tot
1442 3418 1720 3479 tantasque
1755 3416 2054 3479 tragoedias
2088 3417 2385 3468 excitarunt
2418 3418 2620 3478 critici,
2670 3430 2826 3481 pror-

660 3513 752 3553 sus
786 3498 955 3551 simile
991 3502 1074 3551 est
1105 3499 1331 3551 alterum
1364 3498 1551 3551 Tibulli
1575 3501 1632 3562 4,
1670 3501 1727 3562 6,
1764 3503 1853 3551 25:
1890 3502 2049 3564 Saepe
2077 3502 2212 3552 velut
2242 3502 2830 3566 qommaseiussimum-

660 3597 754 3645 que
790 3584 1089 3647 probae-om,
1149 3584 1294 3649 quod
1336 3582 1480 3635 nullo
1524 3584 1745 3635 artificio
1792 3583 2065 3635 eliminare
2111 3586 2388 3650 poterunt;
2443 3587 2649 3635 tantum
2682 3584 2827 3635 enim

660 3666 818 3718 abest
854 3669 916 3718 nt
956 3666 1179 3718 dubium
1224 3667 1315 3718 flat
1344 3669 1567 3733 propter
1598 3667 1746 3718 ovid.
1784 3669 1936 3719 Trist.
1975 3668 2035 3729 2,
2083 3667 2171 3720 464
2211 3671 2266 3719 et
2298 3667 2412 3720 462.
2456 3666 2829 3732 (quemadmo-

661 3753 791 3802 dum
826 3754 974 3803 ratus
1010 3753 1094 3802 est
1125 3749 1406 3801 Paldamus
1428 3751 1604 3801 Erotik
1635 3764 1690 3815 p.
1716 3751 1840 3815 583,
1876 3753 1937 3801 ut
1968 3750 2159 3802 eadem
2192 3752 2496 3804 firmissima
2517 3753 2827 3803 auctoritate

661 3836 871 3886 nitatur.
910 3834 1186 3885 Accedunt
1218 3833 1364 3884 Ovid.
1391 3834 1545 3885 Trist.
1572 3834 1621 3896 3,
1643 3833 1703 3896 4,
1724 3835 1818 3885 27;
1854 3836 1969 3886 Non
2000 3835 2132 3900 foret
2149 3836 2393 3887 Eumedes
2414 3837 2588 3899 orbus,
2623 3837 2667 3886 si
2694 3835 2831 3900 filim

661 3919 767 3969 eius
803 3919 994 3968 Stultm
1027 3918 1264 3968 Achilleos
1298 3931 1401 3967 non
1427 3918 1712 3968 Manna-sset
1738 3930 1902 3979 equos.
1970 3921 2211 3984 Propert.
2244 3917 2294 3980 4,
2330 3920 2389 3981 2,
2427 3919 2516 3970 35;
2566 3920 2657 3970 Est
2678 3920 2832 3971 diam

663 4003 876 4065 atu-ique
907 4003 1087 4064 species
1123 4002 1441 4064 Vertumnus,
1477 4006 1526 4052 οι
1556 4003 1690 4065 eim,
1740 4002 1945 4053 static&
1975 4003 2168 4054 alterno
2201 4004 2289 4067 qut
2319 4003 2424 4054 love
2455 4005 2654 4067 ponam
2683 4016 2826 4065 equo.

666 4083 839 4136 Manil.
876 4086 933 4147 2,
958 4085 1081 4136 908:
1114 4085 1375 4148 fortunam
1405 4086 1682 4136 ooeviribus
1713 4087 2148 4150 eiusConcipimc.
2193 4089 2261 4137 At
2292 4086 2501 4150 quidni,
2539 4086 2669 4137 dum
2690 4085 2830 4137 ultro

668 4168 1004 4230 agnoscimus
1037 4168 1106 4219 ab
1142 4171 1357 4235 optimis
1392 4169 1694 4236 quibusque
1728 4172 1899 4235 poetis
1932 4171 2072 4221 hanc
2105 4169 2475 4235 negligentiam
2508 4171 2685 4235 quoad
2713 4171 2829 4221 eius

668 4252 781 4303 fleri
814 4253 1023 4317 poterat
1052 4251 1339 4304 devitatum
1372 4266 1517 4317 esse,
1554 4254 1718 4306 fuisse
1753 4257 1931 4306 tamen
1955 4253 2182 4306 subinde
2212 4253 2382 4316 locos,
2418 4254 2511 4306 ubi
2534 4256 2649 4307 sine
2671 4254 2827 4320 longe
