3234 4975
620 368 745 433 346

872 527 942 592 In
987 526 1131 593 sinu
1175 526 1389 593 serens
1434 526 1595 594 deos

1392 373 1648 423 HORATII
1684 374 2020 427 CARMJNUM

958 648 1034 712 Et
1076 667 1239 712 uxor
1282 658 1346 715 et
1388 647 1487 713 vir
1529 648 1962 736 sordidosque
2008 659 2210 716 natos⁸

873 803 1056 870 Nulla
1101 805 1336 871 certior
1379 815 1592 871 tamen

953 925 1226 1014 Rapacis
1272 926 1424 993 Orci
1469 925 1596 992 fine
1643 925 1958 993 destinata

865 1045 1028 1112 Aula
1074 1045 1339 1113 divitem
1381 1058 1598 1114 manet

2701 934 2784 997 30

741 1234 823 1283 28.
850 1246 946 1294 quo
968 1246 1075 1284 om.
1101 1236 1159 1285 T.
1190 1261 1245 1271 —
1266 1234 1347 1284 30.
1369 1234 1580 1297 Capacis
1600 1233 1821 1285 Bentleii
1844 1207 2091 1298 suspicio.
2118 1264 2171 1271 —
2189 1238 2288 1299 fine
2311 1236 2553 1301 BbSTcd,
2581 1243 2712 1291 Pott.

676 1320 885 1370 omnes,
919 1308 1089 1359 LCtF:
1126 1310 1238 1358 sede
1269 1323 1336 1359 ex
1368 1305 1402 1356 δ
1435 1311 1490 1360 et
1522 1308 1694 1359 tribus
1730 1309 1947 1372 Cruquii
1983 1309 2105 1372 (non
2139 1307 2349 1373 Bland.)
2374 1312 2540 1363 Bentl.
2579 1317 2645 1364 Μ.

607 1466 763 1514 vicini
796 1466 1061 1528 caespitem
1092 1470 1262 1516 nostro
1283 1466 1387 1516 solo
1409 1466 1657 1527 ordimur,
1732 1464 1878 1528 quod
1912 1466 2048 1515 Orco
2082 1468 2363 1528 convenit,
2401 1473 2667 1532 quatenus
2700 1471 2779 1523 lo·

606 1544 663 1589 ut
695 1540 784 1600 qut·
815 1541 1050 1591 latissime
1081 1554 1213 1591 rura
1248 1546 1464 1591 metatus
1504 1541 1661 1604 suerit

605 1613 842 1676 ultraque
892 1615 1087 1678 samam
1139 1616 1362 1679 exegerit
1423 1615 1622 1665 accolas
1639 1652 1655 1675 ,

607 1693 762 1747 quota
828 1693 1084 1738 terrm
1159 1694 1309 1750 parto
1389 1690 1610 1752 gaudeat
1631 1687 1659 1737 ?

605 1760 920 1826 Exemplum
942 1761 1183 1826 perbene
1207 1766 1480 1813 narratum
1502 1777 1658 1827 prae-

608 1835 704 1886 bet
752 1834 1003 1900 Apuleius
1052 1838 1174 1887 Met.
1230 1837 1290 1898 9,
1336 1836 1418 1886 35.
1491 1838 1652 1900 Quid,

613 1909 762 1972 quod
810 1910 917 1959 iam
968 1908 1242 1961 Hebraeus
1293 1910 1522 1974 scriptor
1577 1913 1656 1962 sic

605 1982 675 2033 de
728 1995 793 2032 eo
845 1982 1077 2033 facinore
1128 1981 1335 2034 locutus
1386 1986 1469 2035 est
1521 1987 1655 2035 Pro—

603 2056 755 2107 verb.
795 2056 886 2118 23,
926 2056 1022 2106 ⁴0:
1080 2057 1156 2106 Νο
1196 2058 1418 2122 minyas
1452 2072 1655 2121 parvu-

604 2132 772 2181 lorum
820 2132 1055 2181 comninos
1102 2136 1149 2181 et
1197 2145 1381 2196 ayrum
1427 2134 1654 2196 pupillo-

603 2219 723 2255 rum
768 2218 832 2255 ne
879 2207 1125 2269 introeam·
1174 2208 1490 2269 propinqum
1521 2208 1654 2258 enim

607 2280 812 2329 illorum
856 2281 1004 2343 fortis
1050 2286 1122 2331 est
1169 2286 1217 2331 et
1263 2282 1366 2344 ipse
1413 2282 1655 2332 iudicabit

603 2358 784 2403 contra
815 2358 862 2404 te
892 2368 1102 2404 causam
1134 2356 1352 2406 illorum.

666 2428 749 2478 27.
803 2430 885 2480 28.
943 2431 1000 2479 ln
1032 2430 1168 2494 sinu]
1214 2431 1374 2481 Tacit.
1412 2432 1546 2481 Ann.
1586 2431 1646 2492 4,

602 2502 700 2554 40:
758 2504 1015 2555 Incedebat
1056 2506 1280 2569 proma
1327 2507 1466 2556 ducis
1513 2520 1651 2555 uxor

593 2579 869 2641 parvulum
889 2580 1002 2628 sinu
1017 2581 1179 2643 filium
1199 2593 1393 2644 gerens.
1440 2607 1494 2616 -
1536 2593 1650 2630 sor·

600 2653 834 2715 dido-sque
869 2655 1029 2718 natos]
1079 2667 1429 2718 «pannosos»
1475 2655 1644 2704 Voss:

600 2728 702 2776 die
733 2727 998 2778 nachten
1029 2728 1339 2778 Kindlein.
1411 2728 1527 2778 Von
1551 2727 1650 2777 der

599 2801 846 2850 Decken:
897 2803 997 2851 die
1030 2801 1308 2852 bleichen
1328 2802 1644 2852 Kindtein.

598 2873 867 2937 Gargano:
906 2877 924 2924 i
953 2876 1062 2939 styli
1095 2877 1286 2940 iynudi.
1356 2878 1531 2926 Ausus
1566 2879 1651 2926 est

596 2951 799 2998 Garve:
837 2949 1287 3000 schmutzvolle
1327 2949 1642 2999 Kindlein-

596 3022 767 3072 Minus
819 3034 982 3085 quam
1035 3036 1132 3073 nos
1184 3025 1238 3073 in
1283 3024 1386 3073 hac
1419 3024 1648 3086 imagine

596 3094 943 3146 offendebant
976 3097 1208 3160 antiqui,
1269 3099 1359 3160 qui
1393 3096 1649 3161 frequen—

593 3172 680 3220 ter
712 3183 834 3221 reos
867 3170 1166 3222 sordidatos
1187 3171 1457 3222 videbant.
1496 3171 1643 3222 Ovid.

593 3245 712 3294 Am.
752 3246 809 3306 ⁴,
846 3245 903 3307 8,
942 3245 1031 3295 39;
1070 3246 1650 3297 immundae—-Sa-

655 3392 890 3443 29—32.
956 3392 1114 3443 Nulla
1177 3392 1389 3457 certior]
1465 3395 1646 3454 «Quid

590 3466 819 3529 migrare
841 3466 1041 3519 moliris
1065 3470 1284 3518 naturae
1310 3466 1443 3518 fines
1466 3466 1644 3532 leges-

590 3553 696 3603 que
747 3540 1123 3592 mortalitatis?
1195 3543 1297 3591 Pro
1350 3543 1496 3592 certo
1546 3543 1640 3592 tibi

588 3615 927 3666 moriendum
951 3619 1085 3667 est.»
1122 3616 1275 3667 Hunc
1296 3613 1473 3666 locum
1497 3629 1644 3667 com—

587 3700 810 3738 munem
856 3691 911 3739 et
953 3688 1273 3753 imaginibus
1307 3691 1363 3740 et
1394 3692 1642 3740 constru-

587 3762 761 3812 ctione
811 3762 1079 3827 aliquanto
1131 3761 1425 3814 difficiliore
1465 3764 1632 3828 poeti-

585 3851 711 3888 cum
728 3839 973 3890 reddidit.
996 3868 1050 3876 —
1078 3840 1308 3904 Rapacis]
1330 3838 1634 3890 callimach.

585 3913 682 3977 Ep.
733 3914 790 3974 2,
841 3915 904 3963 6:
952 3909 1134 3979 Ἀΐδης
1181 3908 1505 3985 ἁρπακτήρ.
1574 3915 1640 3964 Et

585 4000 710 4038 cum
746 3987 913 4039 Orcus
948 3988 1003 4039 h.
1040 3988 1075 4040 l.
1133 3990 1382 4053 (maxime
1417 3990 1637 4053 propter

583 4076 633 4111 v.
671 4061 775 4124 36.)
820 4075 1087 4126 personae
1131 4064 1307 4115 vicem
1357 4064 1631 4124 sustineat,

1731 1552 1855 1590 cum
1890 1540 2178 1603 significat,
2237 1545 2298 1592 ut
2329 1540 2441 1593 Tib.
2482 1545 2542 1606 4,
2579 1546 2639 1606 3,
2676 1548 2773 1597 65ε

1729 1627 1903 1675 rapa-v
1933 1627 2103 1676 mom,
2159 1619 2341 1665 contra
2376 1618 2524 1668 Ovid.
2562 1622 2686 1670 Met.
2724 1620 2774 1682 4,

1728 1686 1844 1739 439.
1884 1689 1938 1737 et
1971 1690 2092 1738 Sen.
2132 1690 2286 1739 Herc.
2327 1691 2425 1741 fur.
2464 1693 2590 1742 66⁴:
2647 1695 2776 1746 Ditis

1726 1775 1939 1825 reanum
1987 1777 2175 1825 capax.
2237 1793 2291 1800 —
2358 1766 2486 1830 fine]
2546 1769 2780 1819 Firmani.

1727 1837 1866 1887 hanc
1901 1836 2023 1890 lect.
2051 1838 2219 1888 Codd.
2248 1841 2353 1889 mei
2378 1854 2503 1892 cum
2527 1842 2776 1894 omnibus

1726 1912 1976 1963 Pottierii.
2046 1913 2319 1963 Vocabulo
2369 1915 2630 1979 explicatu
2683 1916 2778 1967 dis-

1726 1982 1926 2035 flciliori
1952 1985 2184 2036 nonnulii
2204 1987 2593 2040 substituerunt
2613 1990 2770 2053 gloss.

1722 2060 1847 2108 sede.
1875 2060 1982 2110 Sed
1998 2062 2116 2124 finis
2131 2062 2185 2111 h.
2212 2060 2244 2110 1.
2267 2066 2351 2113 est
2368 2068 2578 2114 «certus
2598 2065 2776 2114 termi-

1725 2146 1851 2193 nus,
1879 2146 2041 2197 quem
2065 2136 2232 2186 Orcus
2267 2138 2448 2187 statuit
2470 2138 2773 2189 hominibus

1725 2205 1996 2269 rebusque
2049 2208 2295 2260 humanis
2346 2224 2502 2262 suum
2554 2211 2772 2262 tandem

1723 2279 1774 2328 in
1810 2292 2032 2342 regnum
2057 2281 2471 2334 recidentibus.»
2523 2286 2660 2335 Finis
2681 2300 2774 2336 au-

1723 2353 1832 2402 tem
1869 2354 1956 2403 hie
1989 2356 2226 2417 destinat,
2266 2357 2535 2420 designat,
2574 2359 2775 2409 descri-

1720 2426 1801 2476 bit
1822 2426 1985 2478 limite
2010 2429 2399 2498 (umqranzt)
2423 2434 2539 2482 Orci
2564 2433 2767 2496 auiam3

1722 2501 1775 2551 id
1828 2505 1937 2563 est,
2006 2506 2157 2555 «Orci
2208 2506 2325 2557 nula
2376 2511 2551 2558 certos
2609 2509 2774 2559 habet

1719 2574 1942 2636 limites,
1997 2579 2132 2629 intra
2171 2593 2306 2644 quos
2339 2581 2433 2631 ubi
2466 2582 2632 2632 semel
2681 2584 2768 2634 fati

1718 2647 1835 2712 lege
1869 2654 2243 2714 pervenimuS,
2299 2655 2452 2706 nobis
2487 2657 2538 2706 in
2570 2670 2770 2721 perpe-

1721 2723 1870 2774 tuum
1896 2726 2222 2777 menendum
2248 2731 2381 2778 est.»
2412 2757 2465 2764 —
2502 2731 2765 2794 destinata]

1721 2795 1881 2847 ablat.
1904 2802 2310 2864 comparationis
2328 2804 2624 2867 iungendus
2642 2818 2766 2855 cum

1720 2871 2017 2937 supplenda
2041 2888 2173 2924 voce
2201 2878 2351 2938 aula,
2391 2891 2495 2928 non
2524 2891 2647 2928 cum
2667 2881 2769 2943 fine

1721 2948 1881 3010 (quod
1914 2962 2032 2997 voc.
2060 2949 2228 3000 semel
2263 2949 2537 3001 dumtaxat
2568 2966 2765 3015 genere

1720 3021 1845 3072 fem.
1883 3025 2162 3087 usurpavit
2194 3026 2439 3077 Horatius
2472 3028 2636 3090 Epod.
2680 3030 2762 3089 ⁴7,

1721 3097 1817 3146 36:
1857 3099 1997 3159 Quae
2015 3097 2173 3161 finis?
2207 3101 2265 3149 ut
2296 3101 2474 3150 statim
2497 3102 2768 3166 accipere-

1719 3173 1807 3219 tur
1854 3172 1911 3221 τι
1958 3169 2155 3234 τέλος,
2208 3186 2314 3223 non
2356 3175 2440 3236 τίς
2483 3172 2760 3239 ‹monog-n

1719 3257 1897 3309 neque
1943 3244 2106 3296 ullam
2150 3248 2519 3299 auctoritatem
2565 3249 2766 3300 habent

1718 3319 1825 3370 duo
1860 3322 1996 3370 Fene
2021 3321 2188 3371 Codd.
2226 3324 2469 3372 destinato
2502 3323 2764 3373 exhiben-

1716 3396 1815 3445 tes.
1868 3395 2135 3445 Destinara
2157 3399 2336 3446 autem
2371 3397 2422 3446 h.
2449 3394 2483 3446 l.
2510 3396 2762 3447 limitibus

1715 3468 2187 3532 circumscribere,
2239 3473 2299 3521 ut
2319 3471 2459 3533 Virg.
2488 3471 2600 3522 Cui.
2627 3472 2724 3522 389
2746 3487 2756 3519 :

1713 3542 1877 3592 locum
1912 3543 2049 3604 capit
2083 3545 2295 3608 impiger
2313 3559 2331 3593 .·
2364 3548 2494 3595 hunc
2529 3551 2577 3595 et
2596 3547 2649 3595 in
2672 3559 2760 3595 or—

1712 3617 1819 3666 bem
1866 3618 2110 3668 Destinat.
2169 3646 2223 3656 -
2275 3620 2434 3684 Aula]
2503 3620 2760 3683 «quaevis

1711 3690 1872 3741 sedes
1901 3691 2140 3756 ampla,»
2177 3695 2300 3756 apte
2335 3694 2495 3744 etiam
2530 3693 2598 3743 de
2633 3692 2763 3743 infe-

1711 3777 1893 3814 rorum
1928 3766 2077 3816 sede.
2117 3767 2293 3830 Eurip.
2322 3765 2433 3818 Ale.
2460 3768 2584 3817 259:
2606 3760 2758 3833 ἔ’Ἀγιιει

1708 3839 1785 3904 μέ
1824 3854 1911 3902 τις
1944 3868 1975 3878 -
2006 3868 2036 3879 -
2084 3837 2301 3892 νεκύων
2344 3840 2406 3904 ἐς
2439 3835 2641 3892 αὐλάν.
2699 3870 2754 3879 -

1707 3914 1903 3979 hertam]
1959 3918 2073 3976 «te,
2128 3914 2416 3966 multorum
2461 3918 2758 3982 mancipio-

1708 4001 1827 4038 rum
1850 3988 2129 4040 dominum
2146 3987 2674 4054 locupletissimum.»
2699 4019 2751 4027 -

1706 4063 1817 4112 lam
1832 4063 2112 4115 videamus
2128 4065 2582 4115 constructionem
2598 4079 2609 4112 :
2635 4065 2759 4114 Nul-

582 4133 775 4186 melior
830 4138 1015 4200 utique
1084 4140 1168 4189 est
1233 4138 1402 4189 Codd.
1476 4136 1633 4188 lectio
1703 4138 1758 4186 la
1788 4138 1914 4188 aula
1943 4140 2129 4188 certior
2158 4145 2330 4189 manet
2359 4139 2757 4190 lterwndo'vitom

582 4223 746 4275 quam
802 4210 1021 4263 Bentleii
1090 4213 1323 4276 suspicio
1392 4213 1595 4276 capacis
1614 4251 1626 4274 ,
1701 4209 1821 4262 aula
1848 4213 2099 4264 <latinam
2132 4214 2311 4278 (quam
2334 4212 2453 4265 aula
2476 4212 2753 4276 destinata)
