3234 4975
632 369 713 432 24

1396 374 1652 423 noum!
1688 374 2024 424 CARMlNUM

1381 732 2034 794 cmm·

1176 900 1282 966 Sic
1326 911 1388 965 te
1433 899 1581 966 diva
1625 912 1853 988 potens
1902 902 2131 991 Cypri,

1052 1021 1159 1089 Sic
1200 1021 1426 1087 fratres
1471 1020 1781 1098 Helenae,
1828 1021 2044 1088 lucida
2090 1020 2336 1096 sidera,

756 1190 839 1239 111.
910 1190 1071 1239 lusor.
1108 1183 1245 1247 volg.
1302 1184 1380 1234 Aa
1410 1195 1615 1243 naveta,
1655 1194 1758 1243 qua
1788 1179 2056 1231 vehebatur
2094 1181 2329 1245 Virqih‘us
2360 1182 2574 1232 Amanus
2598 1198 2728 1245 pro—

688 1263 926 1325 ficiscens.
968 1287 1023 1298 —·
1059 1260 1135 1309 Ad
1166 1271 1344 1307 navem
1373 1256 1574 1320 Ver-quii
1611 1255 1721 1317 (sic)
1755 1256 1970 1305 Athenas
1999 1255 2279 1318 profecturi
2295 1255 2350 1305 b.
2377 1283 2432 1293 —-
2457 1258 2533 1306 Ad
2549 1272 2728 1307 navem

691 1337 745 1384 in
779 1350 882 1397 qua
920 1335 1154 1398 Vct-quius
1183 1332 1397 1382 Athenas
1427 1329 1696 1379 vehebatur
1728 1331 1779 1378 S.
1821 1357 1875 1365 —
1911 1330 1988 1379 Aa
2019 1343 2200 1380 navem
2233 1344 2336 1392 qua
2375 1331 2610 1393 Vir-filius
2629 1346 2729 1381 na-

690 1411 955 1472 vigaverat
986 1408 1200 1457 Athenas
1233 1407 1291 1455 C.
1334 1432 1389 1441 —
1426 1403 1705 1468 Duplicem
1739 1404 2135 1468 inscriptionem
2170 1405 2372 1454 hancce
2409 1405 2625 1455 exhibet
2646 1407 2726 1456 T.:

687 1485 762 1533 Aa
781 1497 965 1532 nauem
986 1497 1089 1544 qua
1108 1481 1342 1544 uirqilius
1360 1481 1567 1529 atheram
1585 1478 1870 1541 nauigauit.
1945 1479 2136 1529 Nauem
2150 1480 2474 1541 prosequitur
2494 1494 2597 1541 qua
2617 1480 2729 1528 uir-

686 1558 837 1621 qiltus
868 1557 1058 1607 athenis
1091 1555 1199 1618 (sic)
1233 1554 1519 1604 uehebatur.

688 1697 773 1746 111.
811 1698 947 1746 Cum
980 1696 1034 1743 in
1064 1694 1339 1743 Graeciam
1361 1690 1674 1755 proficisce-

625 1771 774 1819 retur
811 1767 1054 1831 Virgilius
1097 1781 1146 1818 a.
1192 1781 1246 1816 u.
1292 1779 1343 1815 e.
1383 1765 1497 1814 735.
1546 1764 1671 1828 (quo

625 1857 764 1893 anno
801 1845 853 1893 in
878 1842 1051 1892 reditu
1076 1844 1314 1891 mortuus
1339 1839 1455 1902 est),
1492 1840 1672 1889 disce—

625 1917 844 1968 dentem
877 1916 1013 1966 votis
1048 1928 1145 1979 pro
1181 1913 1314 1964 felici
1360 1914 1409 1962 in
1445 1914 1672 1963 Atticam

623 1990 849 2054 appulsu
862 1989 1222 2053 prosequitur.
1250 1987 1382 2037 Vide
1396 1988 1668 2038 Excurs.1.

624 2062 802 2114 Simile
854 2065 936 2113 est
983 2062 1287 2113 Callimachi
1336 2061 1457 2112 illud
1496 2063 1676 2126 (Frag-

623 2141 789 2188 ment.
848 2137 960 2188 444.
1034 2136 1355 2198 Blomfleld):
1425 2128 1466 2186 ἆ
1509 2134 1670 2198 ναῦς,

623 2205 664 2261 ἂ
700 2206 767 2260 τὸ
800 2206 986 2275 μόνον
1009 2212 1222 2277 φέγγος
1252 2209 1381 2276 ἐμὶν
1403 2207 1471 2260 τὸ
1494 2206 1672 2277 γλυκὺ

622 2282 729 2348 τᾶς
770 2280 905 2348 ζοᾶς
937 2278 1235 2356 Ἅρπαξας,
1281 2287 1413 2335 ποτέ
1454 2301 1521 2335 τυ
1558 2282 1673 2334 Ζᾶ-

626 2373 728 2422 νος
795 2356 1059 2423 ἱκνεῦμαι
1125 2356 1546 2424 λιμενοσκόπω.
1612 2387 1667 2394 -

626 2436 758 2487 Usus
792 2434 878 2483 hic
912 2435 1097 2499 partic.
1135 2435 1205 2483 sic
1240 2435 1289 2484 in
1326 2435 1461 2484 votis
1494 2435 1672 2499 preci-

622 2508 725 2559 bus
760 2509 1201 2561 obtestationibus
1235 2510 1302 2560 ita
1327 2510 1540 2575 proprie
1576 2523 1672 2558 ex-

622 2582 924 2647 plicandus:
983 2585 1094 2634 «uti
1138 2598 1237 2635 nos
1280 2598 1308 2634 a
1355 2586 1407 2634 te
1451 2584 1553 2633 hoc
1585 2583 1671 2634 vel

624 2656 748 2707 illud
801 2660 1139 2721 exoptamus,
1185 2659 1281 2719 sic,
1326 2657 1419 2708 ubi
1462 2660 1673 2708 nostras

621 2744 814 2795 preces
865 2733 1189 2791 exaudieris,
1245 2732 1347 2782 hoc
1387 2732 1472 2782 vel
1524 2731 1669 2791 illud,

625 2805 766 2868 quod
802 2808 858 2854 tu
891 2806 1000 2866 vis,
1039 2805 1133 2855 tibi
1169 2807 1493 2869 contingat.»
1553 2807 1674 2855 Ari-

623 2880 847 2928 staenet.
886 2879 936 2937 2,
973 2879 1061 2928 43:
1124 2871 1320 2941 Οὕτως
1368 2878 1531 2942 nec-›5-
1580 2877 1670 2945 εἴη

623 2966 720 3002 σοι
750 2946 1067 3020 Ἀφροδίτη.
1115 2979 1171 2988 -
1208 2951 1369 3002 Alibi:
1419 2955 1532 3003 «uti
1567 2954 1671 3003 hoe

624 3039 721 3075 nos
755 3025 1007 3085 fecimus,
1046 3027 1112 3075 ita
1146 3027 1201 3075 tu
1227 3026 1353 3077 illud
1374 3032 1669 3090 praestes»

625 3101 780 3162 Prop.
810 3100 858 3157 4,
886 3099 965 3157 48,
994 3100 1082 3148 44;
1121 3100 1346 3149 Sicmihi
1379 3106 1426 3149 te
1458 3102 1669 3164 reform,

622 3173 765 3233 levk,
818 3177 875 3221 ut
918 3187 1019 3222 non
1064 3173 1228 3223 altera
1271 3179 1441 3224 nostro
1482 3177 1674 3227 Limine

617 3247 864 3309 formosos
894 3248 1061 3297 intulit
1089 3248 1197 3297 ulla
1221 3250 1386 3310 podes.
1412 3276 1467 3285 -—-
1487 3252 1670 3302 Venus

624 3324 825 3379 autem,
857 3327 1033 3383 potens
1065 3323 1217 3384 cypro·
1254 3322 1363 3384 (od.
1405 3325 1451 3383 4,
1490 3324 1572 3385 30,
1610 3327 1667 3374 4;

620 3398 801 3459 regina
835 3397 1015 3458 prri;
1051 3398 1233 3460 sicque
1267 3397 1363 3447 Od.
1402 3399 1450 3456 4,
1488 3399 1537 3459 6,
1577 3400 1666 3449 4οῑ

620 3471 765 3533 lyrae
806 3472 955 3520 Musa
989 3477 1190 3533 potens,·
1246 3473 1341 3522 Od.
1391 3474 1438 3535 4,
1483 3475 1532 3534 5,
1578 3475 1666 3524 45ε

613 3546 803 3607 potenti
834 3547 995 3595 maris
1015 3548 1122 3608 dea,
1159 3543 1393 3617 Κύπρου
1425 3545 1671 3612 μεδέου-

620 3620 714 3681 σα)
760 3620 847 3669 hic
890 3621 1166 3670 invocatur
1207 3635 1311 3672 non
1356 3626 1465 3672 tam
1510 3625 1567 3672 ut
1603 3636 1670 3672 ex

620 3695 754 3743 mari
774 3689 1151 3760 Ἀναδυομένη
1178 3695 1441 3758 (Musaeus
1463 3710 1513 3745 v,
1540 3696 1665 3747 248:

619 3762 838 3837 Κύπρις
888 3763 1228 3839 ἅπόσπορός
1269 3770 1392 3819 ἐστι
1442 3766 1670 3819 θαλάσ-

620 3857 732 3907 σης
774 3842 873 3891 καὶ
908 3845 1133 3912 κρατέει
1167 3839 1448 3905 πόντοιο),
1503 3857 1668 3908 quam

618 3918 677 3966 ut
740 3914 988 3977 Ποντία,
1057 3917 1303 3983 Λιμενία
1325 3957 1336 3979 ,
1405 3912 1669 3969 Εὔπλοια

621 3991 835 4040 Cnidiis.
873 3992 1026 4041 Paus.
1057 3994 1102 4051 4,
1132 3994 1179 4052 4,
1206 3993 1253 4043 3.
1298 3993 1393 4043 Od.
1421 3993 1470 4053 3,
1496 3993 1578 4054 26,
1605 3993 1663 4043 3·

624 4065 781 4114 Venus
800 4066 1020 4114 mar-tna.
1048 4064 1203 4116 Solon
1228 4069 1308 4117 Fr.
1338 4068 1416 4117 40.
1444 4068 1668 4118 Schnei-

618 4138 779 4188 dem:
839 4131 1032 4224 Αὐτὰρ
1087 4138 1191 4204 ἐμὲ
1245 4136 1349 4203 ξὺν
1404 4140 1500 4206 νηῒ
1547 4137 1664 4212 θοῇ

620 4207 845 4277 κλεινῆς
878 4206 997 4262 ἀπὸ
1032 4209 1218 4279 νήσου
1244 4208 1495 4280 'donn-957·
1520 4216 1666 4281 πέμ-

1745 1705 1845 1741 ποι
1865 1689 2085 1762 Κύπρις
2117 1691 2481 1754 ἰοστέφανος.
2562 1692 2796 1744 Gaetuli-

1746 1781 1841 1817 cus
1898 1767 1950 1815 in
2002 1765 2209 1817 Anthol.
2271 1765 2431 1817 Palat.
2490 1767 2530 1817 Ι.
2590 1782 2643 1831 p.
2698 1767 2788 1817 88·

1739 1834 2035 1906 Ἀγχιαλοῦ
2070 1835 2348 1909 ῥηγμῖνος
2380 1839 2685 1900 ἐπίσκοπε,
2710 1869 2741 1878 -
2763 1870 2793 1880 -

1744 1911 1996 1964 Δεσπότι
2049 1915 2150 1964 καὶ
2200 1910 2514 1979 θαλάμων,
2583 1911 2791 1984 Κύπρι,

1745 1990 1845 2040 καὶ
1896 1983 2128 2054 ἤι’ὀνων.
2210 1989 2422 2039 Lucian.
2469 1993 2649 2040 Amor.
2699 1991 2788 2040 44;

1746 2058 1936 2154 ἡρέμα
1973 2060 2041 2135 τῇ
2077 2061 2149 2134 γῇ
2186 2063 2670 2147 προσηνέχθημεν
2692 2059 2796 2115 αὐ-

1744 2136 1849 2204 τῆς
1872 2135 2036 2204 οἶμαι
2056 2138 2159 2204 τῆς
2173 2133 2315 2189 θεοῦ
2341 2135 2550 2208 λιπαρᾷ
2571 2136 2792 2212 γαλήνῃ

1747 2211 2276 2279 πομποστολούσης
2309 2209 2376 2264 τὸ
2416 2211 2668 2277 σκάφος.

1811 2290 1859 2337 2.
1925 2289 2114 2351 fratres
2180 2288 2409 2351 Helenae]
2478 2287 2794 2353 Simpliciter

1747 2358 2078 2431 περιφράζει
2112 2362 2388 2411 Castorem
2425 2364 2480 2411 et
2500 2361 2789 2424 Pollucem,

1747 2437 1919 2487 nautis
1952 2441 2147 2498 optatos
2182 2436 2492 2497 Tyndaridas
2534 2436 2787 2502 (Propert.

1749 2513 1796 2571 4,
1836 2511 1915 2567 47,
1955 2511 2075 2573 48.),
2114 2524 2289 2573 neque
2325 2511 2569 2573 cogitavit
2602 2511 2668 2561 de
2693 2526 2792 2562 ne-

1746 2585 1857 2633 scio
1893 2585 2041 2634 cuius
2065 2586 2254 2648 poetae
2279 2582 2616 2635 Alexandrini
2640 2598 2793 2636 com-

1746 2660 1954 2717 mento,
2009 2658 2153 2721 quod
2195 2657 2349 2708 nobis
2391 2660 2622 2708 servavit
2661 2662 2788 2710 Stat.

1746 2732 1912 2782 Theb.
1941 2733 1990 2791 7,
2029 2732 2149 2781 79⁴:
2188 2734 2302 2781 Non
2335 2734 2484 2782 alitor
2504 2747 2651 2784 caeco
2668 2749 2792 2784 noc-

1745 2808 1885 2855 turm·
1926 2807 2121 2856 turbine
2162 2807 2270 2855 cori
2302 2807 2407 2856 Scit
2430 2808 2665 2868 por-uara
2695 2822 2793 2857 ra-

1745 2882 1833 2942 ιὶε,
1879 2895 1994 2931 cum
2032 2882 2139 2931 iam
2169 2883 2414 2932 domata
2453 2883 2643 2932 sororis
2673 2883 2794 2947 19·ηο

1749 2956 2051 3017 Therapnaei
2081 2956 2318 3018 ftaqertmt
2339 2955 2556 3005 carbasa
2583 2957 2788 3020 fratres.

1744 3029 1874 3080 Plin.
1915 3031 1974 3080 ll.
2012 3031 2073 3079 N.
2099 3031 2149 3089 2,
2176 3030 2266 3080 37:
2311 3031 2575 3080 Castorum
2605 3031 2790 3091 stellas,

1742 3118 1858 3153 cum
1899 3104 2048 3153 είηιια
2083 3105 2348 3166 videntur,
2394 3106 2642 3154 salutares
2678 3119 2792 3175 cre-

1745 3179 1894 3239 dunt,
1930 3191 2045 3226 cum
2076 3178 2360 3238 solitariae,
2405 3192 2586 3241 aravos
2618 3185 2664 3228 et
2695 3194 2791 3229 no-

1742 3253 1877 3301 xias.
1910 3278 1964 3288 -
2001 3251 2172 3300 lucida
2202 3251 2384 3315 sidera]
2423 3253 2611 3315 Hygin
2641 3254 2786 3302 Poet.

1743 3330 1954 3376 Astron.
1999 3327 2048 3385 2,
2094 3326 2185 3374 22:
2246 3326 2476 3375 Geminos
2516 3327 2793 3389 complures

1743 3400 1983 3463 astrologi
2032 3400 2285 3449 Castorem
2325 3404 2372 3449 et
2408 3400 2652 3449 Pollucem
2691 3413 2793 3449 esso

1743 3475 1997 3523 ‹li-rerunt.
2083 3473 2465 3537 Accipiendum
2499 3476 2679 3523 autem
2720 3473 2789 3523 de

1743 3546 2030 3598 flammulis
2085 3546 2346 3598 electricis
2400 3550 2522 3611 post
2578 3547 2791 3598 nimbos

1743 3634 1808 3671 ac
1842 3620 2101 3684 procellas
2143 3622 2194 3671 in
2231 3621 2444 3671 navium
2487 3620 2640 3671 malis
2675 3620 2791 3670 elu-

1744 3695 2098 3755 cescentibus,
2120 3695 2313 3759 quibus
2333 3696 2613 3745 Castorum
2629 3708 2791 3759 prae-

1743 3771 1971 3820 sentiam
2021 3770 2302 3833 significari
2353 3768 2612 3833 putabant
2653 3771 2790 3819 anti—

1742 3844 1858 3907 qui,
1912 3857 2155 3907 quasque
2207 3856 2349 3893 nunc
2397 3844 2629 3907 remiges
2676 3843 2789 3894 Itali

1741 3918 1915 3969 solent
1963 3918 2229 3983 appellare
2282 3917 2318 3965 61
2357 3917 2505 3979 fuoco
2550 3919 2603 3967 do·
2646 3920 2788 3968 Sant'

1741 3993 1910 4053 ElmO,
1949 3995 2080 4043 mire
2117 3993 2186 4043 ab
2219 3992 2407 4041 Helena
2449 3991 2659 4042 detorto
2693 4007 2792 4042 vo-

1740 4066 1947 4117 cabulo.
1995 4068 2170 4131 Eurip.
2199 4064 2381 4116 Helen.
2413 4064 2556 4117 ⁴495.
2604 4068 2790 4117 Lucia-

1741 4155 1841 4192 nus
1863 4141 2043 4203 Navig.
2071 4141 2126 4190 9:
2149 4133 2458 4201 ’Emaoxav
2480 4134 2516 4188 ὁ
2539 4137 2789 4205 ναύκλη-

1738 4211 1843 4285 ρός
1892 4229 2020 4265 τινα
2053 4210 2318 4283 λαμπρὸν
2351 4206 2567 4284 ἀστέρα
2616 4213 2788 4265 Διοσ-
