3234 4975
632 359 757 424 348

1387 342 1648 413 ‘uotum
1684 362 2022 415 emmanu

971 1165 1214 1229 Iustum
1258 1172 1323 1227 et
1365 1170 1662 1227 tenacem
1706 1161 2019 1248 propositi
2063 1164 2272 1228 virum

760 1362 843 1411 111.
893 1361 1055 1410 lnscr.
1093 1356 1230 1421 volg.
1282 1357 1359 1407 Ad
1391 1358 1657 1408 Caesarem
1693 1356 1985 1421 Anyti-stum.
2027 1383 2083 1394 —
2118 1358 2197 1408 Ad
2227 1361 2398 1410 Musa-5
2429 1361 2489 1410 dc
2517 1360 2736 1425 Auamto

694 1435 749 1485 b.
784 1435 940 1485 —Ad
974 1434 1373 1496 onir-inmusive
1403 1432 1669 1483 Romulum
1701 1432 1754 1482 S.
1785 1431 1941 1481 -Ad
1971 1431 2251 1497 Anyti-stum
2281 1433 2338 1484 Τ.
2378 1434 2534 1484 -Ad
2565 1438 2738 1486 Musas

693 1512 753 1559 de
783 1508 1003 1573 Augusto
1036 1509 1124 1571 qui
1154 1506 1491 1570 inproposito
1527 1507 1728 1556 videm
1759 1519 2084 1568 perseverare
2117 1520 2164 1558 c.
2206 1535 2263 1544 -
2323 1508 2371 1558 4.
2406 1507 2469 1572 et]
2503 1523 2567 1559 ac
2598 1511 2635 1559 F
2670 1525 2736 1560 ex

693 1584 1055 1650 porphyrione
1090 1584 1144 1633 in
1176 1582 1454 1643 lemmate,
1490 1580 1590 1632 sed
1624 1581 1769 1632 idem
1801 1580 1975 1632 Schol.
2013 1596 2138 1633 mox
2170 1588 2233 1643 οι,
2270 1586 2330 1633 ut
2362 1583 2532 1635 Codd.
2569 1586 2694 1635 mei.

695 1763 780 1811 111.
834 1760 1200 1810 Constantiam
1234 1762 1290 1808 et
1322 1758 1683 1809 fortitudinem

628 1834 876 1886 Romanis
911 1836 1184 1895 tamquam
1215 1833 1530 1896 praecipuas
1565 1844 1686 1882 ma-

627 1911 799 1959 iorum
833 1908 1073 1966 virtutes,
1111 1907 1268 1957 nimis
1301 1920 1330 1956 a
1354 1907 1466 1957 suis
1489 1919 1687 1969 aequa-

627 1982 766 2033 libus
834 1979 1136 2044 neglectae,
1206 1980 1684 2031 commendaturus

627 2054 872 2120 exempla
905 2053 1160 2115 Pollucis,
1200 2053 1440 2105 Herculis
1457 2093 1469 2116 ‚
1507 2046 1684 2105 Liberi

625 2131 816 2195 patris,
865 2131 1086 2193 propter
1128 2127 1242 2179 illas
1278 2130 1423 2193 ipsas
1455 2129 1685 2178 virtutes

627 2200 768 2255 inter
814 2203 946 2254 deos
997 2205 1365 2267 receptorum,
1402 2202 1680 2267 proponit;

595 2278 824 2342 ·quibus
890 2277 1182 2328 admodum
1242 2277 1428 2327 dextre
1496 2276 1682 2340 paucis

627 2353 832 2413 verbis,
882 2366 950 2402 ne
992 2352 1153 2402 nimia
1200 2351 1393 2402 evadat
1426 2347 1676 2409 adulatio,

627 2428 813 2477 inserit
844 2428 1157 2492 Augustum.
1225 2424 1519 2475 Plurimum
1545 2435 1678 2473 vero

626 2504 940 2553 immoratur
1003 2504 1056 2552 in
1121 2500 1327 2553 Romuli
1392 2498 1674 2559 laudibus,

627 2577 800 2637 cuius,
847 2578 908 2625 ut
938 2576 1011 2626 ita
1043 2576 1245 2637 dicam,
1289 2568 1679 2644 ἀντίστροφος

626 2654 743 2702 erat
784 2653 1077 2714 Augustus,
1131 2649 1265 2701 alter
1313 2648 1522 2713 imperii
1572 2648 1705 2697 Ro-¹

626 2727 767 2777 mani
801 2725 1061 2786 conditor,
1096 2727 1257 2788 atque
1284 2736 1385 2787 per
1406 2720 1677 2786 quendam

625 2802 866 2864 poeticae
900 2800 1229 2861 φαντασίας
1259 2797 1478 2863 plenum
1513 2797 1681 2859 impe-

624 2879 740 2925 tum
775 2875 821 2937 (a
846 2888 954 2937 quo
975 2887 1029 2924 v.
1072 2874 1153 2923 69.
1192 2886 1252 2923 se
1291 2873 1406 2936 ipse
1441 2869 1674 2929 revocat)

625 2949 840 3012 exponit
872 2946 1064 2998 elatam
1098 2959 1164 2996 ac
1197 2945 1484 2997 sublimem
1518 2947 1680 2995 Iuno-

625 3023 707 3074 nis
762 3020 831 3071 de
885 3020 1108 3072 Romulo
1157 3021 1226 3072 ad
1282 3022 1494 3071 ceteros
1544 3018 1678 3069 deos

624 3097 937 3147 orationem.
994 3095 1182 3158 (Quam
1216 3094 1435 3180 quidem
1466 3095 1678 3158 partem

624 3170 874 3221 carminis
924 3182 1054 3219 sane
1103 3169 1461 3219 necessariam
1512 3167 1674 3218 fuisse

625 3244 746 3295 ideo
771 3244 1003 3294 maxime
1028 3242 1281 3307 equidem
1303 3241 1498 3303 iudico,
1525 3242 1671 3305 quod

624 3313 857 3385 γνώμας
904 3330 992 3367 vv.
1033 3316 1230 3367 4-46,
1286 3317 1385 3367 etsi
1433 3317 1677 3379 imagini-

623 3393 728 3444 bus
761 3391 962 3456 aliquot
993 3394 1207 3442 ornatas
1239 3391 1294 3441 in
1327 3393 1436 3442 tam
1459 3389 1675 3442 sublimi

624 3469 860 3519 carmine
929 3467 1177 3530 excipere
1233 3465 1471 3516 debebat
1523 3464 1674 3515 locus

624 3558 752 3594 vere
788 3556 912 3593 cum
947 3543 1190 3607 poeticus
1224 3544 1338 3592 tum
1373 3541 1534 3592 etiam
1558 3553 1676 3591 ora-

623 3620 818 3679 torius,
861 3619 1082 3682 propter
1115 3618 1219 3667 hoc
1253 3617 1430 3680 ipsum
1463 3615 1531 3665 ad
1565 3616 1674 3665 Ro-

623 3705 904 3743 manorum
940 3692 1208 3755 ingenium
1244 3703 1406 3754 quam
1441 3690 1672 3740 maxime

623 3767 931 3831 appositus;
1001 3778 1166 3829 quem
1215 3765 1306 3828 qui
1354 3764 1673 3828 praesertim

622 3844 842 3905 propter
874 3839 1238 3905 inaequalem,
1283 3842 1344 3890 ut
1376 3836 1674 3903 opinaban-

622 3919 738 3976 tur,
774 3915 843 3965 ad
878 3917 1122 3966 ceterum
1155 3927 1373 3965 carmen
1409 3913 1672 3964 rationem

623 4003 688 4040 ac
740 3990 1009 4053 quandam
1059 3992 1115 4040 et
1176 3987 1560 4041 sententiarum
1619 3989 1675 4037 et

624 4063 914 4115 verborum
948 4063 1353 4114 redundantiam
1402 4063 1673 4126 vitupera-

625 4141 774 4198 runt‚
810 4137 1114 4190 libertatem
1147 4140 1364 4202 vimque
1398 4136 1549 4200 lyrici
1582 4148 1675 4201 ge-

623 4216 766 4267 neris
800 4228 924 4266 sese
959 4227 1149 4280 pamm
1183 4225 1345 4264 nosse
1380 4211 1520 4264 clare
1553 4225 1675 4276 pro-

1757 1758 1881 1809 fessi
1916 1760 2077 1822 sunt.)
2144 1760 2254 1810 Hac
2295 1761 2414 1824 ipsa
2445 1760 2684 1811 oratione
2716 1764 2801 1813 in-

1758 1831 1953 1882 ductus
1987 1836 2073 1883 est
2093 1832 2320 1894 Merula,
2358 1838 2418 1884 ut
2438 1834 2588 1884 Ennii
2608 1848 2799 1887 versus
2894 1884 2905 1894 ,

1757 1905 2010 1958 disiectos
2066 1909 2136 1957 ita
2193 1913 2544 1972 componeret
2610 1909 2794 1960 Annal.

1758 1979 1870 2030 Lib.
1914 1981 1960 2030 4.
2015 1994 2070 2045 p.
2114 1981 2227 2033 430.
2272 1984 2462 2033 Hess.:
2530 1985 2801 2046 Respondet

1756 2055 1880 2104 Iuno
1927 2056 2175 2105 Saturnia
2221 2062 2398 2107 sancta
2442 2058 2680 2108 dmm:
2719 2085 2798 2096 --

1754 2128 1993 2179 Romulus
2038 2131 2094 2180 in
2129 2131 2267 2181 caelo
2306 2145 2422 2181 cum
2459 2132 2537 2181 dis
2564 2133 2800 2196 gernicou—

1754 2201 1845 2251 bus
1885 2216 2061 2252 aevom
2090 2205 2290 2268 Deque:
2334 2218 2460 2255 cum
2497 2207 2642 2270 prior
2680 2220 2801 2257 ver-

1755 2275 1953 2328 siculus
1993 2292 2025 2327 a
2066 2277 2323 2329 Columna
2372 2280 2602 2331 reiectus
2644 2281 2713 2331 sit
2744 2282 2798 2331 in

1754 2352 1889 2401 Ann.
1926 2352 2040 2402 Lib.
2078 2353 2128 2403 6.
2197 2354 2397 2404 Verum
2444 2368 2571 2404 cum
2612 2368 2699 2405 res
2731 2356 2800 2406 sit

1752 2436 1974 2488 prorsus
2024 2428 2250 2488 incerta,
2308 2428 2533 2479 Ennium
2584 2429 2798 2479 Horatio

1752 2502 1875 2550 ante
1926 2500 2110 2553 oculos
2145 2503 2305 2553 fuisse
2340 2503 2665 2554 contendere
2699 2518 2799 2554 no-

1751 2573 1862 2624 lim.
1942 2575 2097 2636 Quod
2145 2578 2326 2626 autem
2375 2578 2632 2627 Iunonem
2688 2581 2798 2628 tam

1752 2661 1944 2699 severe
1980 2650 2229 2701 Romanis
2276 2649 2594 2701 interdicere
2630 2651 2794 2716 fingit,

1752 2736 1820 2772 ne
1882 2737 2120 2787 unquam
2184 2725 2468 2774 restituant
2526 2727 2797 2789 antiquam

1751 2795 1892 2847 illam
1925 2799 2138 2848 Troiam
2188 2798 2310 2861 (non
2356 2798 2502 2860 quod
2535 2802 2663 2850 tunc
2696 2799 2799 2849 sso-

1753 2870 1909 2921 rebat
1960 2870 2156 2936 Ilium),
2215 2871 2272 2922 id
2321 2873 2573 2936 equidem
2623 2887 2691 2924 ex
2731 2887 2798 2923 eo

1753 2944 1974 2995 ductum
2006 2948 2136 3009 puto
2153 2985 2165 3008 ,
2202 2945 2348 3009 quod
2382 2960 2511 2997 casu
2544 2947 2799 2998 recorda-

1752 3021 1838 3069 tus
1881 3022 2025 3070 esset
2066 3019 2350 3085 aliquando
2394 3021 2531 3073 illius
2564 3022 2633 3072 de
2668 3022 2801 3072 Cae-

1751 3106 1873 3144 sare
1906 3095 2137 3145 rumoris
2159 3133 2172 3156 ,
2208 3096 2359 3146 cuius
2392 3097 2634 3145 meminit
2665 3097 2801 3146 Sue-

1749 3168 1927 3219 tonius
1961 3169 2115 3218 Caes.
2152 3169 2234 3218 79.
2255 3207 2268 3229 ,
2311 3170 2405 3219 ubi
2438 3171 2577 3220 inter
2608 3183 2799 3220 causas

1751 3241 1932 3293 caedis
1949 3243 2196 3294 Caesaris
2211 3244 2351 3294 hanc
2369 3256 2586 3308 quoque
2608 3243 2794 3294 refert:

1752 3317 1885 3379 Quin
1932 3317 2085 3367 otim
2131 3318 2286 3368 vav-ia
2331 3319 2476 3381 faena
2515 3317 2801 3380 percrebuit

1747 3391 2092 3455 migraturum
2133 3391 2496 3443 Ale-nandriam
2532 3393 2612 3441 vel
2652 3393 2801 3441 [litem

1748 3465 2008 3514 translatis
2054 3466 2206 3516 simul
2250 3466 2425 3529 opibus
2466 3467 2666 3528 tumoris·
2697 3479 2797 3517 ex-

1748 3539 2025 3599 namquo
2069 3541 2224 3590 Italia
2272 3540 2534 3591 ddectibus
2581 3545 2629 3590 et
2668 3552 2798 3602 pro—

1748 3614 2009 3664 curatione
2082 3614 2223 3664 Urbis
2292 3615 2469 3665 amicis
2534 3615 2794 3677 permissa.

1750 3689 1865 3737 Non
1917 3689 2063 3752 quod
2124 3689 2421 3752 AugustuS,
2500 3688 2801 3739 dominator

1754 3762 1909 3814 nimis
1959 3762 2180 3814 callidus
2235 3776 2300 3813 ac
2355 3761 2620 3826 prudens,
2694 3762 2799 3811 hoc

1749 3835 1893 3887 idem
1946 3836 2224 3888 consilium
2274 3849 2514 3899 unquam
2559 3835 2795 3899 agitarit;

1752 3911 1950 3964 nullum
2001 3913 2143 3962 enim
2192 3912 2350 3962 huius
2394 3911 2472 3962 rei
2517 3910 2799 3973 vestigium

1748 3986 1906 4038 nobis
1939 3988 2212 4037 servatum
2248 3989 2359 4044 est,
2398 3998 2499 4036 nec
2532 3984 2790 4048 proiecto,

1747 4063 1792 4113 si
1844 4062 1946 4111 boc
2004 4061 2182 4111 animo
2243 4059 2520 4119 volvisset,
2595 4058 2793 4108 Horatii

1749 4138 1866 4187 erat
1897 4137 1946 4185 ei
1981 4133 2085 4185 tale
2120 4136 2453 4200 propositum
2474 4133 2711 4184 carmine
2745 4132 2800 4181 in

1748 4209 1934 4274 volgus
1984 4209 2128 4261 edito
2179 4208 2521 4266 dissuadere3
2575 4205 2698 4265 sed,
2746 4207 2799 4254 ni
