3234 4975
625 368 746 433 744
1433 370 1692 421 nona-ru
1715 365 1985 451 ⁴Eronos

877 526 949 589 Et
1003 522 1312 610 Esquilini
1364 523 1647 610 pontifex
1698 521 1968 589 venefici

879 647 1144 731 impune
1183 654 1251 709 ut
1302 641 1540 710 Urbem
1586 642 1847 709 nomine
1893 640 2179 728 impleris
2229 643 2424 708 meo?

873 763 1045 843 Quid
1093 763 1401 849 proderat
1442 762 1685 830 ditasse
1731 762 2026 850 Pelignas
2069 782 2267 837 anus,

870 882 1251 950 velociusve
1295 882 1638 949 miscuisse
1692 882 2026 948 toxicum?

871 1004 1001 1069 Sed
1046 1003 1331 1070 tardiora
1375 1002 1503 1068 sata
1543 1011 1607 1068 te
1654 1002 1820 1068 votis
1868 1012 2159 1069 manent:

872 1125 1124 1211 Ingrata
1166 1123 1406 1188 misero
1449 1121 1579 1187 vita
1624 1121 1924 1188 ducenda
1968 1131 2069 1189 est
2121 1123 2186 1187 in
2234 1120 2386 1198 hoc,

869 1243 1064 1309 Novis
1109 1252 1179 1307 nt
1221 1261 1433 1328 usque
1485 1251 1796 1328 suppetas
1840 1240 2190 1308 laboribus.

872 1364 1066 1450 Optat
1119 1361 1406 1449 quietem
1449 1360 1708 1447 Pelopis
1748 1361 1926 1428 infidi
1977 1372 2196 1448 pater,

749 1533 828 1584 58.
865 1530 1126 1594 Eaequilini
1159 1531 1212 1586 F,
1245 1559 1298 1567 —
1335 1530 1416 1581 59.
1453 1531 1646 1592 lupiano
1671 1531 1729 1580 T.
1761 1557 1814 1566 -
1852 1530 1934 1580 60.
1964 1531 2194 1592 proderit
2214 1528 2319 1591 b'l',
2356 1532 2490 1580 Pott.
2529 1544 2717 1582 omnes

685 1609 898 1671 praeter
930 1606 1172 1665 tertium,
1209 1605 1369 1655 LCtF.
1411 1603 1488 1667 (Ut
1522 1617 1647 1660 nos,
1688 1605 1788 1662 Bc,
1823 1619 1919 1669 yv,
1956 1616 2036 1668 pr.
2074 1605 2148 1668 κ.)
2188 1631 2243 1641 -
2281 1604 2363 1654 62.
2400 1605 2458 1653 Si
2488 1607 2723 1655 tardiora

680 1681 795 1744 fata
827 1686 874 1730 te
902 1681 1029 1729 votis
1076 1678 1281 1742 (devotis
1312 1693 1451 1730 corr.
1489 1680 1543 1742 T)
1576 1675 1827 1729 manent?
1873 1676 1976 1737 h'l',
2014 1678 2245 1727 Pottieril
2280 1691 2470 1729 omnes
2506 1681 2720 1741 praeter

685 1756 924 1814 sextum,
978 1753 1136 1803 LCtF.
1199 1754 1278 1815 (Ut
1309 1766 1438 1815 nos,
1484 1755 1585 1814 Bc,
1622 1766 1705 1817 pr.
1742 1768 1805 1813 κ,
1841 1750 1964 1813 alii.)
2017 1776 2071 1787 —
2129 1750 2210 1803 64.
2248 1752 2501 1803 doloribus
2531 1754 2717 1810 T.LCt.

686 1828 764 1890 (Ut
796 1841 919 1885 nos..
957 1827 1099 1886 Bbc,
1124 1827 1196 1892 y.)
1227 1851 1283 1863 -
1320 1826 1401 1876 65.
1438 1828 1622 1891 infidus
1652 1841 1760 1887 νχ,
1797 1839 1934 1877 corr.
1973 1824 2077 1884 κλ,
2113 1828 2229 1877 LtF.
2269 1827 2347 1889 (Ut
2379 1841 2499 1889 nos,
2538 1827 2720 1889 Bch,

684 1901 849 1950 ceteri
885 1899 1132 1959 Bentleii,
1169 1901 1260 1963 qui
1293 1901 1548 1960 restituit,
1587 1899 1675 1962 M.)

617 2050 730 2098 tum
764 2049 1046 2111 praesente
1071 2048 1376 2108 sacerdote,
1413 2048 1468 2098 in
1501 2049 1669 2099 hono-

617 2133 736 2171 rem
769 2120 934 2181 deae,
994 2134 1157 2185 quam
1191 2122 1445 2173 Thraciae
1479 2124 1665 2186 gentes

618 2195 788 2258 Cotyn
865 2193 952 2246 vel
1031 2196 1244 2259 Cotytto
1306 2195 1615 2261 appellant?
1638 2214 1663 2241 a

618 2268 724 2320 Cfr.
762 2270 1046 2319 Buttmann
1093 2267 1308 2332 Mythol.
1347 2272 1408 2320 11.
1454 2284 1508 2334 p.
1548 2270 1659 2321 459.

617 2342 831 2392 Loheek
864 2341 1116 2407 Aglaoph.
1155 2355 1208 2406 p.
1248 2343 1393 2393 4042.
1437 2345 1493 2393 et
1513 2344 1661 2393 4047.

619 2417 869 2468 Manetho
922 2417 983 2477 4,
1038 2417 1135 2466 59:
1180 2411 1285 2467 Ἦν
1331 2415 1395 2468 δὲ
1444 2414 1665 2506 Κύπρις

614 2488 898 2561 μερόπων
926 2487 1246 2576 ωροσκόπα
1276 2494 1494 2559 φέγγεσι
1534 2488 1665 2544 λεύ-

617 2578 696 2634 σῃ
719 2593 749 2603 -
770 2593 803 2604 -
824 2560 1066 2627 Τούτοις
1112 2563 1361 2631 θηλειῶν
1402 2563 1666 2617 πιστεύε-

615 2653 711 2689 ται
757 2632 927 2709 ὄργια
970 2636 1211 2726 κρυπτά·
1237 2669 1268 2679 -
1289 2668 1320 2678 -
1326 2634 1513 2692 Ἔνθα
1547 2655 1665 2702 φυ-

615 2715 926 2783 γαρσενὶης
955 2710 1248 2784 μυστήρια
1279 2711 1491 2776 τεύχετ
1512 2708 1666 2766 ἄπυ-

617 2802 747 2838 στα.
796 2813 850 2824 -
910 2788 1080 2852 liberi]
1150 2791 1325 2840 «omni
1379 2789 1664 2853 pudicitiae

616 2862 732 2926 lege
755 2861 911 2913 soluti
935 2876 999 2912 ac
1020 2861 1474 2927 petulantissimim

683 2937 765 2987 58.
824 2938 906 2987 59.
956 2938 1215 3001 pontifex]
1274 2939 1335 2990 nt
1383 2938 1664 3002 pontifices

615 3010 892 3073 praesides
953 3012 1113 3074 atque
1185 3009 1371 3062 arbitri
1425 3013 1666 3062 omnium

616 3084 771 3131 erant
802 3080 1144 3145 religionum,
1182 3085 1251 3133 ita
1286 3083 1544 3135 invidiose
1568 3086 1668 3135 Ca·

615 3154 756 3205 nidia
791 3155 1088 3215 inimicum,
1125 3157 1214 3218 qui
1255 3157 1456 3208 arbiter
1492 3159 1667 3207 fuerat

615 3228 858 3279 veneficii
901 3229 970 3279 ab
1014 3242 1077 3278 ea
1107 3228 1162 3279 in
1187 3229 1433 3292 Esquiliis
1462 3243 1665 3294 perpe-

615 3303 738 3352 trati
789 3302 914 3364 (Cfr.
969 3302 1135 3366 Epod.
1184 3303 1234 3353 5.
1288 3305 1393 3353 Sat.
1441 3305 1507 3365 4,
1551 3304 1658 3365 8.),

616 3374 862 3426 eiusdem
906 3377 1058 3439 qnasi
1095 3378 1380 3439 pontificem
1413 3376 1659 3440 appellat,

615 3450 674 3499 ut
708 3450 815 3499 Cic.
853 3461 952 3513 pro
986 3445 1155 3500 Sestio
1192 3450 1271 3499 47.
1320 3451 1378 3500 Ρ.
1418 3449 1661 3500 Clodium

612 3527 904 3585 stuprorum
968 3525 1273 3574 sacerdotem
1343 3523 1413 3574 ob
1481 3525 1660 3574 Bonae

613 3598 759 3647 Deae
783 3610 935 3647 sacra
956 3596 1155 3661 polluta
1176 3599 1348 3648 vocat.
1387 3599 1447 3647 In
1469 3598 1661 3661 Esqui-

613 3667 695 3720 liis
728 3673 908 3720 autem
941 3673 1095 3721 antea
1118 3669 1515 3735 sepeliebantur
1533 3684 1663 3734 pau-

613 3756 775 3807 peres
809 3757 873 3793 ac
907 3746 1064 3794 servi.
1107 3771 1162 3781 —
1213 3746 1411 3795 nemim
1441 3745 1664 3807 impleris

612 3817 742 3877 meo]
778 3817 1131 3868 «carminibus
1165 3819 1268 3869 tuis
1301 3818 1569 3869 famosis.-

680 3889 856 3939 60-64.
887 3891 1018 3951 Quid
1026 3892 1332 3956 proderat]
1308 3893 1388 3940 «Si
1407 3894 1460 3941 te
1477 3889 1661 3942 ulcisci

615 3975 722 4011 non
741 3975 989 4026 possum,
1018 3963 1147 4028 quid
1169 3964 1389 4028 prodest
1411 3964 1537 4014 mihi
1559 3964 1662 4014 lar-

615 4049 679 4100 ga
704 4033 959 4086 mercede
981 4036 1273 4089 obtinuisse
1296 4051 1329 4088 a
1360 4039 1498 4101 sagis
1520 4037 1661 4088 Peli-

615 4111 758 4173 gnis,
806 4112 865 4160 ut
897 4111 1198 4163 reconditas
1232 4124 1358 4162 suas
1391 4113 1535 4162 artes
1568 4125 1657 4162 me

615 4184 907 4246 docerent;
954 4183 1082 4249 quid
1132 4184 1274 4236 iuvat
1308 4198 1395 4235 me
1429 4186 1657 4249 peritam

1735 2060 1855 2100 esse
1901 2061 2111 2098 venena
2156 2047 2414 2098 miscendi
2474 2046 2787 2100 efficacissi-

1735 2134 1824 2172 ma
1859 2124 1914 2171 et
1943 2122 2272 2186 praesentia,
2308 2134 2449 2184 quae
2483 2123 2660 2173 statim
2695 2122 2783 2173 vel

1736 2194 2066 2246 dementiam
2098 2193 2184 2245 vel
2219 2197 2449 2245 mortem
2488 2196 2783 2245 afferant?-

1736 2266 1933 2332 Peligui
1966 2269 2152 2320 Marsis
2183 2269 2342 2318 vicini
2370 2268 2600 2332 ideoque
2623 2282 2789 2320 vene-

1736 2342 1823 2391 fici
1858 2346 1913 2393 et
1944 2342 2044 2406 ipsi
2077 2341 2258 2392 habiti.
2299 2368 2357 2379 -
2398 2337 2638 2406 Velocius]
2694 2355 2788 2392 so·-

1735 2413 1844 2466 lito.
1892 2441 1947 2451 —
1984 2415 2234 2480 toz-imm]
2292 2414 2434 2466 Italis
2485 2421 2645 2477 toseo,
2698 2430 2783 2480 pr.

1736 2503 2007 2541 venenum
2024 2487 2219 2554 τόξοις
2237 2489 2439 2542 illitum.
2463 2517 2521 2527 —
2541 2493 2639 2541 Sed
2655 2491 2786 2555 eet.]

1738 2564 2151 2615 «Verumtamen
2194 2564 2391 2615 diutius
2432 2566 2582 2615 vives
2616 2578 2783 2628 quam

1737 2640 1849 2688 tute
1900 2651 2041 2688 nunc
2090 2640 2268 2702 optas;
2321 2641 2482 2702 atque
2531 2639 2638 2690 vita
2692 2637 2786 2689 tibi

1736 2713 1933 2763 misera
1981 2712 2330 2776 producenda
2381 2715 2464 2763 est
2511 2712 2580 2763 ad
2640 2712 2786 2764 hunc

1737 2785 1929 2847 finem,
1997 2790 2058 2836 ut
2117 2799 2337 2850 semper
2385 2788 2459 2838 sis
2511 2788 2784 2850 expositus

1736 2861 1887 2910 novis
1921 2860 2244 2910 cruciatibus
2278 2861 2450 2924 iisque
2483 2861 2786 2924 perpetien-

1736 2931 1819 2982 dis
1870 2932 2154 2984 sufficias.»
2210 2961 2267 2970 -
2318 2933 2556 2985 Alteram
2596 2933 2785 2984 lectio-

1736 3019 1889 3066 nem,
1940 3007 2124 3069 utique
2160 3006 2327 3057 multo
2372 3005 2780 3070 languidiorem,

1737 3081 1837 3130 etsi
1870 3093 1901 3129 a
1933 3079 2335 3144 Dillenburgero
2368 3080 2689 3146 praelatam,
2725 3081 2785 3131 Si

1735 3155 1968 3205 tardiora
1999 3155 2078 3206 sie
2114 3153 2379 3216 explicant
2399 3153 2510 3203 alii:
2549 3154 2783 3213 «Quodsi

1736 3225 1932 3276 diutius
1980 3227 2144 3277 vitam
2196 3227 2426 3277 extrahis
2474 3240 2639 3291 quam
2684 3228 2781 3280 tibi

1735 3302 1835 3365 ipsi
1870 3313 2055 3351 carum
2090 3303 2200 3361 est,
2255 3301 2376 3351 ideo
2417 3301 2505 3360 fit,
2558 3304 2618 3352 ut
2649 3316 2781 3366 sup·-

1734 3377 1888 3437 petas
1911 3376 2049 3425 cet.»
2084 3372 2180 3424 Alii
2215 3374 2437 3438 iungunt
2469 3388 2594 3427 cum
2625 3388 2784 3440 prae-

1735 3447 1927 3499 eedd.:
2001 3448 2169 3507 «Quid
2216 3448 2472 3512 proderat
2521 3451 2623 3499 eet.
2648 3487 2661 3510 ,
2732 3451 2778 3500 si

1735 3521 1934 3572 tardius
1985 3521 2229 3571 morieris
2277 3522 2413 3573 votis
2457 3524 2675 3574 meis‘b·
2718 3548 2775 3560 -

1735 3597 1822 3646 «In
1853 3596 1973 3656 hoc,
2023 3596 2079 3645 in
2109 3597 2185 3657 id,
2237 3597 2293 3646 in
2324 3598 2446 3658 quid
2478 3597 2779 3660 significant

1733 3681 1876 3732 rem,
1930 3672 2150 3734 propter
2191 3683 2356 3733 quam
2400 3669 2599 3735 aliquid
2632 3670 2775 3721 flat.-

1732 3744 1877 3794 Hmn
1931 3745 2083 3794 Turs.
2136 3745 2220 3793 111.
2283 3757 2403 3807 pag.
2464 3744 2579 3795 320.
2603 3782 2615 3804 ,
2686 3743 2779 3795 ubi

1733 3817 2101 3881 exemplorum
2133 3817 2351 3867 affatim.
2389 3818 2482 3868 Est
2516 3817 2614 3866 aad
2636 3818 2780 3869 hunc

1732 3892 2095 3954 potissimum,
2147 3892 2314 3941 immo
2357 3903 2524 3941 unum
2558 3890 2776 3948 finem,-

1733 3965 2005 4016 efflcacius
2039 3964 2305 4027 aliquanto
2332 3977 2496 4027 quam
2532 3965 2783 4027 «propter

1732 4038 1874 4088 hoc»
1893 4075 1906 4099 ,
1951 4042 2011 4090 ut
2053 4037 2318 4103 explicant
2350 4039 2511 4088 etiam
2543 4035 2783 4086 Scholia-—

1733 4114 1865 4162 stae.
1909 4140 1962 4148 —
1999 4111 2266 4175 laboribus]
2306 4111 2627 4171 «aerumnis,
2665 4110 2784 4173 qui·

1732 4184 1835 4235 bus
1857 4187 1993 4237 meis
2017 4185 2222 4237 artibus
2246 4187 2464 4249 magicis
2487 4184 2776 4236 afficient.-

3160 0 3193 256 l

2711 299 3193 980 ψ’

2709 1367 2793 1429 65

3166 1391 3177 1834 ἒ

3162 1945 3175 2350 ἕ
