3234 4975
633 369 755 434 ⁴70

1404 368 1660 419 HORATII
1695 368 2028 419 CARMINUM

1295 671 2129 735 cmxxx-1-

972 802 1143 883 Quid
1186 803 1554 879 dedicatum
1596 803 1806 890 poscit
1845 800 2200 889 Apollinem

974 925 1209 993 Vates?
1251 924 1410 1014 quid
1465 934 1606 992 orat
1648 923 1733 992 de
1774 932 2000 1012 patera
2040 943 2277 990 novum

1050 1046 1351 1113 Fundens
1395 1045 1765 1134 liquorem?
1806 1047 1945 1111 Non
1987 1045 2241 1133 opimae

1140 1167 1472 1235 Sardiniae
1526 1176 1782 1254 segetes
1825 1166 2100 1241 feraces,

766 1333 938 1382 XXXI.
976 1333 1139 1381 Inscr.
1166 1328 1301 1394 volg.
1330 1332 1386 1379 et
1420 1329 1522 1379 ST:
1560 1329 1637 1379 Aa
1665 1327 1955 1390 Apollinem.
1997 1357 2050 1364 —
2083 1327 2131 1376 3.
2160 1327 2206 1378 4.
2235 1328 2426 1388 opimas
2448 1354 2476 1364 -
2499 1354 2526 1364 -
2547 1329 2728 1391 feracis

706 1406 900 1470 (genit.)
933 1407 992 1465 C,
1031 1408 1212 1456 contra
1246 1408 1456 1455 nostros
1491 1405 1545 1453 et
1576 1404 1808 1454 Pottierii
1843 1404 2009 1454 Codd.

698 1547 870 1597 XXXI.
930 1546 1066 1597 Cum
1117 1545 1314 1596 Caesar
1363 1544 1677 1594 Octavianus
1752 1541 1917 1606 elegia
1940 1543 2132 1595 iisdem
2155 1542 2345 1596 diebus
2369 1545 2660 1608 composita
2685 1546 2788 1595 cst:

634 1636 681 1671 a.
721 1635 773 1670 u.
811 1634 858 1670 c.
897 1620 1011 1670 726.
1058 1631 1157 1683 pro
1200 1618 1421 1668 victoria
1464 1618 1679 1668 Actiaca

635 1694 893 1759 templum
925 1691 1177 1758 Apollinis
1211 1705 1335 1743 cum
1355 1691 1676 1744 bibliotheca

637 1772 688 1820 in
724 1768 916 1820 Palatio
949 1767 1252 1818 dedicasset
1295 1767 1453 1832 (Suet.
1492 1770 1672 1818 Octav-

634 1846 714 1895 29.
752 1845 849 1894 Dio
883 1845 1032 1894 Cass.
1070 1842 1159 1903 53,
1198 1842 1253 1891 ⁴:
1291 1838 1361 1893 τό
1392 1857 1455 1892 τε
1480 1836 1678 1893 Ἄπολ-

635 1916 841 1969 hinov
873 1914 941 1968 τὸ
977 1916 1039 1968 ἐν
1070 1911 1151 1984 τῷ
1186 1914 1454 1985 Παλατίῳ
1487 1919 1587 1968 καὶ
1607 1913 1676 1968 τὸ

636 1994 949 2058 τεμένισμα
994 1986 1062 2041 τὸ
1108 1992 1236 2059 περὶ
1278 1985 1423 2042 αὐτὸ
1469 1988 1572 2056 τάς
1616 2006 1677 2042 τε

636 2062 943 2132 ἀποθήκας
974 2063 1089 2117 τῶν
1115 2064 1356 2127 βιβλίων
1376 2062 1678 2133 ἐξεποίησε

640 2144 740 2193 καὶ
782 2141 1168 2212 καθιέρωσε),
1213 2154 1261 2191 a.
1309 2141 1359 2192 d.
1397 2142 1526 2192 VIII.
1564 2140 1675 2192 Kal.

640 2220 768 2268 Nov.
810 2216 935 2281 (Kal.
960 2217 1115 2266 Amit.
1153 2219 1209 2266 et
1240 2219 1358 2267 Ant.
1395 2216 1490 2266 Ed.
1523 2229 1678 2267 meae

638 2306 690 2356 p.
740 2289 895 2353 400.),
943 2288 1073 2353 quid
1120 2293 1278 2353 potita
1320 2283 1613 2360 αἰτάρκης
1647 2305 1677 2340 a

638 2365 768 2426 deo,
803 2366 1086 2429 poetarum
1117 2364 1362 2428 praeside
1396 2368 1556 2430 atque
1590 2379 1682 2416 cu-

637 2440 817 2501 stode,
855 2441 1040 2503 petere
1063 2438 1284 2501 debeat,
1323 2441 1554 2506 exponit,
1581 2453 1677 2492 sua

636 2517 759 2564 vota
775 2514 942 2564 avidis
957 2513 1095 2577 volgi
1109 2514 1363 2579 precibus
1380 2528 1675 2580 opponens,

636 2591 696 2638 ut
728 2589 874 2639 Pind.
912 2590 1064 2640 Nem.
1102 2590 1158 2650 8,
1198 2589 1287 2675 37³
1324 2585 1548 2676 χρυσὸν
1581 2583 1680 2642 εὔ-

636 2679 857 2724 χονται,
894 2661 1088 2714 πεδίον
1120 2662 1168 2713 δ’
1204 2656 1389 2729 ἕτεροι
1415 2659 1679 2737 Ἀπέραν-

636 2753 754 2789 τον.
779 2734 889 2805 ἐγώ
913 2737 960 2788 δ’
984 2732 1187 2802 ἀστοῖς
1208 2732 1363 2789 ἁδὼν
1384 2741 1485 2791 καὶ
1504 2741 1680 2801 χθονὶ

636 2819 771 2880 γυῖα
813 2809 1135 2879 καλύψαιμ
1182 2812 1397 2866 Αινέων
1442 2812 1675 2880 αἰνητά,

634 2884 884 2954 μομφὰν
924 2886 970 2937 δ’
1019 2888 1360 2960 ἐπισπείρων
1403 2884 1675 2961 ἀλιτροῖς.

636 2963 883 3014 Similiter
906 2965 1209 3028 Propertius
1232 2964 1300 3015 de
1328 2965 1565 3029 Apolline
1588 2966 1681 3016 de-

636 3038 810 3088 dicato
844 3037 903 3097 4,
949 3038 1007 3098 6,
1056 3038 1113 3087 ⁴:
1166 3039 1333 3089 Sacra
1368 3040 1493 3103 facit
1521 3044 1675 3090 vates.

641 3139 696 3149 —-
749 3111 918 3163 Nolim
973 3113 1306 3176 interpretari
1357 3114 1425 3165 de
1475 3116 1680 3179 privata

636 3186 910 3248 libatione,
948 3186 1046 3237 sed
1079 3188 1132 3238 in
1165 3189 1357 3240 aedem
1392 3187 1681 3241 Palatinam

637 3262 760 3312 ante
810 3260 1061 3326 Apollinis
1112 3262 1454 3315 simulacrum
1498 3267 1679 3315 mente

639 3349 698 3387 se
732 3336 871 3387 sistit
900 3338 1076 3399 poeta.

704 3413 751 3462 4.
787 3411 1064 3462 Dedicatur
1096 3410 1229 3464 deus
1252 3413 1392 3477 ipse,
1429 3414 1516 3464 cui
1543 3427 1678 3464 nova

637 3486 803 3538 aedes
849 3487 1212 3537 consecratur.
1260 3488 1366 3537 Cic.
1406 3487 1473 3539 de
1519 3490 1580 3539 N.
1614 3490 1677 3540 D.

636 3564 696 3624 2,
733 3562 826 3613 23:
872 3562 1126 3622 utffidos,
1172 3562 1426 3623 mum,
1465 3565 1682 3624 qua-sin

636 3639 878 3700 Capitolio
926 3637 1179 3687 dedicatas
1223 3638 1458 3688 vidcmm.
1527 3637 1674 3688 ovid.

638 3714 771 3763 Fast.
810 3713 866 3774 6,
905 3712 1026 3763 637:
1068 3712 1129 3762 Te
1162 3724 1356 3773 quoque
1385 3712 1676 3776 utamifica,

637 3787 942 3848 Concordia,
997 3787 1197 3837 dedicat
1241 3788 1363 3837 node
1408 3787 1570 3838 Livia.
1622 3814 1676 3824 —

635 3862 923 3926 Apollinem]
960 3860 1143 3926 Apollo
1177 3861 1441 3912 Palatinus
1475 3862 1678 3926 Scopae

636 3936 797 3997 Parii,
849 3934 1159 3986 nobilissimi
1194 3933 1501 4000 sculptoris,
1551 3936 1680 3985 Pra-

636 4009 806 4060 xitelis
839 4007 1059 4072 aemuli,
1103 4011 1219 4060 erat
1250 4022 1385 4075 opus
1419 4007 1487 4059 ab
1523 4009 1680 4059 Octa-

636 4086 791 4135 viano
826 4086 1046 4134 Romam
1081 4099 1147 4134 ex
1170 4086 1388 4136 Graecia
1414 4087 1683 4148 transpor-

638 4161 823 4210 tatum.
862 4158 989 4210 Plin.
1016 4159 1106 4220 36,
1144 4161 1204 4221 5,
1242 4160 1289 4212 4.
1327 4161 1405 4211 De
1429 4172 1535 4222 quo
1559 4162 1683 4210 Pro-

638 4236 837 4300 pertius
887 4235 945 4296 2,
984 4234 1073 4295 34,
1126 4235 1203 4284 44.
1263 4232 1496 4294 Hertzb.,
1540 4246 1678 4296 quae

1749 1618 1939 1667 Deinde
1983 1619 2114 1667 inter
2156 1623 2372 1668 manem
2411 1620 2531 1668 deus
2567 1619 2672 1681 ipse
2711 1620 2794 1668 in-

1748 1696 1919 1755 terquo
1949 1706 2172 1743 sororem
2200 1693 2404 1754 1²me
2434 1694 2489 1743 in
2510 1693 2664 1757 longa
2680 1706 2796 1743 car·

1747 1767 1890 1816 mim
1922 1771 2051 1817 veste
2081 1772 2242 1816 sonat.
2282 1767 2408 1817 Erat
2439 1769 2636 1818 Latona
2665 1771 2795 1818 Pra-

1749 1840 1946 1902 xitelis,
1984 1840 2168 1906 Apollo
2203 1840 2541 1893 citharoedus
2569 1842 2791 1906 Scopae,

1752 1917 1916 1966 Diana
1950 1917 2224 1967 Timothei.

1814 2009 1862 2058 2.
1909 2009 2108 2074 novmn]
2147 2008 2282 2059 Vino
2316 2009 2593 2060 hornotino
2626 2006 2793 2058 libare

1750 2083 2018 2143 solebant,
2056 2086 2115 2134 ut
2147 2082 2242 2134 Od.
2281 2083 2338 2146 3,
2384 2084 2476 2147 23,
2526 2084 2580 2135 3:
2634 2084 2797 2133 homa

1745 2158 1893 2222 παρα
1921 2160 2079 2210 Lares
2092 2159 2319 2220 placare.
2345 2160 2556 2209 Petron.
2584 2159 2640 2209 C.
2669 2157 2792 2207 ⁴30:

1749 2233 2013 2297 Sptnnabit
2036 2234 2231 2296 pateris
2251 2234 2438 2283 homas
2457 2233 2636 2295 liquor.
2679 2232 2790 2294 (Od.

1753 2310 1811 2370 4,
1851 2308 1937 2367 49,
1977 2308 2067 2359 ⁴5:
2114 2308 2484 2371 binni-patera
2513 2307 2682 2370 nter-i.)

1817 2401 1865 2451 3.
1913 2401 2109 2463 opimae
2133 2427 2162 2438 —
2183 2427 2210 2437 -
2230 2401 2437 2466 feraces]
2490 2401 2565 2452 Ex
2609 2400 2796 2449 aucto-

1753 2478 1905 2528 ritate
1946 2475 2113 2528 Codd.
2152 2476 2426 2540 antiquiss.
2466 2473 2696 2526 Oberlini
2734 2476 2793 2536 B,

1752 2550 2140 2615 vanderburgil
2172 2553 2226 2602 et
2263 2563 2510 2601 meorum
2544 2551 2679 2601 haec
2717 2548 2798 2600 le·

1754 2627 1859 2677 ctio
1912 2628 2148 2691 praestat
2206 2624 2389 2676 alteri:
2460 2625 2654 2688 opimas
2695 2652 2725 2663 -
2771 2651 2798 2660 ·

1748 2702 1946 2764 feracis.
2000 2701 2359 2763 Quaecunque
2410 2701 2593 2750 contra
2627 2698 2794 2750 Codd.

1755 2776 1931 2826 afferri
1953 2777 2202 2839 possunt,
2241 2787 2469 2839 operose
2492 2775 2654 2837 atque
2680 2787 2799 2824 eru—

1755 2851 1862 2901 dite
1913 2851 2156 2915 exposuit
2205 2848 2443 2908 Liibker;
2502 2847 2601 2900 sed
2652 2848 2794 2911 quod

1754 2925 1882 2975 dicit
1925 2937 1975 2974 v.
2022 2925 2217 2987 opimus
2264 2924 2528 2974 ἐπίθετον
2579 2922 2796 2986 quidem

1754 3013 1876 3052 esse
1909 3011 2070 3064 posse
2104 2997 2430 3063 singularum
2461 2996 2703 3059 urbium,
2740 3001 2800 3047 ut

1751 3074 2013 3135 Larissae,
2077 3076 2135 3123 ut
2193 3074 2421 3136 Capuae,
2486 3073 2795 3137 neutiquam

1753 3162 1883 3199 vero
1917 3149 2076 3200 totius
2099 3148 2325 3210 insulae,
2363 3147 2418 3198 id
2442 3147 2670 3198 concidit
2691 3160 2797 3197 uno

1753 3222 2014 3275 versiculo
2062 3222 2345 3287 virgiliano
2394 3225 2523 3273 Aen.
2565 3222 2622 3281 4,
2671 3223 2794 3271 62⁴:

1752 3299 1974 3362 opimam
1995 3298 2230 3361 Cyprum.
2267 3299 2378 3349 Nec
2411 3297 2479 3349 de
2504 3294 2640 3347 urbe
2663 3296 2795 3361 ipsa.

1754 3373 1852 3425 sed
1884 3373 1951 3425 de
1986 3376 2095 3423 toto
2130 3375 2301 3423 tractu
2332 3372 2505 3422 vicino
2538 3370 2668 3421 dixit
2699 3369 2792 3420 Od.

1755 3449 1812 3510 4,
1857 3448 1915 3508 7,
1967 3447 2057 3497 44τ
2109 3448 2316 3498 Larissa
2358 3446 2542 3509 opima.
2589 3443 2684 3495 od.
2731 3444 2796 3503 2,

1755 3523 1836 3583 42,
1861 3523 1951 3572 22:
1973 3521 2178 3584 pinquis
2196 3521 2443 3584 Pm-yyiao
2463 3532 2593 3582 opes.
2623 3520 2794 3582 (Sane,

1754 3597 1798 3648 si
1832 3595 1967 3647 fides
2001 3594 2261 3656 collatori,
2311 3593 2543 3646 Oberlini
2577 3596 2636 3644 Α.
2675 3594 2792 3643 Sec.

1752 3672 1813 3722 X.
1854 3669 2018 3721 habet
2050 3669 2285 3734 opimas.)

1819 3765 1868 3817 4.
1938 3764 2190 3829 segetibus
2239 3762 2487 3813 tribuitur
2537 3760 2801 3813 ἐπίθετον

1752 3840 1961 3904 feraces,
1999 3836 2142 3902 quod
2177 3838 2390 3903 proprie
2425 3848 2674 3901 agrorum
2697 3838 2795 3886 est.

1753 3911 1936 3964 Tibull.
1976 3914 2034 3972 4,
2081 3913 2139 3974 3,
2186 3907 2275 3962 64;
2327 3910 2443 3961 Fert
2475 3912 2669 3961 casiam
2699 3923 2800 3959 non

1752 3989 1888 4039 culta
1931 4001 2081 4052 sepes.
2139 3984 2366 4037 Siciliam
2412 3989 2467 4036 et
2507 3985 2800 4037 Sardiniam

1753 4063 2125 4128 bmiqnissimas
2166 4061 2304 4111 urbis
2355 4063 2541 4111 Romae
2587 4060 2803 4111 nutrices

1753 4141 1908 4189 vocat
1939 4135 2052 4188 Val.
2089 4138 2223 4188 Max.
2261 4137 2310 4197 7,
2349 4136 2409 4196 6,
2449 4137 2496 4185 4.

1821 4234 1867 4281 5.
1908 4232 2181 4297 aestuosae]
2220 4229 2385 4282 «solis
2420 4228 2611 4281 ardore
2646 4226 2803 4277 torri-
