3234 4975
643 352 767 415 570

1411 354 1666 403 uoRATu
1702 354 2039 429 CARMINUM

1353 917 2070 979 cmm

729 1086 1060 1173 Diffugere
1107 1087 1318 1163 nives,
1367 1085 1643 1151 redeunt
1686 1086 1813 1152 iam
1857 1086 2143 1174 gramina
2186 1087 2431 1174 campis

974 1206 1461 1294 Arboribusque
1506 1227 1768 1284 comae3

767 1414 874 1462 Vll.
912 1415 1076 1464 Inscr.
1114 1412 1255 1476 volg.
1292 1414 1369 1463 Aa
1404 1413 1731 1476 Torquatum,
1770 1416 1824 1463 et
1856 1415 1932 1464 sic
1965 1427 2012 1463 c.
2045 1443 2098 1449 —
2132 1413 2209 1463 Ad
2239 1414 2487 1464 Manlium
2524 1414 2744 1475 Torqua-

706 1493 812 1537 tum
845 1487 940 1538 Bb.
984 1515 1040 1524 —-
1077 1488 1192 1537 Om.
1230 1488 1286 1536 T.

701 1674 808 1723 Vll.
848 1674 1000 1722 Hunc
1037 1673 1392 1735 Torquatum,
1430 1671 1499 1721 ad
1521 1684 1686 1735 quem

638 1749 723 1797 est
745 1748 905 1796 etiam
916 1746 1079 1809 Epist.
1107 1746 1155 1802 4,
1180 1747 1229 1795 ὅ.
1250 1783 1262 1805 ,
1282 1744 1521 1810 plerique
1544 1757 1687 1795 nunc

639 1820 841 1871 habent
880 1833 978 1884 pro
1013 1822 1208 1883 nepote
1243 1822 1299 1870 L.
1337 1819 1510 1871 Manlii
1554 1820 1686 1869 Tor-

637 1897 813 1959 quati,
867 1907 974 1957 quo
1031 1893 1249 1945 consule
1294 1908 1342 1944 a.
1379 1907 1433 1944 u.
1471 1907 1518 1944 c.
1565 1894 1681 1944 689.

640 1973 795 2020 natus
838 1973 921 2020 est
960 1970 1231 2019 Horatius:
1291 1966 1525 2018 nonnulli
1558 1966 1684 2018 olim

639 2057 739 2108 pro
773 2041 1005 2094 consulis
1039 2042 1171 2103 filio,
1221 2043 1310 2105 qui
1348 2047 1526 2093 tamen
1560 2044 1684 2092 ante

637 2131 684 2168 a.
723 2132 776 2167 u.
822 2130 871 2167 c.
918 2117 1032 2166 709.
1094 2117 1220 2181 (Cic.
1274 2119 1418 2168 Brut.
1471 2117 1572 2179 76.)
1632 2117 1683 2167 ἰιι

636 2192 809 2242 Africa
870 2192 1081 2241 interiit.
1164 2188 1318 2254 (Bell.
1367 2191 1524 2241 Afric.
1567 2190 1681 2252 96.)

636 2266 836 2315 Verum
870 2279 997 2316 cum
1030 2266 1098 2315 de
1132 2267 1187 2316 L.
1225 2264 1399 2316 Manlii
1434 2266 1682 2327 Torquati

636 2342 832 2404 nepote
882 2338 1007 2390 nihil
1054 2341 1271 2390 omnino
1311 2342 1545 2400 constet,
1598 2338 1684 2389 alii

636 2414 865 2480 amplexi
898 2418 1021 2466 sunt
1060 2414 1271 2467 Marcilii
1307 2418 1361 2465 et
1392 2415 1684 2465 Weicherti

637 2492 1032 2551 coniecturam,
1093 2490 1377 2555 probatam
1432 2491 1592 2541 etiam
1651 2503 1681 2539 a

639 2566 857 2616 Frankio
879 2604 892 2627 ,
929 2563 1323 2627 intelligendum
1360 2577 1481 2615 esse
1518 2565 1576 2613 C.
1613 2565 1683 2627 (in

638 2641 803 2690 Fastis
873 2637 1211 2703 Capitolinis:
1290 2638 1384 2701 Q.)
1453 2639 1681 2688 Nonium

634 2717 1012 2780 Asprenatem,
1051 2712 1327 2764 consulem
1359 2715 1546 2777 postea
1578 2711 1686 2762 sui-

636 2789 836 2839 fectum
870 2802 919 2838 a.
944 2802 999 2838 u.
1026 2802 1075 2838 c.
1102 2787 1214 2839 748.
1241 2825 1253 2849 ‚
1302 2786 1370 2838 de
1406 2800 1512 2851 quo
1546 2786 1682 2835 Sue-

636 2866 745 2913 ton.
781 2864 894 2912 Oct.
929 2862 1028 2914 43:
1075 2863 1135 2912 In
1175 2863 1361 2913 Troiae
1395 2862 1588 2912 ludicro
1624 2862 1676 2912 C.

635 2938 858 3000 Nonjum
900 2936 1223 2998 Asprenatem
1262 2937 1409 2999 lapsu
1452 2936 1683 2986 debitita-

637 3016 744 3060 tum
776 3023 933 3059 aureo
966 3015 1143 3072 torque
1176 3011 1383 3060 donavit
1406 3023 1683 3073 passusque

636 3091 707 3135 est
738 3086 902 3146 ipsum
926 3088 1246 3146 posterosque
1281 3085 1519 3146 Torquati
1548 3085 1684 3148 fem-e

635 3171 921 3222 cognomen.
966 3159 1140 3221 Atque
1165 3159 1279 3208 sine
1315 3172 1475 3209 causa
1509 3172 1683 3223 nuper

636 3232 854 3298 quidam
878 3231 1151 3282 contendit
1182 3233 1403 3284 huiusce
1426 3235 1552 3295 viri,
1589 3236 1683 3297 qui

636 3312 818 3359 tamen
843 3305 1026 3357 consul
1051 3307 1221 3357 factus
1245 3310 1353 3368 est,
1390 3322 1546 3372 genus
1575 3321 1681 3358 non

632 3384 871 3447 potuisse
897 3379 1175 3431 celebrari.
1204 3381 1270 3444 (v.
1290 3382 1392 3446 23.)
1430 3384 1683 3434 Ceterum

634 3458 684 3506 in
737 3471 795 3506 re
848 3458 957 3506 tam
1008 3456 1209 3506 incerta
1266 3456 1411 3506 haud
1466 3459 1682 3508 omnino

634 3529 876 3595 displicet
909 3531 1246 3592 coniectura,
1300 3543 1463 3594 quam
1510 3545 1684 3596 nuper

633 3606 913 3670 proposuit
955 3606 1103 3656 Estre
1150 3607 1270 3655 Hor.
1318 3608 1401 3656 Pr.
1444 3618 1497 3667 p.
1541 3606 1678 3667 497„

633 3693 756 3731 esse
789 3680 933 3730 hunc
954 3679 1147 3730 Aulum
1169 3679 1314 3730 illum
1336 3681 1679 3743 Torquatum,

633 3755 702 3805 de
747 3767 854 3818 quo
898 3756 1058 3805 Corn.
1106 3756 1240 3817 Nep.
1282 3755 1387 3804 Att.
1429 3755 1524 3803 ⁴⁴:
1587 3755 1683 3815 Qui

632 3829 785 3879 etiam
828 3832 939 3891 post
980 3828 1229 3890 proelium
1276 3828 1580 3890 Philippense
1599 3854 1629 3864 -
1652 3854 1680 3865 -

631 3903 689 3953 A.
731 3904 1035 3964 Torquatum
1083 3907 1363 3964 ceterosque
1401 3903 1522 3964 pari
1568 3902 1681 3966 for-

633 3984 759 4028 tuna
774 3978 1030 4038 perculsos
1050 3978 1317 4027 instituerit
1338 3978 1493 4036 tueri,
1531 3982 1683 4039 atque

634 4067 701 4102 ex
732 4052 889 4113 Epiro
937 4052 1012 4100 his
1060 4053 1230 4100 omma
1280 4052 1681 4101 Samothraciam

635 4126 926 4188 simper-tari
969 4125 1182 4174 iusserit.
1256 4126 1361 4174 Nisi
1408 4126 1542 4175 forte
1576 4125 1678 4176 ob-

634 4202 739 4253 stat
780 4202 953 4258 aetas;
1017 4212 1174 4260 nam,
1230 4201 1275 4250 si
1315 4199 1401 4249 vel
1446 4200 1676 4250 maxime

1760 1671 1813 1720 in
1848 1671 1985 1722 vivis
2018 1671 2114 1722 suit
2146 1672 2206 1721 A.
2245 1672 2331 1721 hic
2357 1673 2653 1735 Torquatus
2686 1675 2809 1737 post

1761 1758 1809 1794 a.
1847 1745 1961 1795 730.
1987 1783 1999 1806 ,
2047 1746 2092 1795 si
2125 1756 2232 1795 non
2266 1745 2559 1796 admodum
2593 1746 2808 1809 grandis

1760 1820 1911 1880 natu,
1971 1820 2152 1869 tamen
2200 1819 2307 1870 iam
2357 1822 2532 1870 aetate
2581 1822 2652 1871 ita
2687 1833 2809 1884 pro-

1757 1894 1946 1942 vectus
1980 1905 2102 1942 esse
2137 1891 2406 1953 debebat,
2449 1895 2510 1943 ut
2551 1895 2690 1944 inter
2720 1908 2807 1945 so-

1760 1966 1908 2018 dales
1961 1968 2158 2017 Horatii
2208 1969 2296 2017 vix
2337 1966 2516 2018 locum
2557 1969 2802 2020 haberet.

1763 2068 1818 2078 —
1843 2040 1970 2091 Inde
2006 2039 2151 2104 quod
2191 2042 2280 2091 hic
2313 2054 2554 2105 quoque,
2589 2046 2650 2093 ut
2679 2057 2805 2094 sae-

1758 2116 2003 2178 pissime,
2047 2114 2254 2166 laetum
2293 2117 2430 2166 vitae
2469 2129 2626 2168 usum
2660 2131 2808 2168 com-

1757 2189 1974 2239 mendat
2022 2191 2195 2240 amico
2218 2228 2230 2251 ,
2299 2202 2640 2254 nequaquam
2685 2204 2807 2255 pro-

1758 2263 1896 2314 fecto
1959 2277 2085 2314 cum
2142 2262 2474 2315 scholasticis
2540 2264 2803 2317 nonnullis

1758 2337 2111 2401 colligendum
2152 2341 2237 2388 est
2279 2339 2438 2389 nimia
2474 2339 2636 2390 fuisse
2670 2341 2802 2390 Tor-

1758 2416 1981 2474 quatum
2013 2413 2335 2474 parsimonia
2369 2414 2530 2476 atque
2564 2414 2798 2464 avaritia.

1757 2487 1967 2536 Minime
2002 2488 2146 2557 enim
2180 2488 2479 2547 urbanitas,
2516 2501 2680 2551 quam
2703 2490 2806 2539 Ho-

1758 2561 1922 2610 ratius
1956 2562 2195 2611 omnium
2228 2563 2428 2625 optime
2453 2560 2711 2622 callebat,
2747 2562 2802 2612 id

1758 2635 2139 2695 concessisset,
2193 2637 2252 2684 ut
2291 2637 2468 2685 virum
2507 2634 2796 2697 illustrem,

1757 2696 1857 2759 sibi
1892 2707 2241 2770 benevolum,
2279 2723 2380 2761 nec
2407 2713 2586 2760 tamen
2619 2713 2800 2763 intima

1755 2782 1839 2832 illa
1889 2783 2118 2832 amicitia
2180 2796 2368 2833 secum
2422 2785 2761 2836 coniunctum
2785 2824 2797 2841 .

1755 2870 1894 2920 quae
1925 2860 2115 2921 poetae
2148 2857 2515 2908 intercedebat
2545 2872 2667 2909 cum
2690 2861 2803 2910 Vir·

1755 2930 1904 2994 gilio,
1941 2932 2129 2992 Vario,
2165 2932 2498 2994 Maecenate,
2542 2935 2657 2984 sine
2695 2933 2798 2984 ulla

1756 3005 2076 3056 necessitate
2094 3003 2358 3066 laederet,
2380 3019 2506 3057 cum
2522 3008 2644 3058 vitia
2662 3008 2795 3068 eius,

1755 3080 1801 3130 si
1832 3077 1919 3130 vel
1944 3081 2173 3130 maxime
2196 3077 2382 3142 vellet,
2419 3081 2599 3144 viginti
2629 3082 2796 3142 hisce,

1755 3155 1964 3217 triginta
2026 3153 2283 3218 epistolae
2345 3153 2481 3206 illius
2524 3155 2800 3206 versiculis

1755 3229 2020 3291 corrigere
2045 3242 2150 3278 non
2170 3231 2372 3292 posset,
2403 3230 2667 3293 siquidem
2689 3228 2802 3280 lon-

1755 3317 1819 3365 ge
1851 3302 1962 3354 aliis
1993 3303 2251 3353 machinis
2281 3315 2416 3366 opus
2440 3307 2525 3354 est
2545 3303 2613 3354 ad
2646 3318 2799 3354 «era-

1755 3377 1932 3427 denda
1981 3379 2132 3441 pravi
2182 3377 2444 3442 cupidinis
2480 3377 2796 3428 elementa.»

1755 3452 1925 3501 Immo
1982 3451 2265 3515 utrobique
2327 3449 2576 3502 liberales
2631 3453 2798 3514 ipsius

1754 3526 2002 3588 Torquati
2043 3538 2234 3576 sensus
2277 3524 2441 3575 multa
2476 3538 2602 3575 cum
2633 3538 2798 3575 venu-

1753 3600 1889 3648 state
1913 3601 2201 3662 expressit,
2242 3601 2476 3650 «circum
2498 3600 2614 3649 eius
2637 3612 2797 3663 prae-

1755 3673 1936 3722 cordia
1971 3672 2212 3724 ludens.»
2251 3700 2307 3709 —
2351 3673 2626 3737 Temporis
2658 3672 2797 3722 indi-

1754 3747 1837 3796 cio
1898 3747 2001 3797 hoc
2065 3759 2283 3797 carmen
2343 3760 2564 3811 prorsus
2614 3747 2791 3802 caret;

1754 3822 2039 3872 Grotesend
2072 3822 2236 3872 refert
2267 3822 2334 3871 ad
2370 3834 2417 3871 a.
2456 3822 2568 3871 738.

1820 3896 1981 3947 ⁴-4,
2051 3897 2310 3960 Dinia-gere
2361 3895 2522 3960 nives]
2584 3894 2679 3944 Od.
2733 3894 2791 3955 t,

1756 3974 1844 4030 ⁴2,
1884 3972 1949 4021 3:
1984 3985 2072 4021 nec
2119 3972 2261 4036 fluvii
2306 3974 2531 4031 strepunt
2576 3968 2797 4018 Hiberna

1753 4050 1863 4098 nive
1899 4048 2105 4112 tumidi.
2139 4075 2191 4082 —
2219 4047 2420 4108 comae]
2455 4045 2561 4095 Cfr.
2598 4043 2693 4094 Od.
2733 4044 2790 4103 ⁴,

1751 4124 1832 4184 2⁴,
1859 4125 1906 4172 5.
1935 4122 1991 4180 t,
2018 4123 2077 4180 3,
2112 4123 2192 4172 44.
2222 4148 2268 4158 -
2301 4116 2791 4180 Mutatterravices]

1751 4198 1953 4248 dictum
1990 4198 2074 4246 est
2107 4195 2219 4246 iere
2255 4197 2314 4244 ut
2362 4190 2542 4244 πόνον
2575 4196 2787 4254 πονεῖν,
