3234 4975
617 381 641 446 ‘i
656 383 737 444 50

1377 375 1633 425 HORATII
1671 372 2009 423 CARMINUM

1119 533 1420 607 Volnere,
1469 550 1600 618 qua
1644 536 1869 616 pereat
1911 526 2154 613 sagitta.

954 694 1176 759 Cessat
1220 688 1561 755 voluntas?
1625 687 1765 751 Non
1808 684 1932 751 alia
1975 682 2192 750 bibam

950 812 1268 879 Mercede.

1032 936 1169 1000 Non
1214 929 1679 999 erubescendis
1724 928 1934 995 adurit

1358 811 1542 889 Quae
1587 818 1650 874 te
1697 826 1954 893 cunque
2000 804 2218 869 domat
2261 805 2492 875 Venus,

1122 1053 1381 1141 Ignibus
1426 1053 1836 1139 ingenuoque
1882 1068 2141 1135 semper

954 1218 1185 1279 Amore
1230 1231 1484 1299 peccas,

1575 1206 1906 1294 Quidquid
1951 1205 2184 1279 haheS‚
2235 1226 2354 1290 age
2372 1256 2383 1275 ,

954 1336 1222 1421 Depone
1269 1332 1418 1398 tutis
1463 1329 1746 1396 auribus.
1836 1327 1929 1393 Ah
1974 1327 2199 1399 miser,

752 1563 830 1611 43.
867 1562 1096 1622 voluptas
1127 1558 1301 1618 BSTc,
1345 1570 1482 1606 corr.
1521 1556 1576 1614 b,
1612 1553 1744 1620 βγκ.

1788 1581 1841 1589 -
1883 1552 1961 1601 46.
1999 1552 2313 1614 ingenuoque
2346 1551 2400 1598 Τ.
2444 1577 2498 1584 -
2538 1550 2615 1599 48.
2654 1551 2719 1598 ha

683 1636 835 1684 miser
876 1634 976 1693 hS,
1031 1647 1079 1682 a.
1118 1633 1269 1681 miser
1314 1630 1422 1692 (sic)
1460 1631 1525 1689 T,
1577 1628 1677 1676 hah
1714 1629 1866 1676 miser
1900 1640 1945 1673 c.

622 1834 901 1926 ἄκρατον,
939 1831 1169 1898 ’Ώτινος
1214 1829 1367 1901 ἤθελ’
1401 1825 1662 1894 ἕκαστος.
1741 1831 1865 1880 Her.
1904 1830 1997 1889 42,
2039 1828 2160 1879 480;
2197 1829 2406 1877 ardores
2424 1829 2585 1877 vincet
2606 1828 2789 1877 adtexta

622 1909 737 1965 ἔδει
790 1910 975 1977 μόνον
1037 1904 1239 1972 ὥτινος
1297 1903 1492 1972 ειπῆν·
1573 1904 1667 1955 ubi

623 1986 828 2038 Schol.:
876 1978 1027 2037 οὕτω
1061 1981 1172 2057 γὰρ
1204 1978 1448 2035 εἰώθασι
1482 1985 1669 2031 ποιεῖν

623 2061 687 2113 ἐν
759 2066 884 2124 τοῖς
956 2060 1345 2125 συμποσίοις,
1412 2050 1668 2127 ἄκρατον

626 2134 944 2202 λαμβάνειν
997 2135 1098 2185 καὶ
1153 2128 1458 2200 ὀνομάζειν
1509 2126 1670 2192 τινὰς

628 2212 953 2296 ἐρωμένους
991 2204 1035 2275 ἦ
1074 2208 1283 2271 φίλους
1320 2208 1419 2257 καὶ
1451 2205 1670 2265 ἐπιχεῖν

624 2283 698 2372 τῇ
739 2283 813 2356 γῇ
854 2285 954 2335 καὶ
996 2283 1357 2350 φθέγγεσθαι
1387 2275 1502 2332 τῶν
1534 2277 1671 2342 φιλ-

627 2357 815 2411 τάτων
846 2356 919 2409 τὰ
954 2353 1235 2424 ὀνόματα.
1264 2355 1450 2408 Catuli.
1490 2356 1546 2417 6,
1587 2356 1667 2405 45.

629 2434 699 2486 ad
741 2433 1001 2487 Flavium:
1049 2433 1348 2496 -qui'cquid
1379 2431 1527 2480 habes
1558 2429 1673 2478 bom·

627 2511 847 2574 vialique
885 2511 983 2560 Dic
1013 2509 1167 2559 nobis.
1243 2508 1358 2558 Volo
1392 2512 1438 2557 te
1469 2519 1533 2555 ac
1564 2510 1675 2554 tuos

577 2611 582 2616 -
628 2597 824 2635 amores
885 2584 962 2634 Ad
1022 2583 1215 2634 caelum
1277 2582 1438 2644 lepido
1489 2592 1676 2630 vocare

625 2673 790 2709 versu.
847 2657 1070 2711 Martini.
1109 2658 1164 2719 4,
1213 2658 1303 2706 72:
1357 2655 1554 2705 Naevia
1584 2663 1675 2703 sex

627 2734 818 2795 cyathis
831 2769 843 2793 ,
878 2738 1062 2795 septem
1093 2732 1284 2781 Iustina
1323 2730 1537 2779 bibatur.

694 2837 774 2886 43.
846 2835 1027 2899 Cessat]
1065 2832 1406 2884 «tardatne‘h
1444 2832 1564 2882 Sine
1599 2832 1677 2880 in-

629 2911 1009 2972 terrogatione:
1072 2908 1205 2958 «hoc
1253 2907 1510 2970 temporis
1555 2917 1677 2953 mo-

630 2986 812 3033 mento
835 2996 938 3032 non
964 2982 1117 3032 adest
1137 2979 1381 3031 voluntas
1398 3018 1409 3040 ‚
1448 2977 1546 3030 sed
1569 2978 1679 3027 for-

632 3061 773 3108 tasse
824 3057 1002 3107 statim
1057 3056 1284 3105 veniet.»
1373 3050 1677 3103 Notandum

631 3132 747 3181 erat
780 3130 901 3180 ideo
919 3169 930 3190 ,
969 3131 1091 3194 quia
1119 3129 1202 3179 alii
1226 3130 1403 3178 minus
1427 3127 1677 3176 accurate

635 3204 986 3268 explicarunt:
1040 3204 1233 3253 «deest
1268 3201 1578 3267 (prorsus).n
1622 3227 1675 3236 —

637 3280 875 3329 Voluntas
922 3279 1100 3328 autem
1156 3275 1535 3336 «confitendi»,
1573 3286 1679 3323 non

636 3353 935 3411 «bibendi»,
973 3354 1033 3401 ut
1067 3351 1484 3414 Porphyrionem
1520 3361 1680 3399 secu-

632 3432 718 3480 tus
741 3427 852 3478 volt
872 3426 1053 3478 Editor
1074 3426 1370 3486 Leidensis,
1410 3424 1500 3488 qui
1527 3436 1684 3487 prae-

635 3508 781 3554 terea
823 3502 1057 3566 praefert
1097 3500 1309 3551 solitum
1343 3499 1679 3550 librariorum

635 3591 874 3629 errorem
906 3578 1154 3638 voluptas.
1230 3576 1465 3625 Voluntas
1499 3574 1681 3623 autem

635 3652 840 3703 «fratris
875 3650 1170 3714 Meginae»,
1217 3663 1324 3698 non
1357 3649 1415 3697 ut
1448 3647 1681 3698 Bosscha

635 3728 1044 3789 interpretatur:
1107 3724 1411 3782 «Horatii»,
1472 3723 1530 3771 ut
1585 3722 1678 3771 sit:

637 3800 935 3850 «Putatisne
960 3813 1047 3849 me
1073 3812 1180 3849 non
1214 3796 1440 3860 amplius
1474 3795 1683 3847 satisfa-

636 3888 760 3924 cere
785 3872 918 3923 velle
946 3872 1152 3937 legibus
1177 3871 1435 3921 convivii?
1470 3871 1681 3922 Minime

636 3961 792 4007 ver03
831 3947 928 3998 sed
963 3961 1068 3997 non
1104 3947 1204 3997 alia
1240 3948 1375 3996 cet.»

706 4050 785 4101 44.
861 4049 1034 4113 Venus]
1083 4049 1258 4112 virgil.
1313 4047 1416 4099 Ecl.
1468 4049 1531 4108 3,
1582 4048 1680 4097 68·

637 4126 795 4175 Parca
825 4139 966 4176 meae
1003 4124 1176 4174 Veneri
1208 4129 1322 4174 sunt
1351 4136 1579 4173 munera.

707 4218 785 4268 45.
813 4217 1000 4280 adurit]
1022 4217 1261 4281 “penitus
1279 4217 1434 4277 urit»,
1456 4218 1512 4265 ut
1531 4214 1680 4264 Ovid

1737 1917 1888 1954 mos,
1958 1905 2016 1952 Ιιι
2051 1903 2151 1952 hac
2184 1916 2244 1952 re
2281 1902 2463 1952 dicunt
2483 1903 2645 1952 etiam
2667 1915 2792 1952 exu-

1740 1992 1854 2028 rere
1902 1977 2087 2028 Tibull.
2126 1977 2183 2036 4,
2236 1978 2294 2038 2,
2348 1979 2398 2027 5.
2437 1979 2491 2027 et
2534 1978 2689 2040 Prop.
2726 1977 2786 2035 2,

1741 2053 1964 2177 234}th
2004 2053 2237 2116 luppiter
2268 2052 2540 2101 utsmnela
2562 2057 2631 2101 est
2651 2064 2791 2101 com-—

1812 2220 1892 2270 46.
1945 2219 2178 2283 inponite]
2215 2219 2476 2281 ingenuae
2523 2217 2787 2275 mulieris,

1744 2308 1849 2345 non
1884 2291 2103 2343 ancillae
2126 2290 2210 2341 vel
2232 2290 2529 2341 libertinae.
2570 2290 2788 2351 «Nobili,

1742 2367 2118 2431 laudandoque
2147 2365 2463 2416 electionem
2486 2366 2624 2428 cogit
2647 2365 2791 2415 illum

1744 2443 1921 2502 fateri,
1949 2454 2111 2506 quam
2142 2438 2371 2504 diligat.»
2395 2442 2567 2490 Aenon
2591 2441 2789 2490 Numi.

1813 2546 1894 2595 47.
1923 2543 2120 2607 peccas]
2156 2545 2419 2605 quatenus
2447 2542 2621 2592 omnis
2643 2554 2796 2591 amor

1746 2619 1907 2670 animi
1951 2620 2033 2667 est
2071 2616 2429 2681 perturbatio;
2485 2618 2537 2666 et
2575 2617 2653 2667 sic
2687 2615 2794 2666 sre—

1749 2695 1976 2758 quenter
2009 2692 2177 2741 Latini
2211 2692 2279 2741 de
2315 2690 2586 2741 amoribus
2609 2704 2660 2739 v,
2680 2703 2797 2752 pec-

1749 2768 1899 2818 candi
1932 2767 2204 2829 usurpant.
2243 2765 2348 2814 Csr.
2386 2765 2482 2815 Od.
2519 2767 2573 2824 4,
2611 2764 2702 2825 33,
2741 2763 2789 2812 9.

1749 2844 1855 2892 Sat.
1896 2844 1952 2902 4,
1989 2842 2046 2900 2,
2086 2840 2165 2890 63.
2204 2841 2287 2888 Sic
2330 2841 2383 2889 in
2417 2840 2604 2889 ancilla
2636 2839 2795 2888 delin-

1750 2929 1900 2979 ρων-ε
1933 2915 2064 2966 Ovid
2099 2916 2217 2965 Am.
2254 2915 2316 2976 2,
2364 2916 2423 2974 8,
2477 2915 2524 2963 9.
2564 2916 2619 2964 et
2652 2912 2795 2976 apud

1751 2991 1865 3042 Tib.
1902 2989 1968 3050 4,
2017 2991 2105 3049 40,
2153 2989 2797 3050 22nomaleineptaca-

1753 3068 1887 3116 dam
1931 3091 1984 3099 —
2028 3063 2278 3113 Chariton
2319 3077 2373 3127 p.
2413 3065 2461 3112 6.
2498 3061 2593 3112 Ed.
2632 3062 2794 3125 Lips.:

1755 3134 1789 3190 ὁ
1838 3137 2095 3224 Χαιρέας
2136 3132 2490 3222 νεωτερικῶν
2533 3130 2797 3204 ἁμαρτη-

1751 3210 1950 3279 μάτων
1984 3206 2093 3262 οῦκ
2126 3225 2379 3282 απειρος.
2411 3238 2465 3247 —-
2494 3213 2801 3271 ‹c-Quaecun

1753 3302 1858 3352 que
1894 3288 2063 3337 amica
2101 3288 2188 3336 tua
2225 3288 2334 3348 est,
2374 3287 2645 3335 insusurra
2670 3285 2798 3334 mihi

1755 3364 1807 3413 in
1841 3375 2029 3411 aurem
2071 3362 2186 3412 eius
2229 3374 2453 3414 nomen:
2507 3373 2605 3422 ego
2645 3373 2799 3408 arca—

1754 3450 1883 3488 num
1908 3439 2057 3486 tuum
2081 3434 2323 3497 religiose
2348 3432 2628 3485 servabo.»
2657 3435 2799 3482 llaec

1755 3513 1898 3562 enim
1931 3523 2059 3559 vera
2094 3523 2158 3559 ac
2192 3507 2349 3558 simul
2382 3506 2535 3570 longe
2568 3505 2803 3564 festivior

1755 3587 1836 3636 est
1869 3584 2260 3648 interpretati03
2298 3595 2403 3631 non
2440 3583 2498 3630 ut
2530 3580 2633 3630 alta
2668 3593 2799 3629 voce

1754 3662 1958 3711 amicae
1983 3671 2178 3708 nomen
2208 3668 2390 3706 coram
2412 3655 2661 3705 omnibus
2684 3668 2805 3719 pro-

1756 3736 1913 3794 ferat,
1952 3736 2011 3784 ut
2045 3732 2128 3783 alii
2166 3730 2366 3781 volunt.

1821 3840 1903 3888 49.
1940 3838 2021 3886 20.
2060 3833 2327 3885 laborabas
2359 3830 2622 3893 Chambdi]
2649 3843 2803 3880 «sau-

1758 3914 1872 3963 cius
1905 3923 2026 3961 eras
2060 3921 2243 3958 amore
2279 3903 2486 3969 puellae
2521 3905 2728 3968 rapacis
2752 3907 2806 3954 et

1758 3998 1999 4045 avarae„
1999 3981 2235 4046 quales
2271 3982 2431 4030 etiam
2456 3980 2655 4029 Comici
2680 3991 2805 4027 cum

1759 4062 2067 4118 Chimaera,
2106 4055 2303 4119 Scylla,
2343 4055 2617 4118 Harpyiis,
2665 4053 2807 4102 Cha-

1760 4133 1916 4199 rybdi
1941 4131 2328 4195 compararant.
2396 4127 2640 4178 Anaxilas
2663 4125 2806 4189 apud

1760 4209 1947 4260 Athen.
1988 4207 2067 4255 43
2105 4219 2157 4269 p.
2185 4204 2307 4255 558:
2348 4196 2544 4264 Ὅστις
2578 4195 2807 4268 ἀνθρώ-
