3234 4975
1251 403 1451 452 LIBER.
1526 405 1721 454 CARM.
1767 405 1870 453 Vll.

2500 405 2623 468 687

1184 684 1898 749 mmm

788 855 956 931 Quo,
1006 872 1136 938 quo
1182 852 1437 918 scelesti
1487 853 1725 919 ruitis?
1771 865 1879 919 aut
1923 876 2039 920 cur
2083 856 2364 921 dexteris

869 974 1177 1057 Aptantur
1221 993 1413 1037 enses
1457 973 1752 1038 conditi?

789 1093 1105 1155 Parumne
1151 1092 1396 1178 campis
1446 1104 1640 1179 atque
1687 1095 1980 1180 Neptuno
2035 1117 2234 1182 super

872 1213 1112 1275 Fusum
1153 1221 1255 1290 est
1298 1211 1500 1276 Latini
1547 1212 1916 1298 sanguinis,

785 1333 953 1406 Non,
1001 1341 1071 1394 ut
1118 1330 1436 1417 superbas
1485 1331 1738 1396 invidae
1785 1332 2189 1420 Karthaginis
2574 1359 2613 1399 o

869 1453 1189 1516 Romanus
1235 1471 1421 1517 arces
1465 1461 1720 1525 ureret,

783 1574 1059 1636 Intactus
1104 1581 1213 1636 aut
1256 1570 1596 1636 Britannus
1642 1580 1711 1636 ut
1760 1569 2191 1646 descenderet

577 1732 681 1780 vu.
723 1732 883 1779 lnscr.
923 1729 1058 1791 volg.
1096 1730 1172 1779 Ad
1197 1731 1444 1779 Romanos
1476 1729 1559 1779 vel
1591 1730 1667 1779 Ad
1692 1729 1938 1791 populum
1959 1731 2255 1781 Romanum,
2289 1759 2341 1767 -
2378 1734 2545 1783 Prinw

507 1806 640 1854 civili
689 1804 810 1854 bello
856 1804 997 1867 finito
1045 1808 1100 1853 ut
1149 1804 1213 1852 ab
1263 1804 1365 1852 alio
1398 1803 1520 1852 bello
1555 1803 1835 1853 abstineant
1866 1805 2163 1866 deprecatur
2195 1807 2234 1855 B
2256 1845 2267 1867 ‚
2314 1807 2441 1856 item
2478 1821 2507 1856 c
2530 1845 2541 1867 ‚

508 1878 627 1929 sed:
663 1884 843 1927 monet.
885 1905 940 1913 —
980 1880 1027 1927 5.
1065 1877 1396 1941 Karthaginis
1427 1877 1615 1941 scripsi
1651 1891 1775 1927 cum
1811 1880 2086 1943 antiquiss.
2127 1881 2183 1928 B.
2226 1909 2278 1916 —
2342 1881 2389 1929 6.
2426 1894 2545 1930 ver-

507 1959 629 2002 teret
661 1952 755 2002 Ed.
795 1953 924 2001 Ven.
968 1951 1111 2002 ⁴48⁴.

507 2093 610 2140 vn.
655 2091 855 2141 Referri
889 2089 1099 2139 videtur
1130 2089 1234 2138 hoc
1267 2102 1490 2138 carmen
1559 2088 1665 2152 pol.
1719 2089 1849 2141 534:
1906 2091 2020 2140 Non
2071 2105 2224 2142 anna
2269 2106 2425 2142 saeva
2471 2094 2612 2143 miles

440 2166 510 2215 ad
560 2165 760 2214 initium
810 2161 934 2212 belli
986 2163 1304 2212 Perusinia.
1343 2175 1396 2211 u.
1436 2175 1481 2211 c.
1559 2162 1769 2222 aptabat
1807 2176 1980 2212 manu.
2024 2191 2078 2200 -·
2115 2166 2328 2227 conditi]
2377 2168 2608 2229 «vaginis

440 2240 553 2288 7⁴3.
575 2239 707 2287 Vide
734 2237 803 2286 ad
819 2236 985 2299 Epod.
1009 2237 1088 2284 46.
1116 2234 1487 2298 Dillenburger

439 2312 695 2374 scriptum
741 2323 861 2359 esse
897 2312 1081 2358 censet
1128 2322 1175 2357 a.
1215 2309 1329 2357 7⁴6.
1387 2307 1484 2358 Alii

439 2385 677 2433 referunt
717 2383 787 2431 ad
831 2382 1035 2431 initium
1069 2381 1287 2431 secundi
1329 2380 1479 2442 belli,

440 2457 583 2522 quod
631 2456 944 2505 Octavianus
989 2467 1113 2505 cum
1148 2457 1212 2507 M.
1259 2456 1483 2506 Antonio

438 2533 601 2593 gessit
634 2545 682 2580 a.
719 2544 773 2579 ιι.
813 2544 860 2579 c.
889 2532 1002 2579 722.
1042 2531 1125 2579 Sic
1148 2532 1326 2579 autem
1352 2543 1482 2579 con-

437 2608 631 2655 tineret
663 2603 805 2653 baud
831 2604 986 2653 nimis
1010 2602 1272 2652 occultam
1294 2616 1484 2666 repre-

437 2679 750 2729 hensionem
796 2678 958 2740 ipsius
997 2678 1157 2726 etiam
1192 2677 1479 2735 Octaviani,

437 2766 598 2817 quam
636 2751 720 2801 illo
755 2754 995 2813 tempore
1037 2752 1120 2799 vix
1157 2751 1482 2799 convenien—

435 2830 545 2877 tem
562 2825 645 2875 vel
663 2824 985 2888 prudentem
1003 2823 1288 2874 iudicasset
1303 2826 1478 2885 poeta.

435 2902 714 2950 Praeterea
764 2899 922 2948 totius
965 2898 1213 2947 carminis
1249 2897 1394 2947 color
1428 2896 1482 2946 et

434 2988 612 3025 sermo
650 2974 830 3022 nescio
866 2971 994 3035 quid
1028 2969 1192 3020 habet
1229 2968 1475 3020 iuvenile.

439 3076 493 3085 -
520 3048 759 3097 Graviter
783 3059 909 3097 suos
934 3047 1077 3096 cives
1099 3046 1338 3108 increpat
1359 3056 1481 3107 pro-

436 3124 556 3184 pter
590 3135 738 3171 arma
765 3119 934 3170 civilia
969 3120 1145 3169 denuo
1179 3120 1410 3180 sumpta.

500 3196 607 3244 4-3.
650 3200 741 3245 aiat
773 3195 882 3257 cur]
921 3193 1334 3257 Cuninghamins
1369 3204 1482 3241 ma-

433 3266 577 3318 lebat
631 3275 676 3319 et
724 3283 842 3327 cur,
898 3269 1042 3331 quod
1093 3270 1239 3318 esset
1287 3279 1480 3330 prosae

434 3341 683 3390 orationis
718 3354 881 3403 quam
928 3341 1323 3401 sedatissimae3
1379 3340 1482 3389 im-

433 3416 711 3476 petuosam
744 3427 844 3463 suo
884 3415 997 3464 iure
1032 3414 1279 3479 praetulit
1302 3417 1477 3478 poeta.

431 3489 599 3537 Nemo
625 3490 804 3537 tamen
828 3486 897 3537 illi
921 3487 1327 3551 obtemperavit,
1356 3501 1480 3537 cum

434 3563 618 3610 contra
653 3560 819 3623 Epod,
857 3562 915 3620 5,
959 3561 1008 3609 3.
1045 3560 1288 3624 plerique
1324 3573 1481 3611 rece-

432 3634 607 3698 perint
640 3638 687 3684 ot
719 3635 840 3695 quid
886 3647 984 3696 pro
1031 3639 1124 3683 aut
1172 3634 1325 3694 quid,
1381 3634 1480 3683 etsi

436 3707 507 3756 ibi
541 3720 755 3771 quoque
791 3707 959 3756 oratio
994 3710 1076 3759 est
1109 3706 1386 3757 turbatior.
1420 3733 1471 3744 -

433 3781 634 3845 scelesti]
670 3780 908 3847 ἐναγεῖς.
948 3779 1043 3830 Od.
1071 3782 1092 3830 4
1116 3818 1127 3840 ,
1164 3782 1225 3840 2,
1261 3781 1350 3830 29:
1390 3781 1483 3831 Cui

434 3855 570 3904 dabit
610 3860 785 3916 partes
828 3855 984 3905 scelus
1014 3855 1259 3917 expiandi
1306 3855 1481 3916 luppi-

433 3928 543 3979 ter?
587 3928 772 3988 Od.1l‚
823 3928 913 3989 35,
951 3928 1032 3978 35.
1089 3928 1184 3977 Od.
1223 3930 1281 3987 2,
1333 3928 1389 3985 l,
1427 3929 1475 3976 ὕ.

439 4031 491 4040 -
526 4003 794 4065 Aptancur]
832 4015 959 4051 «cur
991 4000 1145 4065 gladii
1180 4001 1357 4050 denuo
1382 3999 1480 4049 de-

435 4077 838 4138 stringuntur‘oe»
874 4076 1120 4138 Proprie:
1165 4075 1262 4123 uita
1287 4074 1339 4121 in
1366 4086 1481 4122 ma—

436 4164 535 4201 nus
572 4153 881 4211 sumuntur,
935 4152 995 4198 ut
1039 4148 1105 4198 ad
1158 4149 1293 4197 ictus
1344 4146 1481 4195 inse-

437 4224 631 4275 rendos
666 4222 871 4273 habiles
906 4224 1060 4273 sint.»
1114 4223 1315 4272 Seneca
1353 4222 1484 4283 Hip-

1558 2233 1798 2284 inclusi.·
1821 2239 2013 2285 Aenon.
2045 2237 2181 2300 (post
2205 2238 2463 2301 proelium
2489 2240 2607 2289 Phi-

1557 2306 1797 2371 lippense
1840 2321 1888 2357 a.
1915 2323 1969 2359 u.
1997 2323 2044 2358 c.
2072 2311 2206 2371 7⁴2.)
2253 2338 2308 2348 —·
2343 2313 2605 2373 Neptunus

1555 2379 1867 2444 frequenter
1910 2395 1942 2431 a
1991 2383 2164 2445 poetis
2215 2397 2312 2447 pro
2363 2385 2498 2434 mari
2550 2387 2610 2436 et

1554 2469 1654 2519 pro
1690 2445 1875 2520 ‹iuavis
1909 2469 2045 2520 aqua
2079 2458 2310 2521 ponitur.

1620 2532 1668 2579 ὅ.
1708 2532 1756 2579 6.
1810 2531 1950 2595 Non]
1989 2532 2092 2580 «Et
2126 2531 2346 2595 quidem
2380 2544 2484 2582 non
2522 2533 2606 2582 fu-

1555 2616 1647 2652 sus
1684 2604 1767 2653 est
1800 2606 2013 2665 sanguis
2046 2604 2158 2664 ille,
2195 2606 2256 2654 ut
2288 2607 2427 2655 cet.»
2492 2605 2605 2656 Noli

1555 2690 1718 2728 unam
1772 2676 2058 2741 periodum
2108 2678 2417 2728 continuare
2468 2692 2499 2726 a
2549 2692 2601 2727 v.

1555 2751 1699 2799 t-to.
1729 2776 1785 2786 —
1822 2751 2037 2813 invidae]
2073 2749 2174 2801 Sal.
2204 2752 2316 2802 Cat.
2345 2753 2432 2800 ⁴0:
2465 2752 2607 2801 Kar-

1553 2824 1704 2887 thaqo
1755 2825 1954 2874 aernula
2031 2825 2212 2886 imperi
2259 2825 2489 2875 Romani.
2546 2852 2602 2862 —

1552 2911 1696 2947 arces
1736 2898 1921 2961 ureret]
1979 2901 2068 2948 «ut
2117 2900 2314 2950 iactum
2357 2901 2441 2949 est
2482 2900 2605 2949 ante

1553 2972 1653 3021 hos
1689 2972 1792 3021 CV.
1832 2984 2051 3021 annos.»

1619 3048 1666 3096 7.
1704 3047 1752 3096 8.
1806 3047 2048 3111 Intactas]
2097 3048 2290 3096 «armis
2325 3046 2599 3105 RomaniS,

1552 3121 1607 3170 id
1643 3123 1748 3181 est,
1787 3121 2027 3171 nondum
2060 3120 2447 3185 perdomitus.»
2502 3119 2598 3170 Od.

1553 3193 1611 3254 3,
1640 3192 1728 3255 24,
1769 3195 1825 3243 l:
1896 3195 2152 3244 Intactis·
2178 3194 2438 3244 Thesauris
2474 3193 2605 3243 Ara·-

1552 3268 1684 3318 bum.
1743 3296 1796 3304 -
1852 3269 2174 3331 descenderet]
2227 3269 2335 3318 Cic.
2373 3267 2443 3316 ad
2492 3270 2596 3316 Att.

1551 3341 1608 3403 4,
1650 3343 1702 3393 3:
1762 3355 1876 3393 cum
1910 3344 2075 3392 Sacra
2105 3344 2194 3391 via
2226 3342 2596 3401 descenderem,

1551 3418 1799 3466 insecutus
1821 3422 1891 3465 est
1921 3429 2016 3465 me.
2047 3442 2104 3452 —
2134 3416 2301 3464 «Cum
2325 3428 2354 3462 e
2377 3414 2597 3475 regione

1552 3489 1926 3553 amphitheatri
1960 3488 2142 3547 Flavii,
2181 3489 2317 3536 inter
2338 3483 2599 3547 templum

1552 3564 1701 3612 Pacis
1736 3576 1800 3611 ac
1846 3560 2105 3624 templum
2140 3558 2361 3609 Veneris
2397 3559 2451 3606 et
2496 3558 2601 3607 Ro-

1552 3648 1705 3695 mae,
1765 3634 1857 3684 ubi
1908 3646 2050 3684 nunc
2102 3636 2185 3683 est
2234 3628 2491 3694 templum
2543 3631 2595 3680 S.

1553 3711 1746 3761 Mariae
1790 3721 1989 3768 novae,
2043 3707 2160 3770 quis
2205 3703 2601 3768 ingrediebatur

1551 3784 1768 3832 Sacram
1819 3782 1988 3841 viam,
2047 3779 2238 3830 leniter
2284 3777 2601 3827 descendebat

1551 3868 1722 3918 usque
1758 3853 1827 3903 ad
1866 3851 2122 3916 templum
2146 3851 2355 3901 Antonii
2388 3852 2441 3900 et
2463 3851 2598 3900 Fau-

1551 3930 1750 3987 stinae;
1798 3925 1921 3976 inde
1964 3924 2151 3975 leniter
2184 3937 2371 3975 rursus
2405 3936 2597 3975 ascen-

1551 4000 1715 4051 debat
1750 4013 1921 4063 usque
1946 3999 2015 4048 ad
2038 4011 2222 4048 arcum
2247 3998 2483 4061 Septimii
2505 3999 2596 4046 Se-

1552 4076 1681 4124 veri.
1720 4075 1793 4124 Ex
1815 4075 1967 4135 porta
1984 4070 2303 4135 Triumphali
2328 4084 2426 4135 per
2444 4072 2598 4121 Cam·

1553 4160 1681 4210 pum
1717 4146 1987 4205 Martium,
2024 4144 2341 4206 Velabrum,
2383 4145 2594 4194 Circum

1553 4220 1842 4270 maximum
1886 4220 1941 4269 et
1982 4232 2087 4282 qua
2129 4232 2269 4269 nunc
2314 4219 2395 4267 est
2440 4228 2596 4265 arcus
