3234 4975
1246 406 1362 455 Lm.
1402 407 1439 455 1.

1511 407 1569 455 e.
1608 407 1668 455 n.
2469 404 2548 468 -15

1061 563 1358 648 Aequore
1410 559 1661 626 damae.

812 680 1095 748 Vidimus
1140 680 1377 748 ssavum
1420 680 1698 747 Tiberim
1741 683 1998 747 retortis

814 802 1022 867 Litore
1068 803 1338 868 Etrusco
1380 800 1696 867 violenter
1738 800 1931 867 undis

809 922 909 988 Ire
953 921 1277 988 deiectum
1322 933 1736 988 monumenta
1781 922 1951 1008 regis

1056 1035 1450 1132 Templa'que
1496 1044 1759 1120 Vestae;

816 1163 965 1230 Iliae
1011 1163 1168 1229 dum
1212 1183 1285 1229 se
1330 1163 1597 1228 nimium
1642 1166 1936 1250 querenti

517 1343 595 1391 42.
633 1343 865 1391 damme
895 1340 1101 1391 Bchd.
1146 1370 1198 1377 —
1237 1341 1431 1391 tiberim
1464 1341 1696 1391 rotherti-³
1713 1344 1903 1405 flavum
1938 1343 1992 1392 T.
2026 1370 2074 1377 -·
2112 1346 2189 1393 ⁴5.
2228 1345 2478 1395 disiectum

448 1411 863 1480 Cunin'ghamius
898 1430 964 1466 ex
998 1418 1121 1467 MSS.
1163 1417 1219 1479 (Ῡ)

383 1589 451 1624 ne
501 1576 703 1638 spirare
748 1574 967 1638 quidem
1008 1573 1272 1633 valentes,
1321 1574 1427 1623 iam

382 1649 545 1698 etiam
580 1662 739 1712 supra
774 1651 971 1697 terram
998 1649 1047 1697 in
1073 1647 1427 1698 eminentibus

382 1735 448 1771 ex
483 1735 620 1785 aqua
655 1722 937 1772 arboribus
979 1723 1227 1780 haerent;
1275 1723 1429 1772 deni-

382 1809 489 1859 que
509 1797 718 1856 damae‚
745 1797 1005 1847 domicilia
1025 1811 1119 1848 sua
1144 1811 1268 1846 cum
1289 1797 1429 1860 pho-

383 1872 460 1921 cis
502 1874 869 1934 permutantes
891 1911 902 1931 ,
949 1873 1000 1921 in
1051 1885 1285 1935 aequore
1330 1885 1429 1920 na-

383 1949 546 1995 tant.»

448 2021 528 2070 ⁴3.
562 2020 768 2084 flavum]
807 2034 1067 2086 «semper
1110 2021 1220 2071 tere
1264 2033 1425 2069 arena

382 2092 549 2144 lutosa
585 2096 858 2144 mixtum.»
910 2096 1050 2156 virg.
1089 2099 1218 2145 Aen.
1257 2095 1306 2153 7,
1333 2093 1422 2142 34:

386 2168 636 2217 Tiberinus
673 2170 944 2218 Vorticibus
969 2170 1164 2232 rapidis
1194 2174 1240 2218 et
1270 2169 1431 2217 multa

379 2246 543 2307 flavus
582 2258 758 2293 arena.
831 2272 886 2281 -
947 2244 1150 2294 Tiberis
1190 2242 1428 2293 exunda-

384 2319 550 2367 tiones
585 2332 803 2382 semper
834 2321 885 2369 in
920 2320 1169 2385 prodigiis
1196 2317 1423 2367 habitae.

384 2393 488 2442 Cir.
532 2394 692 2443 Tacit.
739 2396 873 2444 Ann.
920 2396 968 2455 4,
1011 2395 1092 2444 76.
1162 2395 1428 2443 Memora—

383 2466 500 2517 bilis
533 2471 713 2536 autem
745 2468 880 2518 haee
914 2469 1127 2519 Horatio
1163 2467 1280 2517 ideo
1312 2466 1425 2515 visa

385 2546 489 2597 est,
534 2542 705 2605 quod,
755 2546 813 2592 ut
846 2543 1003 2592 tradit
1034 2543 1228 2594 Plinius
1264 2543 1323 2590 H.
1361 2542 1423 2589 N.

384 2617 431 2673 3,
457 2616 513 2665 9:
549 2618 627 2665 hic
650 2619 813 2667 annuis
834 2631 1081 2679 nusquam
1097 2619 1262 2681 ’παρίει
1284 2617 1431 2677 aquis

384 2705 535 2752 quam
565 2693 619 2740 in
652 2692 775 2741 urbe
803 2693 1148 2756 stagnantibus
1176 2696 1315 2741 vates
1347 2692 1428 2739 in-

384 2766 619 2828 tdliqitur
660 2766 830 2827 potius
872 2781 935 2815 ac
982 2766 1229 2828 monitor',
1277 2770 1431 2815 auctu

384 2852 573 2901 semper
610 2840 872 2903 religiosus
907 2842 1076 2890 verius
1124 2854 1277 2903 quam
1316 2853 1430 2888 sao-

381 2928 487 2962 vus.
547 2942 600 2950 —
657 2917 859 2964 retortis
895 2915 1148 2979 violenter]
1195 2916 1428 2964 «Contra

385 2988 612 3037 fluminis
647 2992 891 3039 naturam
915 3003 946 3038 a
968 2991 1101 3039 mari
1135 2992 1428 3039 retrorsum

383 3061 597 3126 pulsis.»
634 3063 695 3112 V.
720 3065 922 3112 retortis
950 3066 1094 3113 vetat
1123 3064 1191 3113 de
1226 3062 1431 3113 Tiberis

384 3138 496 3200 ripa
538 3136 721 3186 dextra
766 3136 1053 3201 explicare3
1101 3149 1428 3201 quamquam

382 3211 497 3259 litus
535 3223 634 3274 pro
674 3212 793 3272 ripa
833 3214 916 3262 est
955 3216 1084 3262 Aen.
1131 3211 1179 3271 3,
1226 3211 1338 3261 389.
1377 3210 1425 3271 8,

384 3284 464 3334 83.
503 3287 559 3333 et
592 3283 734 3334 alibi.
766 3312 821 3321 —
857 3287 1063 3335 sinistra
1097 3288 1277 3336 autem
1312 3286 1364 3334 b.
1393 3284 1426 3334 l.

386 3358 524 3409 nullo
567 3360 727 3409 modo
762 3360 1058 3422 significare
1091 3364 1268 3425 potest
1309 3361 1430 3410 «in-

387 3433 618 3493 fausta»,
666 3436 726 3483 ut
764 3434 875 3483 volt
907 3436 1115 3485 Comm.
1154 3437 1316 3498 Cruq.
1354 3436 1425 3494 et,

383 3510 441 3557 ut
474 3508 699 3569 videtur,
738 3510 898 3558 etiam
934 3509 1161 3559 Liibker.
1202 3537 1257 3545 —
1305 3510 1431 3572 Opi²

383 3583 469 3630 nio
503 3582 637 3631 haec
656 3585 771 3632 erat
792 3587 981 3646 estque
1005 3585 1310 3633 etiamnunc
1331 3596 1431 3646 po—

383 3654 504 3718 pelli
538 3657 783 3716 Romani‚
821 3657 1025 3708 Tiberis
1059 3657 1330 3708 eluviones
1364 3669 1429 3706 ex

386 3743 450 3779 eo
474 3731 613 3791 oriri,
652 3731 797 3794 quod
821 3733 1148 3782 marinorum
1170 3734 1428 3782 fluctuum

385 3806 433 3852 vi
483 3817 514 3853 a
565 3804 714 3854 litore
759 3806 921 3856 maris
963 3808 1167 3857 Etrusci
1211 3808 1323 3857 sive
1359 3806 1427 3855 ab

386 3879 518 4000 gsuo
551 3880 665 3929 eius
700 3892 871 3942 aquae
908 3880 1247 3945 repellantur.
1307 3881 1423 3930 Vid.

423 3965 556 4001 eam.

450 4028 527 4075 ⁴5.
563 4028 803 4077 deioctm
837 4041 933 4077 «ex
968 4029 1326 4079 fundamentis
1349 4029 1428 4079 la-

386 4099 707 4153 beractatum
742 4107 796 4152 et
828 4102 1099 4153 dirutum»
1138 4104 1286 4165 <nont
1323 4106 1427 4154 dis-

387 4175 583 4233 iacum,
637 4176 987 4228 destructum.
1025 4178 1323 4240 Cuningh.).
1368 4205 1421 4213 -

388 4256 701 4300 mmmnevua
748 4251 895 4314 roy-is]
956 4252 1169 4314 Regiam
1222 4253 1424 4300 Numae

1499 1572 1740 1636 Pompilii
1778 1577 1931 1636 (quae
1964 1573 2282 1638 plerumque
2307 1576 2547 1628 absolute

1500 1647 1692 1696 dicitur
1733 1649 1906 1712 Reqia)
1950 1652 2006 1699 et
2047 1650 2305 1713 templum
2356 1653 2547 1702 Vestae

1502 1724 1630 1772 item
1672 1735 1701 1770 a
1736 1724 1906 1773 Numa
1951 1725 2221 1776 conditum
2268 1728 2317 1777 in
2362 1731 2546 1777 octava

1501 1803 1715 1865 regione
1751 1802 1819 1850 ad
1854 1799 2062 1849 radices
2098 1802 2289 1851 montis
2311 1801 2545 1862 Palatini,

1500 1875 1561 1926 ἐν
1594 1872 1673 1944 τῷ
1708 1871 1924 1942 μεταξὺ
1963 1871 2065 1924 τοῦ
2091 1875 2453 1927 Καπιτωλίου
2489 1892 2548 1927 τε

1500 1952 1600 2001 καὶ
1651 1948 1754 2002 τοῦ
1803 1948 2099 1999 Παλατίου
2137 1951 2285 2000 Dion.
2335 1952 2446 2002 Hal.
2494 1954 2544 2010 2,

1501 2027 1582 2075 66.
1656 2027 1810 2089 Reyia
1852 2028 2034 2074 autem
2086 2025 2154 2073 ita
2210 2026 2383 2075 iuncta
2436 2031 2552 2077 erat

1500 2100 1621 2149 aedi
1655 2102 1878 2159 Vestae,
1924 2102 1982 2148 ut
2016 2100 2131 2148 eius
2166 2102 2318 2162 quasi
2353 2103 2546 2151 atrium

1501 2173 1756 2223 efficeret.
1805 2174 1912 2224 le.
1959 2174 2040 2233 26,
2089 2174 2179 2223 27:
2240 2176 2430 2224 atrium
2461 2190 2549 2225 re-

1498 2250 1673 2310 mum,
1733 2250 1788 2296 et
1843 2249 2092 2297 continuo
2147 2250 2292 2297 aedes
2359 2251 2543 2300 Vestae.

1502 2320 1764 2370 Plutarch.
1785 2322 1954 2370 Numa
1969 2321 2055 2371 44:
2080 2315 2384 2387 Ἐδεὶματο
2403 2322 2548 2389 πλη-

1501 2397 1633 2445 σίον
1673 2391 1777 2445 τοῦ
1822 2392 1926 2460 τῆς
1961 2388 2200 2458 Ἑστίας
2245 2394 2399 2466 ἱεροῦ
2442 2395 2549 2463 τὴν

1499 2468 1864 2535 καλουμένην
1899 2464 2143 2536 Ῥηγίαν.
2214 2472 2361 2521 ovid.
2409 2473 2545 2524 Fast.

1497 2546 1548 2607 6,
1587 2546 1709 2594 263:
1747 2546 1839 2593 Hic
1870 2546 2256 2606 ὶοοωοωίρυαε,
2292 2548 2379 2607 qui
2398 2548 2549 2596 susti-

1498 2624 1580 2668 net
1621 2619 1760 2667 atria
1807 2620 1998 2676 Vestae,
2049 2619 2179 2667 Tunc
2221 2626 2330 2667 erat
2369 2622 2550 2669 intonsi

1498 2693 1646 2755 regia
1683 2706 1873 2755 mayna
1913 2694 2124 2741 Numae.
2194 2694 2345 2742 Trist.
2401 2694 2449 2752 3,
2497 2696 2545 2753 4,

1500 2767 1590 2816 30:
1629 2768 1953 2829 royiaparva
1984 2767 2196 2815 Numae.
2242 2768 2455 2817 Servius
2479 2768 2549 2817 ad

1500 2845 1632 2890 Aen.
1671 2840 1719 2897 7,
1759 2840 1878 2888 453:
1943 2840 2192 2901 Templum
2239 2841 2406 2890 Vestae
2449 2856 2550 2892 non

1498 2916 1670 2978 ficerat
1701 2914 1920 2977 augurio
1953 2921 2313 2975 consecratum,
2348 2929 2412 2965 ne
2432 2916 2550 2966 illuc

1501 2989 1785 3038 conveniret
1816 2994 2041 3049 sonam-5,
2082 2989 2167 3038 ubi
2200 2995 2346 3039 orant
2382 2992 2548 3055 Virgi-

1500 3077 1611 3121 nes,·
1655 3076 1777 3111 nam
1815 3062 1936 3112 haec
1974 3064 2146 3126 fuerat
2177 3066 2323 3128 ’τρία
2354 3066 2550 3116 Numae

1497 3137 1740 3198 Pompilii.
1798 3137 2005 3186 Festus:
2063 3139 2345 3189 Rotundam
2377 3141 2549 3189 aedem

1506 3214 1675 3261 Vestae
1706 3212 1876 3260 ana
1908 3214 2215 3262 consecravit
2246 3217 2349 3263 cet.

1568 3287 1648 3335 ⁴7.
1707 3286 1844 3349 Iliae]
1902 3298 1946 3335 s.
2000 3286 2140 3336 Reae
2187 3288 2308 3350 (non
2353 3289 2545 3355 Rheae)

1501 3361 1707 3419 Silviae,
1745 3373 1883 3422 quae
1906 3361 1960 3409 b.
1981 3359 2014 3410 Ι.
2053 3365 2109 3411 et
2141 3363 2284 3426 apud
2302 3361 2548 3412 Claudia-

1501 3447 1631 3484 num
1682 3435 1733 3483 in
1785 3433 1994 3483 Probini
2047 3437 2101 3484 et
2144 3434 2341 3499 Olybrii
2386 3437 2544 3486 Cous.

1500 3510 1614 3557 225.
1679 3506 1897 3569 (Tiberis
1929 3509 2072 3558 Palla
2107 3523 2290 3572 pravas
2320 3510 2551 3559 huneros

1500 3583 1657 3643 velat,
1704 3595 1858 3643 quam
1890 3588 2094 3632 neverat
2135 3597 2271 3632 uror
2301 3584 2399 3631 Ilia
2423 3597 2549 3645 per-

1500 3670 1708 3707 currens
1758 3658 1947 3706 vitreas
2000 3657 2090 3706 sub
2143 3658 2344 3720 yuryito
2406 3659 2548 3722 telas)

1500 3744 1636 3781 uxor
1677 3733 1760 3781 est
1799 3730 2021 3791 Tiberis,
2060 3731 2201 3794 apud
2242 3731 2389 3781 Ovid.
2427 3736 2544 3783 Am.

1501 3807 1549 3866 3,
1588 3808 1637 3865 6,
1674 3805 1756 3856 45.
1815 3807 2047 3857 Anienis.
2106 3807 2272 3856 Docte
2316 3809 2367 3856 in
2409 3809 2461 3858 h.
2509 3807 2542 3857 l.

1502 3882 1894 3930 commentatur
1975 3880 2329 3944 Porphyrion:
2419 3881 2548 3933 «Ilia

1501 3958 1718 4003 auctore
1753 3954 1920 4003 Ennio
1955 3954 2006 4002 in
2053 3967 2268 4005 amnem
2314 3956 2546 4006 Tiberim

1501 4029 1645 4078 iussu
1681 4027 1871 4077 Amulii
1905 4027 2043 4090 regis
2065 4032 2409 4094 praecipitata
2445 4034 2542 4079 est.

1498 4105 1665 4152 Antea
1735 4102 1878 4151 enim
1952 4104 2137 4153 Anieni
2211 4104 2547 4154 matrimonio

1500 4176 1702 4235 iuncta;
1757 4178 1917 4239 atque
1960 4177 2046 4226 hic
2091 4175 2346 4241 loquitur,
2394 4178 2545 4239 quasi

1498 4249 1672 4299 Tiberi
1708 4251 1880 4314 potius
1905 4253 2191 4315 nupserit.»
2240 4252 2453 4300 Servius
2476 4250 2545 4299 ad
