3234 4975
1242 399 1359 447 ΜΒ.
1398 397 1457 446 11.
1528 396 1586 444 C.
1625 394 1731 444 vu.

2502 384 2626 451 249

795 552 922 621 Sed
968 574 1072 619 me
1116 574 1233 640 per
1279 554 1497 619 hostes
1540 548 1898 617 Mercurius
1941 547 2119 613 celer

798 677 1017 741 Denso
1060 684 1403 762 paventem
1449 670 1708 738 sustulit
1750 678 1932 747 a‘ere3

592 911 670 961 43.
705 912 855 960 hostis
884 911 1017 960 BST.

471 1153 524 1162 -
549 1125 783 1190 minaces]
819 1125 945 1187 quia
966 1124 1122 1173 nimis
1145 1124 1275 1173 certi
1306 1122 1516 1172 fuerant

463 1201 733 1249 victoriae.
803 1198 881 1247 De
928 1195 1071 1247 voltu
1118 1197 1312 1247 minaci
1351 1197 1514 1246 etiam

464 1275 877 1338 prostratorum,
945 1273 1005 1321 ut
1071 1271 1169 1321 fuit
1230 1269 1509 1329 Catilinae,

466 1349 601 1398 haec
643 1348 812 1410 accipi
858 1347 1148 1409 nequeunt.
1211 1345 1317 1395 Cfr.
1355 1344 1424 1394 ad
1457 1357 1510 1393 v,

466 1437 579 1486 seq.
650 1424 728 1473 De
761 1422 900 1472 vitiis
933 1421 1125 1471 harum
1146 1421 1377 1485 partium
1402 1418 1510 1469 vid.

470 1497 733 1548 Plutarchi
766 1498 910 1546 Brut.
949 1508 997 1545 c.
1036 1495 1211 1545 30-35.

535 1572 614 1620 ⁴2.
656 1572 817 1633 harpe
847 1570 1022 1634 solnm]
1058 1571 1169 1620 Nec
1200 1581 1300 1633 pro
1334 1565 1516 1617 excla-

468 1646 698 1695 matione
732 1659 785 1694 v,
822 1651 969 1708 turm
1004 1646 1081 1707 (ut
1113 1648 1197 1695 est
1228 1646 1282 1694 in
1316 1643 1519 1707 fugien-

471 1722 553 1769 tes
586 1718 728 1782 apud
750 1718 837 1769 Sil.
863 1720 920 1779 2,
956 1719 1081 1768 232:
1118 1719 1228 1769 Heu
1247 1715 1515 1782 desemel)

470 1806 571 1843 nec
602 1807 701 1858 pro
736 1792 992 1843 adverbio
1026 1793 1265 1854 miter,
1316 1794 1377 1841 ut
1406 1788 1517 1841 volt

471 1869 817 1932 Porphyrion,
850 1866 1036 1917 haberi
1049 1868 1243 1931 potest.
1279 1867 1391 1915 Iam
1408 1862 1520 1913 vol-

472 1944 611 2006 garis
634 1943 996 2006 interpretatio
1021 1942 1156 1991 haec
1179 1945 1289 1991 est:
1342 1938 1518 1991 solum

474 2030 664 2067 cruore
700 2016 972 2067 foedatum
1004 2017 1208 2079 tetigere
1236 2020 1427 2073 monte,
1464 2012 1519 2062 id

474 2094 584 2150 est,
635 2103 759 2140 cum
792 2090 1244 2150 interficerentur,
1292 2089 1520 2138 humum

477 2178 570 2215 ore
634 2164 1105 2214 momorderunt.
1198 2163 1523 2228 Comparant

475 2238 618 2289 Iliad.
643 2236 702 2299 β,
727 2237 852 2289 448;
891 2236 1146 2308 Πρηνέες
1167 2237 1230 2288 ἐν
1256 2238 1521 2309 κονίῃσιν

477 2308 622 2376 ὀδὰξ
657 2311 927 2375 λαζοίατο
960 2316 1150 2378 γαῖαν.
1219 2313 1361 2375 virg.
1387 2314 1518 2362 Aen.

480 2389 569 2448 40,
606 2387 731 2437 349;
769 2390 826 2436 at
856 2387 939 2436 illo
970 2387 1153 2436 Fronto
1182 2388 1300 2449 ser-tt
1331 2391 1523 2436 terram

484 2467 531 2512 ot
562 2474 786 2512 erasm
815 2462 970 2510 vomit
997 2474 1085 2511 oro
1104 2474 1349 2512 morem.
1386 2459 1520 2511 Ibid.

479 2538 570 2596 44,
607 2536 735 2587 448;
790 2536 1055 2586 Procubuit
1092 2537 1312 2586 mor-iens
1350 2541 1397 2585 et
1428 2536 1525 2585 hu-

477 2624 616 2660 mum
647 2611 793 2660 semel
825 2623 914 2659 ore
941 2611 1224 2659 momordit.
1283 2609 1365 2660 Ad
1387 2610 1525 2659 hanc

476 2686 970 2749 interpretationem
982 2684 1180 2733 faceret
1191 2684 1351 2734 etiam
1362 2684 1522 2747 Soph.

480 2760 664 2809 Trach.
690 2759 779 2809 28⁴
804 2771 816 2806 :
854 2757 1048 2808 Κεῖνοι
1080 2755 1124 2806 δ’
1155 2751 1530 2827 ὑπερχλιδῶν-

483 2847 573 2895 τες
616 2833 681 2883 ἐκ
726 2828 996 2899 γλώσσης
1028 2827 1215 2896 κακῆς
1247 2830 1525 2896 (minaces),

480 2902 657 2959 Αὐτοὶ
683 2906 793 2973 μὲν
805 2900 994 2958 Ἅιδου
1018 2904 1225 2970 πάντες
1247 2905 1348 2957 εῗσ’
1371 2905 1531 2972 οἰκή-

481 2998 661 3053 τορες.
722 2981 827 3032 Sed
861 2995 963 3032 nec
985 2987 1132 3044 ινφρα
1160 2995 1261 3046 per
1282 2994 1343 3033 se
1367 2983 1530 3045 signi-

484 3057 645 3106 ficare
696 3057 874 3119 potest
918 3068 1154 3105 «cruore
1200 3053 1526 3120 pollutum»,

487 3132 547 3194 (s.
572 3133 816 3196 sanquine
837 3135 1101 3192 turpatum
1120 3130 1254 3180 Aen.
1276 3129 1357 3190 40,
1394 3130 1529 3194 832.)

486 3219 587 3255 nec
619 3211 840 3255 muttum
871 3206 999 3269 poni
1032 3217 1131 3269 pro
1165 3217 1267 3254 ore.
1325 3204 1531 3255 Idcirco

485 3294 611 3330 cum
663 3281 724 3330 Η.
763 3279 1129 3345 Peerlkampio
1184 3279 1255 3329 ad
1310 3277 1532 3330 alteram

484 3354 890 3419 explicationem
902 3355 1069 3405 redeo
1084 3356 1415 3418 propositam
1424 3356 1531 3404 iam

486 3430 556 3480 ab
600 3433 836 3481 Acrone:
887 3431 1088 3492 «Turpe
1129 3431 1290 3479 solum
1319 3457 1348 3467 -
1375 3442 1534 3493 -quo

485 3506 711 3570 turpiter
789 3506 1037 3569 prostrati
1120 3506 1532 3569 precarentur.»

486 3579 620 3628 Nam
653 3581 714 3629 ut
746 3581 901 3629 antea
936 3581 1060 3643 post
1091 3580 1261 3628 aciem
1304 3578 1537 3629 Pharsa-

488 3650 646 3702 licam
692 3654 828 3703 teste
877 3653 1108 3704 Caesare
1154 3654 1212 3702 B.
1251 3653 1309 3702 C.
1348 3652 1404 3712 3,
1451 3652 1531 3702 98.

492 3727 798 3790 Pompeiani
826 3728 993 3790 passis
1019 3727 1209 3789 palmis
1234 3726 1448 3789 protecti
1468 3727 1537 3774 ad

490 3804 682 3850 tor-ram
721 3804 893 3866 flentes
934 3802 999 3852 ab
1043 3816 1100 3852 oo
1140 3801 1351 3850 salutem
1375 3801 1537 3862 petio—

489 3879 639 3935 runt,
677 3876 755 3926 sic
790 3877 952 3927 etiam
984 3877 1108 3940 post
1139 3874 1536 3938 Philippensem

492 3946 642 3997 multi
665 3950 881 4000 victoris
904 3948 1245 4002 clementiam
1268 3946 1537 4013 supplices

491 4022 861 4086 implorarunt.
921 4026 1193 4089 Appianas
1225 4026 1284 4074 B.
1313 4023 1456 4082 (1.5,
1482 4023 1532 4072 7:

489 4093 781 4167 Περιιόντι
832 4095 877 4146 δ’
926 4093 1197 4164 Ἀντωνίῳ
1259 4092 1333 4147 τὰ
1392 4088 1534 4160 ἔθνη

491 4167 739 4234 Λεύκιός
787 4186 849 4222 τε
893 4166 928 4221 ὁ
975 4173 1238 4224 Κασσίου
1284 4165 1536 4232 ἀδελφὸς

493 4246 588 4296 καὶ
646 4239 783 4298 ὅσοι
837 4240 1003 4298 ἄλλοι
1068 4242 1181 4296 τῶν
1246 4241 1533 4307 δεδιότων,

1587 1120 1711 1172 ἐπεὶ
1758 1118 1864 1186 τῆς
1914 1120 1976 1172 ἐν
2017 1113 2245 1187 Ἐφέσῳ
2289 1116 2633 1188 συγγνώμης

1586 1193 1894 1258 ἐπύθοντο,
1932 1197 2114 1247 ἱκέται
2146 1193 2483 1268 προσῄεσαν
2509 1195 2629 1247 κτλ.

1588 1274 1673 1323 Sic
1717 1278 1864 1334 turpe
1902 1272 2062 1321 solum
2103 1285 2262 1322 suum
2303 1270 2480 1322 locum
2514 1274 2636 1321 tue-

1588 1349 1700 1396 tur:
1730 1349 1938 1410 «turpe,
1965 1347 2378 1409 ignominiosum
2400 1345 2497 1396 suit
2512 1358 2638 1410 sup-

1588 1418 1816 1486 plicibus
1867 1422 1937 1470 ita
1970 1422 2135 1470 vitam
2169 1421 2311 1469 dono
2358 1421 2633 1483 accipere;

1588 1507 1677 1545 me
1726 1497 1908 1544 contra
1957 1494 2076 1557 suga
2114 1494 2298 1558 (prope
2343 1494 2633 1556 honestior)

1589 1568 1872 1619 servavit.»
1934 1568 2097 1632 (Ovid.
2135 1570 2289 1618 Trist.
2330 1568 2386 1628 4,
2434 1568 2493 1629 3,
2543 1567 2632 1616 93:

1593 1645 1750 1703 thue
1763 1644 2044 1692 remoavit
2056 1643 2269 1705 foedatis
2276 1643 2484 1704 pulvere
2498 1640 2639 1703 turm·

1589 1717 1855 1779 mimis.)
1907 1745 1961 1754 —-
2009 1717 2176 1768 Affert
2218 1718 2356 1767 inter
2400 1715 2529 1767 alios
2571 1716 2634 1765 Η.

1590 1791 1904 1856 Peerlkamp
1938 1792 2039 1842 hos
2072 1791 2248 1842 locos.
2287 1789 2505 1842 Martial.
2541 1791 2635 1849 40,

1591 1869 1685 1926 72,
1723 1868 1779 1917 6:
1815 1868 1882 1916 Et
1917 1872 2086 1929 turpes
2119 1867 2422 1927 humilesque
2447 1865 2641 1927 suppli-

1590 1953 1765 2001 cesque
1794 1942 2046 1991 Pictorum
2077 1941 2186 1991 sola
2226 1940 2415 1989 basiate
2443 1951 2637 2002 roman.

1594 2016 1738 2065 Curt.
1777 2016 1836 2076 8,
1874 2018 1929 2066 5:
1980 2017 2326 2066 Alexandnnn
2355 2013 2644 2064 veneranti-

1592 2090 1684 2139 bus
1712 2092 1875 2140 Persis
1892 2091 2281 2153 Potqurchon,
2318 2091 2405 2152 qui
2431 2088 2644 2138 wbabat

1594 2177 1745 2226 mer
1791 2178 2199 2228 regerminant»
2250 2178 2317 2215 ex
2365 2164 2432 2212 iis
2480 2166 2645 2212 mento

1593 2240 1957 2303 contingentem
1997 2239 2203 2288 humum
2234 2251 2334 2300 per
2374 2237 2647 2286 ludibrum

1593 2314 1756 2376 coepit
1775 2315 1991 2375 hortari,
2021 2318 2079 2362 ut
2096 2312 2427 2362 vehementius
2445 2312 2500 2360 td
2520 2322 2647 2370 qua-

1595 2394 1720 2441 teret
1741 2390 1810 2437 ad
1832 2393 2038 2437 terrm.
2077 2387 2338 2436 Ammian.
2373 2386 2534 2436 Marc.
2562 2384 2641 2434 48.

1598 2477 1652 2529 p.
1708 2462 1833 2513 439:
1892 2461 2107 2512 Desiluit
2155 2473 2281 2522 equo
2329 2459 2649 2520 curvatisque

1595 2537 1831 2588 membris
1861 2536 2067 2585 humum
2095 2535 2235 2585 voltu
2258 2547 2421 2596 paone
2451 2532 2649 2582 contin—

1597 2625 1718 2676 gen-s
1760 2611 2026 2671 salutavit,
2074 2614 2352 2671 patronum
2392 2605 2651 2669 appeltam

1601 2692 1649 2736 et
1680 2686 1952 2735 donuinam.

1669 2759 1749 2809 43.
1805 2756 1884 2808 44.
1943 2755 2250 2819 Mor-eunus]
2309 2755 2430 2806 «Me
2483 2752 2651 2814 trepi-

1602 2833 1820 2883 dantem
1854 2831 2075 2895 propter
2098 2828 2332 2890 cladem,
2370 2841 2477 2891 qua
2501 2825 2654 2876 undi-

1602 2920 1709 2971 que
1766 2904 2161 2955 circumdatum
2219 2916 2308 2953 me
2363 2899 2617 2951 videbam
2635 2937 2647 2959 ,

1602 2981 1902 3033 Mercurius
1957 2978 2194 3028 servavit
2249 2974 2652 3037 involutumque

1603 3056 1773 3106 densa
1796 3052 1941 3104 nube
1961 3054 2082 3116 (hoc
2098 3053 2242 3102 enim
2259 3052 2345 3101 est
2364 3052 2502 3111 aei-e,
2527 3042 2656 3118 ἠέρι

1605 3126 1817 3200 πολλῇ,
1866 3130 1927 3177 ιιι
1963 3128 2105 3190 Virg.
2144 3129 2275 3177 Aen.
2313 3126 2371 3188 4,
2417 3123 2540 3175 4⁴⁴:
2592 3123 2657 3173 At

1609 3206 1770 3255 Venus
1813 3203 2021 3253 obscuro
2064 3201 2349 3265 gradientes
2387 3202 2510 3250 ae‘re
2540 3211 2656 3248 sae-

1600 3277 1745 3342 psit.)
1768 3290 1868 3342 per
1889 3276 2098 3327 medios
2119 3276 2303 3326 hostes
2325 3287 2414 3325 me
2437 3285 2656 3323 sursum

1607 3351 1798 3402 tollens
1832 3351 2030 3414 eripuit
2061 3349 2407 3400 discrimini.»
2442 3349 2501 3396 In
2522 3347 2659 3396 Mer-

1609 3428 1743 3476 curii
1776 3427 1958 3475 autem
1981 3422 2142 3475 tutela
2177 3424 2303 3474 sunt
2331 3419 2659 3472 Mercuriales

1606 3501 1708 3550 viri
1726 3499 1836 3564 (Od.
1859 3500 1909 3560 2,
1932 3499 2012 3559 ⁴7,
2037 3498 2161 3559 29.),
2181 3496 2389 3560 poetae.
2410 3495 2556 3543 Mera
2574 3494 2659 3541 est

1608 3574 1932 3638 φαντασία,
1967 3584 2144 3634 neque
2168 3567 2511 3632 cogitandum
2532 3578 2656 3615 cum

1610 3648 1783 3701 Schol
1837 3647 1905 3698 de
1969 3646 2089 3709 fuga
2154 3641 2501 3694 clandestina
2571 3640 2657 3689 Sic

1608 3722 1756 3775 Iliad.
1794 3739 1849 3788 y,
1887 3721 2000 3771 380.
2038 3719 2220 3768 Venus
2242 3714 2491 3767 Paridem
2512 3712 2656 3763 nube

1609 3800 1815 3849 tectum
1840 3810 1870 3846 e
1901 3794 2192 3845 certamine
2224 3789 2402 3854 eripit,
2440 3786 2582 3837 iliad.
2611 3801 2658 3846 ε,

1608 3872 1691 3923 23.
1730 3872 2002 3933 Phegeum
2031 3865 2326 3922 Volcanus3
2378 3861 2504 3912 ibid.
2544 3860 2656 3911 344.

1611 3945 1864 3997 Phoebus
1905 3945 2161 3993 Aeneam.
2203 3966 2258 3974 —-
2294 3936 2438 4000 celer]
2479 3936 2658 4000 Eurip.

1610 4019 1726 4070 Hel.
1739 4019 1860 4069 243:
1883 4013 1986 4066 τὸν
1998 4005 2663 4076 ὦκύπουν-Μαιάδοςγό-

1609 4110 1732 4144 νον.
1753 4091 2055 4144 Alexander
2070 4088 2288 4141 Aetolus
2306 4086 2451 4153 apud
2468 4084 2660 4135 Parthe

1611 4162 1761 4219 nium
1798 4167 1888 4217 ⁴4:
1926 4159 2155 4227 Ἀνθεὺς
2180 4159 2412 4234 Ἑρμείῃ
2447 4147 2659 4226 ταχινῷ

1613 4241 1805 4306 φίλος.
1858 4269 1911 4278 -
1951 4239 2234 4304 paventem]
2279 4249 2470 4288 verum
2503 4234 2664 4285 animi
