3234 4975
535 3748 545 3757 ,
648 3694 787 3743 vitae
836 3693 1177 3743 discrimen.»

660 366 786 429 246

1428 368 1686 418 Homul
1722 369 2057 419 CARMlNUM

1383 858 2099 923 cmm

996 1014 1052 1077 O
1098 1031 1296 1097 saepe
1342 1030 1597 1075 mecum
1641 1019 1898 1096 tempus
1941 1010 2007 1073 in
2051 1008 2346 1074 ultimum

990 1130 1280 1197 Deducte
1325 1131 1522 1196 Bruto
1568 1128 1831 1196 militiae
1877 1130 2077 1207 duce,

790 1311 890 1360 vll.
944 1311 1107 1358 inser.
1145 1306 1281 1370 volg.
1330 1307 1406 1357 Ad
1443 1309 1730 1370 Pompeiwn
1778 1308 1991 1370 Varum,
2045 1313 2100 1360 et
2141 1311 2219 1360 sic
2265 1312 2355 1362 Bc.
2399 1338 2455 1348 --
2495 1312 2571 1362 Ad
2609 1315 2757 1363 Pom-

714 1385 885 1446 peium
931 1384 981 1431 S.
1034 1410 1089 1418 —-
1126 1382 1202 1431 Aa
1242 1383 1502 1444 Pompium
1548 1383 1737 1432 Varum
1773 1385 2117 1443 prosponotico
2150 1383 2649 1454 (προσφωνητικὴ)
2684 1392 2759 1436 εο-

717 1458 934 1507 tracolos
975 1457 1029 1505 T.
1073 1482 1127 1491 —
1163 1457 1239 1505 Ad
1273 1456 1505 1505 Oratium
1538 1456 1836 1519 Pompilium
1878 1456 2003 1520 (sic)
2047 1460 2428 1510 comilitonom
2455 1462 2759 1513 Bmtianum

716 1545 861 1593 quem
893 1535 1143 1593 receptum
1174 1532 1229 1579 in
1257 1532 1434 1593 patria
1464 1532 1647 1581 invitat
1678 1530 1733 1580 b.

714 1691 822 1739 Vll.
877 1689 1128 1752 Pompeio
1178 1689 1345 1749 Varo,
1404 1690 1463 1739 ut
1513 1688 1698 1739 dicunt

651 1766 1000 1826 scholiastae,
1047 1765 1264 1828 (homini
1297 1764 1451 1826 igitur
1483 1764 1697 1814 diverso

650 1852 681 1886 a
717 1841 970 1903 Pompeio
1005 1839 1244 1901 Grospho
1279 1837 1453 1888 Siculo
1488 1836 1573 1886 vel
1598 1836 1701 1887 sal-

650 1916 761 1962 tem
796 1913 1079 1973 Siciliensi,
1131 1913 1198 1962 de
1234 1926 1341 1976 quo
1377 1912 1471 1963 cir.
1510 1911 1604 1961 Od.
1644 1913 1694 1973 2,

651 1986 732 2035 46.
772 1990 825 2037 et
860 1990 989 2052 Epp.
1029 1990 1085 2047 4,
1125 1990 1213 2046 42,
1250 1988 1353 2051 22.)
1389 1987 1622 2037 reditum
1647 1988 1698 2039 in

650 2062 875 2124 patriam
900 2061 1307 2124 congratulatur.
1351 2061 1479 2112 lude
1503 2076 1534 2110 a
1558 2063 1701 2111 Mas-

650 2148 782 2186 sono
816 2137 1073 2200 scriptum
1108 2136 1210 2185 hoc
1233 2149 1452 2187 carmen
1476 2136 1700 2200 opinan-

653 2211 738 2258 tur
778 2223 827 2260 a.
866 2224 918 2260 u.
958 2225 1006 2261 c.
1044 2212 1179 2269 7⁴5„
1228 2223 1335 2274 quo
1380 2211 1500 2261 Sex.
1538 2212 1700 2260 Pom-

648 2285 801 2346 peius
852 2286 948 2333 Cn.
986 2285 1038 2333 F.
1078 2286 1214 2335 teste
1262 2282 1462 2334 Velleio
1507 2285 1565 2344 2,
1613 2284 1696 2333 77.

653 2371 787 2421 pace
824 2372 949 2407 cum
987 2359 1275 2409 triumviris
1318 2359 1440 2408 inita
1476 2358 1702 2408 omnibus

648 2432 945 2494 proscriptis
976 2433 1213 2494 aliisque,
1266 2433 1354 2494 qui
1386 2434 1454 2482 ad
1486 2446 1600 2482 eum
1634 2447 1700 2482 az>

649 2508 857 2556 diversis
888 2508 1054 2556 causis
1081 2509 1337 2572 fuqerant,
1372 2509 1588 2558 reditum
1614 2522 1701 2558 sa-

648 2581 895 2641 lutemque
920 2588 1103 2643 pactus
1134 2589 1221 2632 est.
1292 2584 1383 2633 His
1419 2584 1577 2650 igitur
1607 2597 1699 2633 re-

650 2654 878 2705 ducibus
929 2657 1089 2705 etiam
1142 2657 1453 2720 Pompeium
1497 2657 1695 2706 Varum

649 2728 1020 2779 adnumerant.
1100 2730 1206 2780 Sed
1252 2730 1507 2794 temporis
1555 2729 1696 2779 nulla

649 2805 793 2851 certa
830 2804 1141 2864 significatio
1185 2805 1267 2862 flt;
1322 2805 1520 2855 rectius
1565 2817 1696 2854 sane

649 2889 773 2925 cum
809 2876 1146 2926 Grotefendio
1191 2881 1245 2927 et
1287 2879 1507 2929 Frankio
1550 2880 1698 2941 cogi-

651 2950 789 2999 tabis
843 2952 911 3000 de
962 2965 1101 3001 anno
1153 2953 1364 3002 circiter
1413 2952 1527 3003 724.
1574 2955 1700 3016 post

651 3023 854 3077 bellum
892 3026 1179 3075 Actiacum.

719 3101 765 3148 ⁴.
804 3102 851 3147 2.
896 3099 1321 3163 saepe--BrutoJ
1361 3103 1499 3150 «Per
1542 3100 1699 3151 bien-

651 3176 797 3223 nium
825 3186 990 3237 prope
1020 3175 1082 3235 (a.
1110 3175 1223 3222 7⁴⁴.
1251 3174 1383 3246 7⁴3.)
1410 3176 1460 3223 in
1484 3174 1698 3238 proeliis

650 3261 682 3297 a
729 3249 889 3296 Bruto
931 3249 1053 3296 ante
1090 3246 1479 3311 Philippensem
1524 3250 1696 3299 aciem

651 3321 953 3371 commissis
999 3334 1104 3371 una
1150 3334 1311 3385 saepe
1359 3323 1560 3385 experti
1603 3337 1698 3373 su-

652 3409 771 3445 mus
795 3408 1005 3445 summa
1028 3394 1264 3459 pericula
1280 3410 1323 3454 »;
1352 3396 1404 3446 id
1422 3397 1566 3460 quod
1589 3411 1695 3447 non

556 3487 565 3494 ·
652 3471 819 3533 magis
843 3470 1160 3520 fortitudinis
1185 3483 1302 3521 esse
1332 3474 1509 3534 potest
1533 3485 1696 3535 quam

653 3558 826 3594 casus.
901 3545 1105 3606 (Moneo
1152 3546 1371 3607 propter
1404 3559 1453 3594 v.
1497 3547 1596 3608 40.)
1639 3573 1693 3583 —

645 3625 835 3681 ternpus
878 3619 933 3667 in
980 3620 1236 3682 ultimum]
1284 3619 1373 3667 «in
1424 3631 1697 3669 summum

1247 3693 1331 3742 Sic
1379 3691 1564 3742 Catuli.
1604 3693 1694 3754 64,

653 3770 774 3818 ⁴5⁴:
811 3781 1041 3830 supremo
1072 3769 1123 3816 in
1155 3771 1389 3828 tempore,
1428 3769 1553 3816 etv.
1582 3768 1695 3817 469.

648 3848 872 3892 entremo
921 3848 1138 3904 tempore
1185 3855 1339 3891 saeva
1374 3842 1514 3890 Fors.
1586 3843 1694 3892 Cic.

648 3930 744 3979 pro
780 3914 987 3964 Cornel.
1027 3915 1140 3964 Vol.
1179 3916 1261 3964 lV.
1291 3917 1339 3964 2.
1366 3928 1418 3978 p.
1448 3914 1559 3964 450.
1600 3915 1693 3965 Ed.

652 4002 832 4038 meae:
909 3995 1187 4038 extremum
1250 3994 1297 4038 et
1352 3989 1700 4053 difficillimum

650 4070 854 4123 tempus.
893 4062 1017 4111 Bell.
1056 4061 1201 4112 Alex.
1240 4064 1299 4111 7:
1339 4063 1391 4111 in
1419 4069 1699 4113 ectr-omum

650 4150 824 4185 casum
846 4162 873 4172 -
897 4137 1086 4184 deduci.

715 4211 761 4260 3.
803 4209 937 4272 Quis]
984 4211 1073 4259 Est
1116 4211 1355 4260 mirantis
1400 4211 1467 4259 de
1516 4212 1697 4275 inspe-

1772 1690 1887 1739 rato
1938 1689 2053 1739 eius
2105 1690 2277 1741 reditu
2318 1692 2657 1757 interrogatio
2690 1700 2825 1759 poc-

1771 1763 1903 1823 tica,
1957 1776 2133 1828 neque
2185 1779 2315 1817 vero
2350 1770 2558 1819 certum
2590 1767 2822 1833 aliquem

1772 1837 2078 1897 hominem,
2137 1853 2244 1903 quo
2295 1841 2680 1893 interveniente
2731 1857 2823 1893 re-

1773 1910 1957 1973 dierit,
2012 1913 2263 1977 intelligit.
2350 1917 2471 1966 Sine
2523 1915 2627 1966 ulla
2679 1918 2823 1967 enim

1774 1998 1936 2036 causa
1971 1987 2206 2037 nonnulli
2235 1989 2304 2038 ita
2329 1990 2657 2053 interpretati
2680 1993 2820 2052 sunt,

1774 2072 1838 2108 ac
1887 2060 1932 2109 si
1981 2061 2261 2112 Maecenas
2317 2065 2553 2127 Pompeii
2608 2065 2825 2114 restitu-

1774 2132 1976 2183 tionem
2043 2135 2111 2185 ab
2164 2137 2450 2187 Octaviano
2508 2138 2819 2202 impetrarit.

1775 2209 1945 2257 Immo
1979 2208 2082 2258 hoc
2106 2210 2255 2259 dicit:
2296 2212 2623 2272 «Quomodm
2661 2225 2826 2276 quae-

1774 2295 1854 2342 se,
1881 2283 2079 2333 factum
2103 2287 2201 2344 est,
2228 2287 2288 2336 ut
2308 2285 2486 2336 redire
2508 2288 2820 2352 potuer-isi»

1778 2383 1835 2393 -
1870 2357 2148 2425 redonavit]
2184 2358 2452 2421 Verbum,
2502 2360 2648 2424 quod
2681 2374 2823 2411 nunc

1773 2429 1917 2493 apud
1973 2429 2146 2481 solum
2208 2433 2481 2483 Horatium
2538 2436 2819 2500 reperitur.

1775 2505 1836 2554 H.
1876 2504 1910 2555 l.
1945 2507 2028 2556 est
2065 2506 2342 2568 «reddidit,
2378 2510 2656 2569 restituit»,
2695 2522 2819 2570 non.

1774 2580 1832 2626 ut
1854 2580 2061 2629 Monich
2097 2583 2262 2644 putat,
2302 2582 2496 2633 eodem
2531 2596 2694 2634 sensu
2721 2597 2823 2648 po-

1772 2651 1932 2702 situm
1967 2656 2128 2716 atque
2159 2655 2254 2704 Od.
2281 2655 2337 2715 3,
2375 2657 2432 2716 3,
2470 2657 2563 2706 33:
2599 2663 2824 2719 nepotem

1771 2728 1931 2776 Marti
1973 2728 2252 2790 redonabo,
2305 2729 2359 2778 id
2412 2733 2523 2790 est,
2580 2732 2822 2782 «condo-

1772 2800 1982 2862 nabo»,
2021 2802 2073 2850 id
2108 2802 2250 2864 quod
2287 2802 2546 2854 adversus
2580 2804 2820 2855 sodalem

1774 2873 1959 2925 luisset
2003 2875 2325 2926 inurbanum
2376 2880 2537 2940 atque
2589 2883 2816 2942 agreste.

1777 2975 1832 2983 —
1872 2950 2130 3014 Quiritem]
2163 2951 2215 2999 id
2240 2953 2348 3012 est,
2388 2953 2559 3015 capite
2583 2954 2820 3004 uoniam

1773 3022 2135 3084 deminutum,
2193 3024 2293 3074 sed
2342 3025 2547 3088 integro
2598 3027 2821 3077 civitatis

1774 3096 2041 3147 Romanae
2101 3099 2213 3147 iure
2269 3112 2456 3150 rursus
2510 3100 2816 3160 donatum»;

1773 3183 1896 3220 nam
1933 3169 2115 3221 exules
2147 3173 2412 3222 minorem
2446 3174 2631 3236 capitis
2655 3175 2822 3224 demi-

1773 3237 2047 3295 nutionem
2080 3247 2419 3310 patiebantur
2461 3250 2515 3297 et
2558 3248 2627 3297 ad
2659 3262 2821 3312 pere-

1774 3319 2071 3380 grinitatem
2095 3320 2489 3384 redigebantur.
2537 3322 2821 3386 Singularis

1774 3393 2018 3453 Quiritem
2033 3392 2186 3444 valde
2205 3395 2567 3447 memorabilis
2581 3398 2724 3448 visus
2740 3400 2821 3447 est

1774 3468 2143 3518 Grammaticis
2178 3467 2447 3530 (Cledonio
2481 3483 2534 3533 p.
2569 3471 2714 3521 4898.
2740 3470 2816 3532 Ρ.)

1774 3543 1829 3590 et
1877 3543 1929 3591 in
1982 3540 2179 3592 Libello
2231 3542 2298 3593 de
2352 3557 2469 3606 gen.
2525 3558 2667 3594 nom.
2721 3544 2816 3593 Ed.

1776 3617 1984 3680 Hauptii
2029 3629 2148 3679 pag.
2187 3618 2275 3666 96:
2333 3619 2594 3679 «Quirites
2638 3619 2820 3680 singu·

1772 3689 1943 3740 larem
1978 3704 2264 3741 numerum
2299 3705 2404 3742 non
2448 3692 2627 3743 habet.
2687 3695 2820 3742 Nam

1775 3767 2056 3815 Maecenas
2097 3765 2225 3815 dixit
2270 3766 2537 3828 Quiritem,
2582 3766 2681 3818 sed
2715 3779 2818 3815 non

1773 3841 2077 3904 recipitur.»
2149 3842 2305 3890 Certe
2340 3852 2370 3888 a
2403 3842 2574 3903 poetis
2615 3841 2822 3890 dumta-

1774 3918 1862 3964 xat
1894 3917 2206 3979 usurpatur,
2243 3912 2403 3964 veluti
2427 3913 2495 3963 ab
2521 3915 2669 3965 Ovid.
2699 3916 2815 3964 Am.

1773 3990 1829 4050 3,
1882 3989 1968 4050 ⁴4,
2020 3990 2075 4038 9:
2128 3991 2302 4053 Ignoto
2348 3991 2595 4039 meretri-v
2641 4002 2822 4050 corpus

1771 4066 2008 4113 iunctura
2042 4064 2242 4125 Quiriti.
2289 4065 2405 4113 Am.
2435 4063 2481 4124 ⁴,
2520 4064 2569 4122 7,
2594 4062 2682 4111 29:
2720 4064 2821 4111 mi-

1771 4140 1962 4187 nimum
2005 4140 2064 4187 de
2093 4139 2231 4200 plebe
2279 4139 2538 4199 Quiritem.
2619 4139 2815 4186 Lucan.

1771 4213 1827 4270 Ξ,
1866 4212 1988 4261 386;
2026 4214 2398 4263 Ronmniniore
2420 4213 2653 4276 Quiritis3
2690 4210 2818 4259 etin
