3234 4975
663 417 786 481 4Ξο

1427 416 1684 466 HORATII
1719 416 2056 467 CARMINUM

748 571 947 640 Simul
993 580 1216 637 unctos
1261 570 1572 637 Tiberinis
1616 569 1920 637 humeros
1965 571 2115 636 lavit
2161 571 2222 635 in
2266 571 2487 648 undiS,

746 696 962 782 Eques
1006 694 1146 780 ipso
1190 691 1416 759 melior
1460 691 1978 780 Bellerophonte,
2028 713 2241 780 neque
2289 714 2504 781 pugno

1080 817 1305 902 Neque
1350 814 1530 901 segni
1577 812 1746 900 pede
1790 814 2030 893 victus;

743 975 936 1042 Catus
981 974 1153 1041 idem
1193 994 1312 1060 per
1355 983 1653 1060 apertum
1696 973 2011 1061 fugientes
2056 974 2290 1062 agitato

2747 971 2827 1036 lo

742 1096 951 1183 Grege
995 1115 1225 1163 cervos
1270 1093 1535 1162 iaculari
1581 1104 1648 1161 et
1692 1093 1869 1161 celer
1911 1094 2037 1161 alto
2083 1094 2430 1161 latitantem

1078 1216 1397 1283 Fruticeto
1442 1216 1746 1304 excipere
1789 1237 2036 1303 aprum.

757 1370 837 1419 40.
865 1370 982 1419 item
998 1369 1057 1419 C.
1079 1397 1132 1405 -
1151 1367 1533 1432 suffimisBST.
1555 1394 1613 1405 ·—-
1637 1368 1718 1417 44.
1738 1372 1787 1417 et
1802 1380 1892 1418 om
1911 1369 1966 1418 B.
1987 1395 2041 1404 —
2063 1367 2317 1428 altossb'r,
2338 1369 2470 1418 Pott.
2490 1371 2755 1430 quattuor,

721 1446 807 1496 Ct:
846 1448 960 1494 arto
978 1444 1063 1506 Sc,
1087 1442 1269 1493 Bland.
1291 1444 1476 1506 antiq„
1498 1433 1642 1495 Lm.
1669 1444 1798 1506 (arto
1815 1455 2080 1506 superscr.
2109 1440 2225 1492 «vel
2241 1442 2374 1492 alto»
2394 1442 2446 1492 d.
2474 1443 2535 1493 Ut
2557 1455 2671 1504 nos,
2691 1442 2756 1505 J.)

719 1573 858 1624 7-9.
892 1573 1080 1637 unctos]
1116 1574 1250 1623 Ante
1284 1572 1611 1622 natationem
1646 1573 1701 1621 et

653 1646 844 1699 balnea
898 1646 1016 1697 oleo
1068 1645 1458 1710 unguebantur.
1545 1645 1694 1695 Ovid.

651 1723 803 1773 Trist.
842 1722 900 1783 3,
928 1723 1018 1782 42,
1044 1722 1100 1770 24
1126 1735 1138 1769 :
1175 1722 1344 1783 Nunc,
1379 1719 1465 1769 ubi
1486 1720 1701 1783 perfusa

651 1802 721 1847 est
759 1796 864 1846 oleo
917 1795 1107 1845 labente
1159 1797 1385 1845 iuventus
1398 1832 1417 1856 ,
1473 1795 1700 1857 Dese-asos

653 1876 797 1920 artus
833 1870 1034 1933 Virgine
1065 1868 1248 1932 linquit
1278 1881 1433 1929 aqua.
1470 1894 1528 1906 -
1558 1868 1697 1919 Tibe-

651 1943 801 2007 rim's]
859 1944 969 1993 Cic.
1018 1956 1117 2007 pro
1167 1941 1345 1993 Caelio
1394 1944 1485 1993 ⁴5:
1538 1943 1700 1992 Habes

655 2016 867 2083 (Clodia)
902 2017 1069 2066 hortos
1118 2018 1188 2066 ad
1223 2016 1434 2066 Tiberim
1472 2030 1535 2066 ac
1577 2018 1698 2066 dili-

653 2096 825 2157 yenter
872 2105 928 2141 eo
977 2092 1083 2140 loco
1109 2092 1343 2153 parasti,
1401 2104 1498 2153 quo
1539 2091 1700 2141 omnis

648 2168 878 2217 iuventus
897 2166 1108 2215 natandi
1129 2178 1288 2214 causa
1304 2166 1454 2215 venit.
1475 2193 1529 2202 —
1553 2164 1697 2216 «Alio

651 2244 894 2305 tempore
944 2241 1153 2303 ⁴equitat
1219 2238 1410 2290 melius
1475 2240 1699 2290 Bellero-

644 2316 828 2378 phonte
842 2352 855 2376 ,
906 2315 988 2364 cui
1027 2314 1221 2363 caelum
1261 2326 1467 2376 campus
1495 2315 1695 2378 fuerat,

578 2409 582 2413 ⁴
650 2396 913 2450 terraeque
973 2389 1254 2453 fretumque
1307 2388 1409 2437 Sub
1453 2388 1660 2450 pedibus
1676 2402 1695 2449 ;

648 2480 751 2516 non
780 2465 888 2514 ulla
919 2464 1031 2514 tulit
1060 2464 1271 2528 vestiyia
1290 2476 1480 2513 curauit.
1519 2462 1692 2515 Manil.

650 2542 708 2601 ὃ,
747 2539 862 2588 99.»
933 2535 1117 2589 Ultima
1153 2535 1355 2600 syllaba
1402 2537 1455 2587 in
1487 2551 1539 2587 v.
1580 2539 1696 2588 Bel—

650 2614 930 2676 lerophonte
962 2611 1274 2676 producitur
1307 2625 1338 2660 a
1372 2610 1540 2662 forma
1564 2609 1698 2661 Βελ-

649 2683 1037 2760 λεροφόντης,
1096 2689 1156 2736 ut
1195 2685 1337 2749 apud
1369 2687 1550 2736 Iuven.
1595 2687 1657 2736 43
1680 2725 1692 2749 ,

650 2764 742 2814 98;
779 2762 821 2811 si
853 2775 955 2811 non
987 2765 1093 2824 eyet
1122 2760 1367 2820 Anticyra
1397 2774 1486 2810 nec
1516 2761 1696 2810 Archi-

648 2851 796 2902 9ene,
822 2837 942 2898 quid
963 2835 1095 2884 enim
1118 2836 1219 2883 cet.
1261 2833 1557 2898 (Pulchram
1574 2834 1697 2886 Bel-

648 2910 974 2975 lerophontis
1009 2909 1291 2971 imaginem
1327 2907 1448 2958 vide
1483 2909 1538 2958 in
1572 2911 1699 2960 Ger-

649 2984 785 3036 hard
842 2986 987 3032 Vases
1034 2983 1261 3044 apuliens
1314 2982 1371 3031 Τ.
1424 2983 1574 3045 vul.)
1638 3009 1689 3022 -

648 3074 807 3122 neque
846 3057 1045 3121 pugno]
1106 3056 1356 3120 Pugilatio
1406 3059 1462 3108 et
1509 3071 1696 3110 cursus

652 3133 1054 3184 exercitationes
1089 3132 1249 3182 fuisse
1273 3131 1522 3184 videntur
1554 3133 1702 3183 iuve-

652 3221 784 3258 num
835 3209 1157 3256 Graecorum
1206 3207 1257 3256 in
1308 3206 1444 3258 Urbe
1497 3207 1701 3270 degen-

654 3283 815 3342 tium,
852 3279 1023 3344 qualis
1057 3281 1270 3344 fingitur
1303 3295 1422 3333 esse
1458 3281 1696 3344 HebruS‚

653 3358 816 3420 atque
841 3354 1227 3420 oppidanorum
1264 3355 1494 3419 (Sueton.
1518 3357 1696 3407 Octav.

653 3430 755 3492 45.)
823 3431 989 3495 magis
1055 3443 1218 3494 quam
1283 3430 1700 3483 adolescentium

656 3507 1015 3556 Romanorum
1069 3505 1342 3557 nobilium.
1405 3534 1457 3546 —
1526 3521 1701 3572 peyne

657 3581 829 3643 Neque
850 3582 1126 3646 sequipede
1143 3582 1317 3646 victus]
1341 3579 1702 3652 βραχυλογία

652 3668 777 3720 pro:
817 3653 1122 3720 «nunquam
1156 3655 1223 3705 ab
1259 3655 1358 3706 alio
1381 3657 1551 3707 victus
1574 3671 1702 3721 pro-

654 3732 775 3794 pter
822 3743 1029 3795 pugnos
1077 3732 1253 3782 minus
1301 3729 1552 3782 robustos
1602 3744 1702 3795 pe-

655 3804 822 3855 desve
858 3805 1175 3856 tardiores»

722 3952 937 4005 40-42.
978 3953 1153 4019 Catus]
1191 3952 1460 4015 «callens,
1497 3955 1700 4018 peritus

655 4026 935 4077 venandi.»
949 4054 1008 4066 -
1025 4029 1185 4079 celer-
1198 4055 1223 4067 -
1237 4028 1481 4093 excipere]
1501 4031 1702 4080 Graeca

656 4101 1078 4165 constructione,
1130 4107 1190 4153 ut
1223 4105 1317 4155 Od.
1358 4105 1415 4168 4,
1468 4106 1560 4166 45,
1599 4104 1695 4154 ⁴8:

654 4174 860 4226 celerem
898 4177 1036 4237 sequi
1071 4176 1288 4229 Aiacem.
1330 4207 1384 4216 -
1443 4178 1700 4244 apertum]

1777 1572 1951 1621 neutr.
1998 1569 2330 1622 substantive
2375 1584 2473 1634 pro
2539 1572 2821 1634 «apertum

1776 1657 2081 1709 campum.»
2122 1671 2174 1683 —
2225 1644 2446 1710 aquato]
2500 1646 2756 1695 «excitato
2792 1659 2822 1694 a

1775 1719 2059 1771 canibus.»
2100 1747 2153 1755 —
2192 1719 2319 1784 alto]
2359 1720 2503 1769 Hanc
2537 1718 2822 1769 lectionem

1771 1792 1995 1858 praetuli
2019 1795 2249 1844 maxime
2274 1808 2398 1844 cum
2419 1797 2642 1858 propter
2666 1794 2823 1844 Codi-

1774 1882 1898 1919 cum
1916 1881 2160 1919 meorum
2174 1869 2660 1932 antiquissimorum
2681 1868 2819 1929 BbT,

1772 1940 2003 1993 Oberlini
2039 1945 2076 1992 B
2113 1946 2167 1993 et
2204 1944 2433 1994 Pottierii
2469 1945 2528 2004 4,
2555 1944 2611 2001 7,
2647 1944 2699 2004 8,
2727 1942 2816 1993 ⁴4.

1771 2029 2038 2067 summam
2089 2019 2458 2067 auctoritatem
2477 2056 2489 2077 ‚
2544 2019 2656 2067 tum
2691 2031 2820 2082 pro-

1769 2094 1891 2155 pter
1923 2089 2220 2155 analogiam
2254 2090 2397 2142 lliad.
2442 2106 2497 2153 ε,
2539 2092 2667 2143 455:
2703 2089 2816 2152 βα-

1769 2165 1932 2231 θείης
1948 2193 1970 2203 -
1988 2158 2147 2231 ὕλης,
2172 2164 2315 2216 Iliad.
2340 2164 2391 2228 λ,
2425 2165 2548 2217 4⁴5:
2572 2164 2818 2231 βαθείης

1768 2235 2096 2304 -ξυλόχοιο,
2118 2243 2327 2291 Lucret.
2343 2243 2391 2302 5,
2414 2239 2469 2291 44
2494 2256 2504 2289 :
2529 2242 2681 2290 silvae
2695 2256 2819 2303 pro-

1767 2316 1985 2378 fundae,
2022 2316 2161 2378 virg.
2191 2317 2281 2365 Ge.
2310 2316 2341 2364 2
2360 2353 2371 2375 ‚
2400 2315 2487 2365 394
2512 2329 2524 2363 :
2570 2316 2820 2378 saltusque

1766 2390 2038 2452 profundi,
2073 2392 2205 2440 Aen.
2232 2389 2291 2451 6,
2319 2390 2442 2439 479:
2480 2390 2680 2440 stabula
2702 2392 2814 2440 alta

1768 2464 2012 2528 ferarum,
2048 2465 2109 2526 7,
2149 2464 2239 2514 95:
2278 2464 2381 2514 alto
2405 2492 2484 2501 --
2508 2464 2633 2515 luco,
2697 2464 2820 2516 Arte

1769 2538 1987 2601 quidem
2037 2541 2182 2588 esset
2216 2539 2447 2602 «spiss0‚
2485 2538 2715 2600 denso»,
2757 2542 2818 2589 ut

1770 2612 1961 2675 Odyss
1997 2627 2063 2671 τ,
2101 2611 2225 2662 439:
2284 2611 2346 2662 ἐν
2379 2609 2572 2684 λόχμῃ
2607 2612 2816 2685 πυκινῇ

1769 2689 2064 2737 κατέκειτο
2096 2687 2278 2752 μέγας
2311 2684 2435 2749 σῦς.
2506 2690 2692 2739 Senec.
2720 2691 2819 2739 Oe-

1770 2760 1878 2824 dip.
1917 2763 2038 2811 277:
2092 2762 2219 2810 artis
2252 2759 2459 2811 obsitum
2492 2763 2655 2812 dumis
2701 2764 2814 2813 iter.

1770 2836 1882 2885 Hoc
1915 2837 2096 2886 autem
2130 2833 2247 2884 loco
2282 2835 2351 2885 ab
2387 2836 2448 2886 iis
2472 2837 2708 2900 prosecta
2734 2839 2818 2888 est

1769 2909 2131 2975 interpolati0‚
2170 2911 2260 2974 qui
2296 2912 2427 2960 altus
2451 2911 2818 2975 profunditatis

1771 2987 1956 3045 etiam,
1994 2999 2102 3035 non
2135 2985 2308 3036 solum
2343 2985 2680 3049 excelsitatis,
2718 3001 2818 3037 no-

1771 3061 1970 3110 tionem
2025 3058 2298 3110 includere
2346 3061 2663 3123 ignorarent.
2733 3062 2814 3112 Ad

1772 3136 1979 3184 tertiam
2001 3132 2287 3195 Ιεοι.1ιίι·ιο,
2312 3148 2450 3197 quae
2472 3137 2649 3187 tamen
2673 3139 2820 3186 caret

1773 3209 2086 3259 auctoritate
2121 3209 2446 3270 sufficiente,
2505 3211 2567 3260 H.
2613 3208 2814 3260 Peerlk.

1773 3281 1944 3333 attulit
1993 3280 2313 3333 columellae
2367 3284 2458 3344 40,
2507 3284 2605 3333 27:
2683 3284 2820 3333 hirta

1772 3370 1956 3418 saepes.
1998 3382 2054 3393 —
2092 3356 2346 3421 excipere]
2379 3356 2618 3408 Verbum
2650 3371 2820 3407 vena-

1774 3432 1997 3493 torium‚
2035 3434 2094 3481 ut
2114 3429 2411 3492 δέχεσθαι,
2439 3432 2530 3482 ubi
2554 3430 2819 3482 venabulo

1773 3506 1975 3556 sistitur
1997 3504 2107 3555 fera
2132 3519 2161 3555 e
2187 3505 2351 3557 lustro
2368 3520 2635 3571 proruens
2657 3508 2818 3570 atque

1775 3579 2070 3630 conficitur.
2140 3582 2342 3631 Seneca
2388 3581 2456 3632 de
2501 3583 2582 3631 Ira
2618 3583 2677 3641 4,
2717 3581 2771 3630 44
2803 3594 2815 3628 :

1773 3653 1851 3703 An
1883 3658 1939 3703 tu
1965 3659 2120 3716 putas
2150 3661 2439 3705 venatorem
2472 3655 2627 3705 irasci
2666 3654 2816 3718 seris,

1771 3729 1850 3779 vel
1896 3742 2010 3782 cum
2057 3734 2104 3779 et
2141 3730 2384 3794 sufflantes
2409 3729 2725 3791 persequitur
2773 3733 2821 3778 et

1772 3804 2020 3854 venientes
2072 3803 2301 3865 excipit?
2362 3817 2522 3866 quam
2578 3802 2646 3852 ad
2699 3815 2818 3852 rem

1773 3880 2024 3929 eeleritate
2056 3880 2107 3928 in
2144 3879 2326 3944 primis
2364 3891 2498 3942 opus
2533 3879 2630 3929 est.
2666 3876 2819 3926 Idem

1776 3954 1843 4004 de
1873 3952 2080 4004 Provid.
2108 3955 2163 4002 5:
2202 3953 2354 4003 Nobis
2388 3953 2462 4016 (ut
2484 3953 2570 4002 hic
2593 3949 2817 4016 puellae)

1775 4029 2026 4078 merdam
2054 4028 2300 4090 voluptati
2334 4032 2431 4088 est,
2465 4027 2508 4076 si
2541 4025 2820 4076 adolescens

1775 4104 2046 4154 constantis
2126 4104 2286 4154 animi
2348 4102 2513 4165 feram
2575 4099 2818 4150 venabulo

1775 4180 1984 4241 excepit.
