3234 4975
661 387 779 453 132
1420 389 1675 440 HORATII
1714 388 2047 439 CARMINUM

988 544 1174 624 Quod
1221 545 1386 609 latus
1430 544 1651 610 mundi
1697 543 1972 610 nebulae
2018 541 2354 630 malusque

1245 666 1529 752 Iuppiter
1571 677 1789 752 urget;
2730 665 2812 729 20

987 827 1160 891 Pone
1205 823 1327 889 sub
1371 844 1565 890 curru
1610 825 1877 890 nimium
1922 826 2264 912 propinqui

990 945 1155 1010 Solis
1203 946 1263 1009 in
1308 957 1481 1011 terra
1522 944 1823 1012 domibus
1868 957 2130 1033 negata:

987 1067 1187 1132 Dulce
1233 1066 1548 1133 ridentem
1589 1067 1866 1154 Lalagen
1911 1066 2173 1143 amabe,

1245 1191 1446 1258 Dulce
1492 1191 1879 1278 loquentem.

719 1389 797 1438 49.
834 1390 916 1438 20.
955 1387 1103 1451 latias]
1125 1387 1308 1438 mundi
1336 1386 1570 1451 plagam,
1609 1389 1695 1438 cui
1769 1382 1996 1437 ἁπαλὸν
2027 1383 2283 1452 γελάσαι.
2355 1388 2567 1452 Sappho
2604 1388 2806 1451 Fragm.

650 1464 813 1513 malus
846 1463 1084 1524 luppiter,
1123 1461 1332 1512 caelum
1356 1464 1503 1512 triste
1528 1464 1692 1524 atque
1769 1465 1819 1523 2,
1868 1465 1926 1512 5:
1979 1461 2248 1528 γελαίσας
2283 1458 2528 1532 ἱμερόεν.
2598 1462 2805 1513 Pindar.

655 1536 952 1597 insalubre,
990 1538 1220 1600 graviter
1251 1536 1484 1587 incubat.
1768 1538 1920 1600 Pyth.
1974 1539 2023 1597 2,
2077 1538 2166 1586 20:
2224 1534 2476 1607 ὀρεικὰ-ω’
2531 1531 2808 1598 ἀσφαλές.

717 1614 797 1662 22.
859 1612 1081 1661 domibus
1127 1612 1327 1675 neyata]
1371 1610 1694 1661 inhabitabili
1770 1610 1918 1661 Adde
1952 1612 2091 1674 Virg.
2129 1615 2258 1662 Aen.
2300 1613 2380 1673 ⁴0,
2429 1613 2552 1662 272:
2596 1617 2815 1661 cantatae

649 1690 873 1750 propter
906 1699 1073 1735 zonae
1111 1685 1341 1736 torridae
1377 1687 1602 1735 aestum.
1769 1686 2042 1749 Sanquinei
2076 1686 2284 1748 lugubre
2303 1686 2493 1735 rubent.
2539 1685 2806 1736 Claudian.

714 1761 794 1810 23.
851 1761 1007 1810 Dulce
1038 1759 1294 1823 ridentem]
1330 1760 1414 1809 Sic
1449 1760 1556 1809 iam
1592 1760 1697 1809 Ca-
1768 1757 1896 1810 Bell.
1938 1758 2075 1810 Gild.
2123 1761 2242 1810 365:
2297 1761 2470 1810 servile
2507 1774 2719 1825 amnena.
2759 1763 2813 1809 et

656 1833 763 1884 tull.
786 1835 937 1893 5⁴‚52
963 1835 1372 1884 Dulceridentem
1391 1833 1694 1897 (Lesbiam),
1770 1834 1964 1883 mirum
2017 1832 2140 1883 illud
2186 1835 2331 1885 Statii
2381 1834 2543 1884 Theb.
2592 1836 2638 1895 4,
2688 1834 2808 1884 330:

655 1912 858 1959 Graeco
909 1909 1094 1969 mode,
1146 1912 1205 1958 ut
1245 1910 1432 1972 odyss.
1480 1905 1527 1972 ξ,
1570 1909 1691 1960 465τ
1768 1909 1913 1958 molle
1944 1911 2113 1959 sedens
2143 1911 2195 1958 in
2222 1911 2386 1973 plana
2419 1911 2697 1960 Cithaeron.

1378 2339 2103 2398 Excunsus

1591 2540 1667 2587 An
1702 2551 1752 2585 v.
1791 2537 1872 2587 ⁴5.

778 2659 856 2710 Ad
892 2658 1277 2720 definiendum,
1322 2672 1485 2722 quam
1519 2659 1791 2721 regionem
1822 2658 1974 2708 Iubae
2006 2659 2229 2709 tellurem
2259 2663 2413 2723 po‘eta
2450 2658 2720 2708 vocaverit
2754 2660 2808 2708 et

647 2748 827 2795 utrum
859 2743 1048 2794 Iubam
1079 2745 1289 2807 patrem
1312 2756 1379 2791 an
1414 2741 1577 2792 filium
1605 2740 1918 2792 intellexerit
1940 2744 1994 2791 et
2022 2755 2129 2804 quo
2152 2755 2290 2793 anno
2314 2756 2530 2793 carmen
2555 2743 2811 2807 scriptum

646 2828 729 2890 sit,
767 2828 977 2890 egregie
1013 2826 1135 2876 facit
1168 2827 1447 2876 Schroeteri
1481 2826 1764 2891 disputatio
1798 2827 1851 2875 in
1877 2827 2093 2888 Quaestt.
2119 2828 2314 2876 Horatt.
2343 2841 2396 2890 p.
2425 2826 2593 2884 3-8.;
2632 2839 2662 2876 e
2687 2825 2809 2889 qui-

649 2910 751 2961 bus
785 2912 919 2961 haec
952 2911 1211 2973 Excerpta
1247 2909 1510 2960 debemus
1544 2910 1748 2959 amicae
1783 2909 2095 2959 humanitati
2130 2910 2187 2959 C.
2228 2909 2419 2960 Halmii
2451 2910 2643 2959 nostri:

783 2992 944 3043 «Iuba
969 2995 1120 3057 patre
1154 2993 1223 3042 ad
1255 2994 1523 3057 Thapsum
1556 2992 1763 3043 devicto
1798 2994 1852 3042 et
1884 3006 2041 3043 caeso
2076 2993 2190 3045 eius
2224 3006 2446 3056 regnum
2480 2994 2550 3042 ita
2585 2992 2813 3044 divisum

650 3081 756 3135 est,
800 3079 862 3125 ut
893 3074 1136 3126 Numidia
1176 3076 1416 3140 propria,
1458 3076 1596 3125 inter
1628 3076 1844 3126 flumina
1881 3077 2106 3127 'fuscam
2141 3080 2196 3126 et
2227 3079 2547 3141 Ampsagam
2581 3077 2704 3135 sita,
2759 3075 2811 3125 in

648 3159 975 3225 provinciam
1008 3158 1226 3209 redacta
1259 3159 1462 3209 Africae
1497 3159 1802 3220 adderetur,
1841 3159 2003 3210 altera
2038 3174 2163 3225 pars
2198 3161 2267 3211 ad
2290 3173 2542 3211 occasum
2564 3161 2811 3224 porrecta

651 3244 864 3294 Boccho
899 3245 953 3293 et
983 3242 1183 3306 Bogudi
1217 3244 1522 3293 Maurorum
1554 3244 1883 3308 principibus
1919 3244 2234 3307 traderetur,
2273 3259 2338 3294 ex
2361 3244 2554 3308 quibus
2576 3245 2814 3295 Bocchus

653 3326 994 3379 Mauritaniae
1047 3326 1098 3377 in
1150 3326 1408 3376 orientem
1457 3328 1696 3389 vergenti
1745 3327 2067 3392 imperabat,
2130 3329 2313 3391 Bogud
2362 3328 2432 3379 ad
2482 3328 2813 3379 occidentem

654 3410 929 3476 spectanti.
1001 3411 1283 3472 Utramque
1317 3410 1519 3461 flumen
1547 3410 1792 3462 Mulucha
1826 3414 2045 3475 attingit.

786 3496 847 3544 Α.
886 3508 937 3543 u.
976 3506 1022 3542 c.
1061 3493 1173 3542 729.
1241 3491 1372 3543 Iuba
1406 3492 1542 3544 filius
1576 3494 1644 3544 ab
1680 3497 1914 3558 Augusto
1947 3510 2045 3561 pro
2067 3499 2235 3561 patrio
2259 3510 2421 3561 regno
2445 3499 2500 3547 et
2518 3498 2699 3560 partes
2723 3496 2815 3546 ali-

657 3582 786 3642 quot
835 3575 1100 3628 Gaetuliae
1143 3577 1347 3639 accepit
1382 3577 1494 3640 (Dio
1529 3579 1676 3629 Cass.
1714 3579 1804 3639 53,
1852 3580 1953 3642 26.)
1991 3582 2044 3629 et
2085 3582 2384 3630 universam
2427 3582 2809 3638 Mauritaniam,

658 3675 794 3725 quae
818 3661 1012 3712 Bocchi
1047 3663 1101 3710 et
1122 3659 1348 3723 Bogudis
1372 3660 1545 3711 fuerat
1568 3661 1754 3724 (strab.
1784 3662 1871 3722 ⁴7,
1909 3662 1956 3712 3.
1982 3676 2036 3727 p.
2064 3662 2216 3726 483.),
2254 3664 2396 3713 unde
2427 3664 2635 3714 Tacitus
2662 3665 2810 3726 (Ann.

658 3745 707 3805 4,
744 3746 812 3807 5.)
868 3742 1056 3794 Iubam
1097 3755 1282 3806 regem
1325 3746 1535 3796 Mauros
1578 3745 1777 3796 donum
1820 3747 2091 3810 accepisse
2126 3750 2181 3796 et
2212 3746 2405 3797 Plinius
2441 3746 2519 3809 (H.
2556 3749 2618 3796 N.
2656 3749 2706 3807 ὅ,
2746 3747 2812 3808 4.)

657 3829 889 3893 primum
922 3828 1132 3891 utrique
1157 3829 1495 3879 Mauritaniae
1529 3830 1874 3892 imperavisse
1899 3829 2038 3879 dicit.
2082 3829 2185 3880 Sed
2211 3830 2353 3893 quod
2377 3830 2563 3880 Strabo
2585 3830 2811 3894 scripsit,

659 3910 847 3961 iubam
883 3909 1025 3983 πρὸς
1057 3905 1127 3982 τῇ
1164 3908 1397 3982 πατρῴᾳ
1438 3925 1626 3975 regum
1668 3912 2069 3962 demortuorum
2112 3914 2167 3963 B.
2207 3916 2260 3963 et
2291 3914 2415 3976 Bog.
2453 3927 2614 3976 regna
2656 3927 2816 3964 acce—

657 3995 800 4059 pisse
817 4034 829 4056 ,
867 3993 949 4046 illa
985 3991 1218 4066 πατρῴα
1250 3989 1401 4067 ἀρχὴ
1426 3993 1550 4045 nihil
1576 3996 1659 4046 est
1680 3997 1778 4046 nisi
1799 4009 1925 4061 pars
1948 3997 2223 4047 Numidiae
2249 3997 2613 4058 occidentalis,
2652 4011 2815 4062 quam

663 4081 871 4130 mortuo
904 4080 1114 4129 Boccho
1156 4081 1421 4143 Augustus
1463 4080 1530 4130 de
1573 4078 1728 4131 bonis
1761 4081 1995 4144 paternis
2030 4081 2271 4131 restituit.
2343 4081 2488 4132 Haec
2519 4095 2644 4146 pars
2678 4082 2816 4132 inter

662 4163 862 4213 flumen
896 4161 1195 4214 Mulucham
1230 4165 1283 4212 et
1315 4165 1524 4227 portum
1559 4164 1921 4228 oppidumque
1957 4161 2167 4214 Seldam
2184 4153 2289 4216 sita
2313 4167 2444 4214 erat.
2487 4164 2674 4226 (Strab.
2702 4163 2739 4215 1.
2762 4179 2811 4215 e.

660 4260 712 4310 p.
753 4246 863 4296 484.
909 4245 1040 4306 1087.)
