3234 4975
1243 379 1359 428 LIB.
1399 379 1457 427 11.
1535 380 1595 427 (3.
1635 379 1671 427 l.

792 533 928 598 Non
973 531 1280 599 indecoro
1325 533 1591 621 pulvere
1637 532 1965 605 sordidos.

879 655 954 719 Et
996 665 1223 720 cuncta
1267 666 1582 721 terrarum
1627 653 1894 722 subacta

960 777 1223 842 Praeter
1268 785 1551 842 atrocem
1594 776 1878 842 animum
1923 777 2196 843 Catonis.

793 934 949 998 luno
997 944 1061 998 et
1105 931 1376 999 deorum
1421 935 1718 1023 quisq'uis
1763 936 2029 1002 amicior

792 1053 954 1118 Afris
998 1053 1196 1120 inulta
1236 1068 1523 1121 cesserat
1565 1056 1882 1143 impotens

520 1251 601 1302 24.
653 1254 886 1317 atrocem]
937 1255 1197 1304 Atrocitas
1248 1256 1299 1304 h.
1354 1254 1385 1304 Ι.
1440 1255 1492 1303 in

1633 1257 1713 1305 25.
1769 1256 1927 1315 Hinc,
1977 1257 2104 1304 satis
2147 1268 2270 1305 cum
2304 1255 2610 1319 praedicas-

454 1325 611 1376 laude
660 1327 874 1390 ponitur
896 1366 907 1387 ,
960 1329 1020 1376 ut
1067 1328 1209 1391 apud
1259 1326 1489 1378 luvenal.
1568 1332 1652 1380 set
1685 1329 1928 1379 Pollionis
1963 1329 2168 1389 laudeS,
2204 1332 2393 1380 transit
2425 1330 2492 1379 ad
2520 1329 2612 1379 de-

454 1402 515 1460 2,
555 1403 645 1450 u:
696 1401 905 1462 Hispida
952 1402 1176 1451 membra
1209 1404 1404 1463 quidem
1449 1408 1495 1452 et
1568 1404 1746 1454 flenda
1779 1403 2040 1454 bellorum
2076 1405 2494 1454 domesticorum
2518 1417 2610 1453 ca-

453 1477 612 1524 durac
649 1489 744 1537 per
786 1475 991 1525 brachia
1033 1481 1166 1525 setae
1195 1478 1495 1526 Promittant

452 1554 672 1598 atrocem
692 1551 942 1609 animm,
980 1548 1322 1608 bellicosum3
1359 1556 1498 1599 atro-

452 1637 557 1673 cem
593 1625 827 1673 virtutem
867 1624 996 1674 dixit
1037 1623 1189 1675 Silius
1235 1626 1322 1684 ⁴3,
1376 1626 1489 1675 369.

453 1699 707 1748 Ferocem
756 1700 910 1762 igitur
958 1699 1087 1749 dicit
1136 1701 1391 1750 Catonem
1442 1703 1495 1749 et

454 1773 869 1836 imperterritum
943 1777 1164 1838 propter
1236 1773 1493 1823 libertatis

453 1860 695 1898 amorem
746 1850 905 1911 atque
956 1850 1161 1898 virtutis
1211 1850 1496 1899 conscien-

453 1923 607 1983 tiam,
678 1936 781 1986 qua
850 1924 1015 1973 fretus
1081 1936 1140 1973 se
1194 1924 1492 1974 interficere

392 2043 397 2048 .
453 1997 637 2048 maluit
684 2012 845 2062 quam
896 1998 1209 2049 submittere
1258 2000 1488 2049 Caesari.

454 2072 625 2122 Minus
675 2074 822 2122 recte
858 2072 941 2123 alii
991 2073 1321 2136 interpretati
1371 2076 1496 2124 sunt

455 2146 523 2195 de
589 2148 800 2198 Catonis
865 2148 1125 2198 adversus
1180 2150 1493 2213 Pompeium

454 2223 805 2272 contumacia.
847 2249 902 2258 -
940 2224 1156 2287 Catonis]
1193 2223 1286 2271 Od.
1316 2225 1369 2281 4,
1411 2226 1491 2287 42,

451 2296 540 2345 35:
597 2310 667 2345 an
708 2297 909 2347 Catonis
950 2297 1124 2346 Nobile
1161 2297 1349 2347 letum?
1398 2300 1495 2347 Se·-

452 2383 588 2420 neca
622 2370 689 2419 de
714 2371 919 2421 Provid.
946 2372 1001 2419 2:
1037 2373 1151 2420 Non
1170 2373 1338 2432 video,
1376 2373 1495 2435 quid

452 2445 633 2496 habeat
677 2445 732 2495 iu
781 2447 927 2495 terris
973 2446 1196 2509 Iuppiter
1237 2448 1497 2509 pulchrius

453 2535 608 2583 quam
638 2526 695 2570 ut
724 2526 901 2583 spectet
935 2522 1169 2572 Catonem
1200 2524 1307 2572 iam
1331 2525 1497 2586 parti-

450 2596 540 2645 bus
570 2609 671 2645 non
703 2597 848 2645 smne!
884 2597 1061 2659 fractis
1100 2602 1313 2647 stantem
1343 2599 1495 2647 niltilo

450 2672 617 2720 mim
648 2670 779 2720 iuter
798 2672 977 2720 ruinas
999 2671 1226 2732 publicas
1246 2672 1497 2721 erectum?

450 2745 604 2804 Licet,
629 2746 809 2806 inquit,
835 2745 1005 2794 munia
1026 2746 1079 2794 in
1093 2747 1242 2794 unius
1258 2747 1497 2796 dicionem

450 2820 797 2878 concesserint.
845 2821 1189 2868 custodiantur
1229 2821 1499 2884 legionibus

451 2898 636 2954 terrac,
672 2894 909 2943 classibus
926 2893 1125 2956 maria,
1163 2895 1498 2944 Caesarianus

443 2973 624 3031 portus
675 2969 816 3018 miles
870 2968 1114 3030 obsideat,
1184 2969 1331 3029 Cata,
1399 2984 1497 3032 quo

449 3048 614 3104 aaut,
648 3043 805 3093 habet.
856 3042 1035 3094 Florus
1071 3044 1121 3105 4,
1158 3045 1206 3104 2,
1245 3045 1337 3093 70:
1376 3046 1498 3095 Cato

453 3118 664 3180 (Uticae)
713 3123 919 3180 accepta
954 3120 1186 3180 partium
1221 3120 1496 3183 (Scipionis

451 3195 509 3241 et
548 3191 711 3243 Iubae
755 3193 824 3243 ad
864 3195 1151 3257 Thapsum)
1197 3196 1337 3245 clade
1375 3196 1499 3244 nihil

449 3272 739 3329 cunctatus,
774 3274 833 3317 ut
863 3269 1082 3330 sapiente
1117 3270 1323 3332 digitium
1356 3276 1492 3331 crat,

447 3345 660 3390 mortem
703 3342 854 3391 etiam
896 3343 1056 3392 laetus
1097 3344 1292 3393 accivit.
1364 3345 1498 3394 Nam

442 3419 713 3477 postquam
751 3416 912 3479 filium
951 3418 1247 3479 comitesque
1278 3417 1342 3466 ab
1383 3432 1497 3468 am-

442 3489 603 3551 pleoeu
624 3490 833 3550 dimisit,
870 3492 923 3540 iu
944 3497 1084 3541 nocte
1105 3493 1228 3542 lecto
1250 3495 1318 3541 ad
1340 3494 1499 3542 lucer-

448 3577 572 3613 nam
603 3564 822 3614 matonis
849 3566 999 3626 libro,
1039 3568 1125 3628 qui
1147 3568 1498 3616 immortalita-

450 3644 548 3688 tem
575 3641 779 3689 duanae
799 3640 953 3702 docet,
984 3642 1269 3704 paullulum
1292 3643 1492 3703 quievit,

451 3718 558 3762 tum
603 3715 743 3763 circa
784 3716 1009 3776 primam
1051 3716 1281 3779 viyiliam
1326 3716 1496 3765 stricto

450 3787 621 3851 gladio
650 3790 924 3839 revelatum
954 3804 1113 3840 mauu
1147 3795 1321 3852 pectus
1351 3791 1497 3840 semel

450 3861 728 3924 itmwnque
762 3865 1021 3925 percussit.
1099 3865 1219 3914 Ausi
1255 3870 1370 3926 post
1406 3865 1496 3913 hoc

447 3936 626 3985 modici
665 3938 858 3987 vicimo
897 3940 1067 3988 vinem
1096 3939 1338 4002 fomitis.
1409 3939 1496 3988 Ille

441 4023 655 4073 passus,
714 4012 834 4061 dum
890 4013 1234 4074 abscederent,
1296 4013 1496 4062 rescidit

440 4087 651 4150 playa-5,
688 4092 951 4149 semitaque
979 4090 1056 4138 vis
1088 4090 1348 4153 sauguinis
1382 4102 1494 4138 mo-

447 4161 690 4212 ”bundas
727 4175 909 4212 manus
950 4165 1002 4212 iu
1041 4165 1149 4226 ipso
1178 4164 1378 4214 volnere
1408 4176 1496 4212 ro-

449 4236 605 4298 liquit.
646 4236 712 4299 (a.
751 4251 802 4287 u.
816 4250 877 4294 c.
905 4237 1038 4300 708)

1565 1479 1829 1529 lamitates
1852 1492 1915 1528 ac
1939 1477 2164 1538 scelera,
2193 1479 2245 1529 in
2269 1478 2463 1541 quibus
2484 1492 2611 1542 poe-

1567 1566 1692 1602 nam
1725 1552 1870 1602 videt
1905 1552 2152 1602 divinam.
2219 1554 2366 1602 Hanc
2401 1555 2606 1610 autem,

1566 1628 1776 1690 poetica
1833 1627 2128 1693 φαντασίᾳ
2178 1639 2337 1686 usus,
2395 1627 2612 1689 potissi-

1568 1714 1718 1751 mum
1761 1700 1942 1750 tribuit
1981 1702 2165 1751 Iunoni
2206 1699 2419 1750 terribili
2456 1702 2610 1751 Afro·-

1566 1789 1688 1825 rum
1742 1778 1902 1839 atque
1959 1776 2238 1838 Iugurthae
2299 1775 2488 1826 ultrici.
2551 1801 2606 1811 --

1566 1852 1688 1899 Iuno
1730 1849 1873 1913 apud
1914 1853 2101 1913 poetas
2143 1851 2355 1900 Latinos
2391 1853 2476 1900 est
2508 1850 2610 1898 dea

1566 1928 1790 1987 patrona
1824 1925 1937 1974 sive
1971 1937 2191 1987 praeses
2225 1924 2458 1983 Africae,‘
2488 1925 2610 1988 quia

1567 2010 1663 2048 sua
1708 2012 1831 2048 cum
1865 2000 2065 2048 lunone
2097 1999 2610 2061 Karthaginiensium

1566 2075 1837 2132 Astarten,
1891 2085 2027 2134 quae
2077 2073 2128 2122 in
2171 2070 2608 2135 Inscriptionibus

1566 2147 1729 2197 modo
1767 2148 2028 2197 INVICTA
2070 2147 2440 2206 CAELEST1S‚
2489 2160 2612 2196 mo—

1567 2222 1638 2271 do
1695 2222 1841 2272 IUNO
1893 2221 2235 2271 CAELESTIS
2284 2219 2607 2284 appellatur,

1568 2295 1980 2347 confundebant.
2023 2323 2078 2331 —
2116 2296 2336 2358 deorum]
2373 2295 2468 2344 Vix
2491 2308 2614 2344 cer-

1568 2374 1650 2421 tos
1673 2371 1934 2433 quosdam
1950 2370 2460 2432 Karthaginiensium
2479 2369 2612 2418 deos

1568 2446 1654 2495 hic
1703 2447 1882 2495 mente
1933 2442 2242 2508 complexus
2293 2447 2376 2495 est
2423 2445 2610 2508 poeta,

1569 2519 1870 2570 cuiusmodi
1905 2521 2056 2569 erant
2079 2519 2291 2583 proprie
2317 2518 2461 2578 Baal‚
2500 2520 2613 2568 Mo-

1568 2593 1718 2654 loch,
1763 2592 2034 2643 Melkarth.
2105 2592 2260 2656 Apud
2305 2592 2485 2643 Silium
2532 2592 2608 2651 (9,

1569 2669 1704 2730 439.)
1750 2671 1966 2731 praeter
2013 2670 2274 2724 Iunonem
2318 2669 2477 2717 etiam
2517 2667 2612 2717 Mi—

1570 2755 1735 2792 nerva
1771 2742 1912 2791 favet
1945 2743 2152 2792 Poenis.

1636 2817 1717 2866 26.
1771 2817 2024 2880 impotens]
2073 2817 2126 2865 h.
2165 2814 2197 2864 1.
2234 2818 2404 2879 prima
2451 2815 2615 2878 signi—

1571 2891 1833 2950 ficatione,
1875 2892 1996 2952 «qui
2025 2891 2275 2940 resistere
2301 2905 2406 2940 non
2428 2892 2615 2954 potue-

1571 2968 1691 3015 rant
1738 2967 1901 3015 armis
1950 2966 2199 3015 Romanis
2249 2979 2426 3029 neque
2478 2966 2612 3016 adeo

1570 3040 1753 3090 ulcisci
1777 3043 1947 3090 terras
1962 3079 1974 3102 ,
2012 3053 2149 3103 quae
2174 3040 2224 3089 in
2250 3041 2487 3103 ipsorum
2506 3041 2617 3090 sue-

1570 3119 1691 3166 rant
1739 3113 1917 3164 tutela.
1941 3134 1963 3158 »ι
2032 3116 2096 3165 Di
2146 3117 2327 3165 autem
2373 3117 2616 3165 excedunt

1571 3204 1637 3241 ex
1669 3189 1894 3239 urbibus
1929 3189 2161 3248 devotiS,
2200 3192 2344 3239 certa
2367 3189 2610 3251 formula,

1571 3278 1732 3328 quam
1758 3263 1913 3314 nobis
1936 3265 2167 3314 servavit
2188 3264 2485 3315 Macrobius
2503 3266 2608 3313 Sat.

1571 3340 1627 3399 3,
1673 3340 1744 3398 9.,
1790 3339 1996 3388 evocati.
2052 3339 2229 3402 Eurip.
2286 3338 2471 3388 Troad.
2527 3339 2610 3388 25.

1570 3417 1871 3478 Neptunus:
1908 3413 2100 3464 Λειπω
2122 3410 2189 3463 τὸ
2211 3409 2436 3463 κλεινὸν
2445 3407 2616 3461 Ἴλιον

1568 3485 1810 3554 βωμούς
1851 3491 1897 3537 τ’
1946 3485 2141 3554 ἐμούς.
2190 3489 2329 3551 Virg.
2374 3491 2504 3537 Aen.
2551 3489 2610 3546 2,

1571 3565 1694 3613 35⁴:
1735 3565 2004 3614 Excessere
2044 3577 2209 3613 ornnes
2230 3564 2394 3623 adytis
2414 3563 2617 3622 arisque

1568 3638 1756 3687 relictis
1788 3639 1872 3688 Di.
1942 3637 2097 3687 Silius
2131 3639 2189 3698 2,
2241 3637 2361 3686 36⁵:
2413 3636 2479 3684 Et
2510 3637 2618 3685 iam

1572 3715 1815 3763 damuata
1857 3713 1998 3762 cessit
2037 3712 2348 3773 Karthayinc
2389 3711 2611 3760 Mavors.

1569 3788 1732 3838 Tacit.
1772 3788 1902 3838 Hist.
1951 3788 2011 3846 5,
2059 3786 2151 3834 43:
2198 3786 2488 3846 Exapertae
2528 3800 2617 3836 ro—

1563 3868 1711 3924 pente
1743 3862 1933 3912 delubri
1965 3858 2460 3925 (Hierosolymitani)
2482 3862 2616 3924 fores

1569 3942 1615 3986 et
1649 3938 1827 3987 audita
1856 3937 2023 3985 maior
2053 3935 2277 3984 humana
2306 3949 2437 3996 vox,
2474 3949 2618 3985 cxco-

1569 4013 1685 4061 dere
1718 4013 1848 4060 deos,
1887 4010 1993 4060 Cir.
2031 4008 2328 4072 Wesseling
2361 4010 2430 4060 ad
2458 4010 2609 4060 Diod.

1569 4099 1622 4149 p.
1660 4086 1774 4134 587.
1816 4085 1892 4147 (V.
1932 4085 2173 4146 impotens
2206 4083 2289 4133 alii
2324 4083 2612 4149 explicant:

1569 4154 1829 4230 ἀκρατὴς
1880 4156 1984 4224 τῆς
2033 4152 2235 4231 ὀργῆς,
2294 4172 2482 4210 verum
2531 4160 2614 4210 vel

1570 4249 1704 4287 sono
1759 4235 2023 4286 artissime
2090 4235 2321 4298 iungitur
2382 4246 2506 4283 cum
2561 4247 2611 4282 v.
